2018 3183
231 49 311 87 132
965 62 1147 100 PLAVTI
1715 77 1729 104 Ι
1742 78 1768 112 1,
1788 79 1889 109 11-37

226 165 292 204 ubi
324 167 357 206 ei
389 168 577 208 dediderit
608 183 760 221 operas,
794 186 842 212 ne
873 174 974 214 hanc
1004 176 1067 216 ille
1098 178 1237 218 habeat
1269 193 1339 232 pro
1371 184 1510 224 ancilla
1541 187 1634 237 sibi;
1918 202 1955 234 45

226 245 313 271 nam
345 235 376 273 si
407 235 502 274 haec
532 236 670 277 habeat
701 251 837 279 aurum
872 243 975 292 quod
1007 244 1060 283 illi
1093 256 1330 297 renumeret,
1364 251 1475 292 saciat
1506 254 1661 296 lubens.

223 300 267 340 P.
291 300 523 342 Vbinuncis
534 304 716 345 homost?
751 307 796 347 B.
821 308 899 348 lam
911 310 972 350 hic
983 312 1100 351 credo
1112 314 1246 354 aderit.
1269 317 1534 360 sedhocidem
1545 325 1646 375 apud
1660 338 1732 366 nos
1743 329 1886 369 rectius

222 368 370 418 poteris
400 381 536 419 agere3
570 379 686 423 atque
717 374 749 414 is
779 375 871 415 dum
903 379 1043 427 veniat,
1075 382 1216 422 sedens
1247 383 1298 422 ibi
1332 387 1577 437 opperibere.

222 434 354 472 eadem
385 435 543 484 biberis,
576 440 707 479 eadem
741 442 886 483 dedero
918 446 999 494 tibi,
1032 447 1097 487 ubi
1129 448 1286 499 biberis,
1318 454 1477 494 savium.

221 501 264 540 P.
294 501 430 542 Viscus
450 516 582 545 merus
602 514 768 549 vostrast
790 510 988 552 blanditia.
1023 514 1069 556 B.
1102 516 1202 562 Quid
1226 518 1329 558 iam?
1365 521 1409 562 P.
1443 522 1540 568 Quia
1560 526 1664 565 enim
1686 528 1884 583 intellego,
1916 539 1953 572 50

221 568 319 608 duae
350 582 473 610 unum
505 574 683 625 expetitis
714 578 949 628 palumbem,
981 591 1004 622 ÷
1037 584 1134 634 perii
1166 585 1344 626 harundo
1376 589 1453 629 alas
1483 591 1672 633 verberat.

220 648 300 675 non
334 650 405 689 ego
438 640 537 680 istt'ic
570 642 720 683 facinus
752 646 856 693 mihi,
888 649 1040 696 mulier,
1073 653 1319 694 conducibile
1353 669 1435 697 esse
1466 659 1647 699 arbitror.

218 703 378 745 BACCH.
396 706 484 755 Qut,
502 709 670 749 amabo?
691 712 803 753 P1sT.
823 715 934 763 Quia,
953 717 1126 766 Bacchis,
1146 720 1309 762 bacchas
1326 733 1458 764 metuo
1477 733 1515 766 et
1532 727 1743 770 bacchanal
1761 738 1881 772 tuom.

217 770 376 813 BACCH.
421 774 522 820 Quid
545 776 632 816 est?
663 780 753 830 quid
778 782 947 822 metuis?
979 797 1029 824 ne
1051 786 1118 825 tihi
1142 787 1265 828 lectus
1286 790 1468 831 malitiam
1490 796 1590 845 apud
1614 809 1675 836 me
1697 799 1882 840 suadeat?
1928 790 1933 794 ’

217 838 325 880 PIST.
378 841 499 892 Magis
530 843 701 885 illectum
735 855 841 887 tuom
874 863 987 901 quam
1021 853 1162 893 lectum
1195 863 1338 896 metuo.
1390 860 1487 899 mala
1520 869 1560 900 tu
1592 876 1632 904 es
1662 864 1797 906 bestia.
1913 876 1958 925 55Ι

218 918 307 945 nam
340 908 431 947 huic
462 912 573 950 aetati
607 926 687 952 non
721 917 917 965 conducit,
950 920 1102 967 mulier,
1135 922 1352 965 latebrosus
1383 927 1503 967 locus.

214 973 374 1016 BACCH.
426 977 602 1028 Egomet,
634 983 736 1032 apud
768 996 829 1023 me
860 984 939 1039 (si)
971 988 1062 1038 quid
1095 991 1211 1029 stulte
1243 993 1372 1032 facere
1404 996 1549 1047 cupias,
1582 999 1822 1049 prohibeam.

215 1041 281 1079 sed
313 1054 385 1093 ego
416 1046 518 1095 apud
550 1059 611 1086 me
642 1055 678 1087 te
713 1063 795 1090 esse
828 1052 877 1090 oh
910 1066 992 1092 eam
1024 1068 1119 1103 rem,
1154 1059 1264 1098 miles
1295 1073 1383 1099 cum
1417 1063 1556 1111 veniat,
1588 1067 1685 1114 volo,

215 1109 316 1158 quia,
348 1122 438 1149 cum
471 1118 511 1152 tu
543 1114 680 1163 aderis,
713 1118 804 1157 huic
834 1121 1009 1172 mihique
1039 1124 1142 1163 haud
1174 1126 1288 1166 faciet
1319 1129 1524 1181 quisquam
1555 1133 1754 1174 iniuriam:

213 1181 254 1214 tu
285 1177 524 1227 prohibebis,
557 1188 594 1221 et
625 1184 758 1224 eadem
792 1199 909 1238 opera
941 1196 1008 1229 tuo
1040 1193 1161 1231 sodali
1193 1207 1351 1245 operam
1384 1197 1516 1247 dabis;
1909 1213 1947 1246 60

212 1248 249 1282 et
278 1244 342 1283 ille
373 1245 584 1289 adveniens
616 1257 720 1291 tuam
754 1256 840 1294 med
873 1269 957 1296 esse
988 1260 1148 1299 amicam
1181 1263 1457 1314 suspicabitur.

211 1311 316 1362 quid,
347 1313 497 1360 amabo,
530 1316 757 1366 opticuisti'?
814 1320 924 1362 P1sT.
976 1323 1074 1369 Quia
1105 1326 1223 1365 istaec
1255 1327 1379 1379 lepida
1411 1337 1504 1370 sunt
1535 1336 1786 1375 memoratui:

209 1379 342 1419 eadem
374 1382 413 1421 in
447 1395 518 1422 usu
550 1389 665 1434 atque
698 1385 764 1425 ubi
795 1390 985 1439 periclum
1017 1393 1145 1441 facias,
1177 1396 1347 1435 aculeata
1380 1405 1483 1445 sunt,

209 1448 383 1487 animum
415 1450 599 1501 fodicant,
632 1453 736 1492 bona
768 1455 1022 1507 distimulant‚
1055 1462 1151 1500 facta
1182 1469 1220 1501 et
1250 1464 1387 1504 samam
1420 1468 1608 1508 sauciant.

208 1512 306 1553 SOR.
329 1513 429 1559 Quid
448 1514 495 1554 ab
513 1516 584 1555 hac
601 1517 772 1559 metuis?
799 1520 908 1563 PIST.
927 1523 1027 1569 Quid
1046 1538 1118 1577 ego
1138 1534 1306 1567 metuam
1323 1531 1496 1582 rogitas?
1513 1535 1741 1578 adulescens
1758 1538 1874 1579 homo
1904 1552 1941 1584 65

208 1586 414 1631 penetrem
445 1595 505 1622 me
537 1584 651 1624 huius
683 1587 788 1626 modi
821 1589 858 1628 in
891 1591 1134 1642 palaestram,
1167 1595 1233 1634 ubi
1264 1597 1414 1638 damnis
1445 1601 1742 1645 desudascitur?

208 1643 291 1702 [ubi
321 1662 392 1700 pro
425 1651 532 1690 disco
564 1653 748 1693 damnum
781 1658 943 1709 capiam,
975 1673 1046 1712 pro
1079 1674 1239 1702 cursura
1271 1665 1482 1724 dedecus7]

205 1714 366 1757 BACCH.
416 1718 560 1770 Lepide
583 1733 789 1764 memoras.
839 1726 948 1768 PIST.
991 1729 1061 1768 Vbi
1084 1743 1154 1782 ego
1178 1733 1325 1784 capiam
1350 1748 1421 1787 pro
1444 1739 1645 1778 machaera
1668 1747 1872 1790 turturem,

206 1779 368 1835 [ubique
398 1785 571 1838 imponat
604 1789 640 1827 in
675 1803 831 1831 manum
864 1796 961 1835 alius
993 1797 1085 1836 mihi
1117 1811 1189 1850 pro
1221 1808 1327 1841 cestu
1359 1803 1602 1862 cantharum]

203 1863 276 1902 pro
308 1853 414 1904 galea
447 1856 663 1906 scaphium,
697 1871 768 1910 pro
801 1862 945 1915 insigni
976 1865 1025 1904 sit
1056 1867 1200 1906 corolla
1230 1869 1409 1920 plectilis,
1902 1891 1940 1923 το

316 1964 359 1996 45
386 1963 566 2000 dediderit
589 1967 640 2010 cf.
671 1969 741 2009 93,-
771 1970 912 2007 dederit
935 1986 970 2016 ς,
999 1975 1100 2019 quod
1128 1987 1203 2011 rem
1227 1989 1301 2013 non
1325 1981 1415 2016 satis
1438 1982 1643 2028 siqnificat;
1672 1987 1765 2031 fort.
1789 1990 1870 2025 red-

202 2017 334 2052 diderit
426 2030 553 2064 operas
577 2023 629 2066 cf.
653 2026 753 2059 Asin.
777 2028 854 2069 721,
882 2028 951 2064 Cic.
979 2031 1028 2065 ad
1049 2032 1124 2067 Act.
1146 2034 1179 2075 6,
1196 2036 1234 2076 2,
1255 2036 1277 2069 6
1301 2036 1351 2071 ad
1370 2037 1462 2081 fam.
1479 2040 1538 2082 16,
1554 2041 1615 2083 10,
1632 2044 1659 2076 2
1683 2045 1737 2085 (tu
1755 2045 1869 2082 Musis

199 2073 335 2108 nostris
348 2085 439 2119 para
452 2079 492 2111 ut
506 2087 634 2122 operas
647 2081 793 2124 reddas)
873 2087 917 2118 46
931 2087 1022 2121 haec
1036 2088 1066 2122 si
1081 2088 1115 2123 B
1196 2093 1237 2125 47
1254 2093 1361 2128 credo
1377 2094 1496 2130 aderit
1507 2095 1566 2132 hic
1581 2097 1616 2132 B
1689 2103 1731 2136 49
1744 2102 1870 2138 eadem

202 2128 302 2164 bibes
327 2131 451 2166 eadem
475 2132 542 2168 tibi
561 2134 693 2172 dedero
720 2139 856 2174 savium
883 2140 1069 2179 Charisius
1092 2146 1173 2180 209
1304 2152 1344 2184 51
1373 2150 1466 2186 duae
1490 2171 1534 2178 —
1557 2154 1762 2198 palumbem
1786 2158 1866 2194 item

198 2184 343 2220 Nonius
365 2188 438 2222 219
543 2195 679 2226 cantum
704 2195 797 2238 perii
821 2203 1030 2244 corruptum
1055 2201 1207 2237 videtur.
1237 2216 1351 2249 prope
1375 2205 1595 2245 Rz‘tschelius
1612 2212 1866 2257 probabiliter,

197 2245 239 2276 ut
262 2240 363 2277 Pers.
391 2245 487 2285 810,·
511 2256 542 2281 v.
561 2247 584 2281 ἱ.
602 2247 652 2282 ad
666 2250 761 2284 1160
855 2255 895 2287 53
922 2255 999 2298 qui:
1027 2257 1113 2300 quid
1138 2258 1174 2293 B
1277 2261 1402 2297 bachis
1427 2263 1574 2309 bachas,
1599 2271 1638 2300 ut
1661 2268 1777 2304 solent

196 2297 375 2334 bachanal
395 2298 455 2335 CD
548 2306 591 2337 54
608 2306 692 2349 quid
709 2310 764 2342 est
781 2310 876 2352 quod
895 2311 1016 2355 vulyo,
1043 2314 1091 2358 cfi
1112 2313 1316 2361 Seyfferms
1332 2318 1369 2352 in
1388 2318 1496 2354 Burs.
1515 2327 1583 2357 act.
1598 2324 1712 2369 1890,
1728 2327 1774 2361 54

196 2357 238 2388 55
263 2358 303 2390 tu
327 2366 382 2391 es:
409 2368 446 2392 es
470 2360 511 2393 tu
536 2370 573 2394 es
597 2360 658 2403 B¹,
684 2373 728 2397 ac
750 2364 915 2400 similiter
939 2368 1064 2410 multa,
1088 2371 1139 2413 cf.
1161 2373 1325 2408 80.160.
1343 2376 1429 2417 198,
1449 2375 1619 2414 Goetze·us
1636 2383 1762 2426 praef.
1784 2394 1823 2429 p.
1846 2387 1869 2419 7

194 2410 279 2446 adn.
373 2415 414 2446 57
432 2412 635 2459 Pe'stocleri‚
660 2429 754 2455 corr,
780 2420 986 2458 Saracenas
1086 2426 1164 2470 (si)
1190 2429 1418 2466 Camerarius
1517 2437 1558 2469 58
1585 2437 1648 2471 sed
1673 2438 1719 2472 C:
1742 2440 1776 2474 A
1800 2441 1863 2476 sed

194 2467 266 2502 BD
290 2469 336 2509 (A
352 2480 381 2504 s.
406 2481 437 2505 v.
456 2470 503 2513 D)
596 2477 638 2509 59
663 2475 808 2512 adderis
825 2478 876 2512 B¹
970 2483 1012 2515 60
1037 2483 1188 2519 eandem
1214 2485 1265 2520 B¹
1358 2491 1396 2522 61
1424 2500 1480 2524 me
1497 2489 1534 2524 B
1625 2495 1668 2528 64
1692 2494 1861 2532 destimu-

193 2523 270 2559 lant
289 2524 339 2558 B¹
427 2532 514 2573 post
537 2532 580 2565 64
604 2531 737 2577 leqitur
761 2544 791 2569 v.
823 2535 877 2576 73,
903 2536 1030 2572 iterum
1055 2549 1122 2574 suo
1147 2540 1240 2577 loco.
1280 2542 1338 2579 ln'c
1355 2546 1552 2591 ascriptum
1570 2559 1645 2584 esse
1661 2551 1706 2586 ab
1731 2562 1773 2587 eo
1799 2554 1862 2598 qui

193 2590 224 2614 r.
246 2581 388 2616 65-72
412 2584 531 2620 omitti
551 2587 656 2622 vellet
671 2591 824 2625 coniecit
842 2590 1014 2628 Goetzius
1106 2600 1148 2631 65
1166 2597 1196 2631 E
1215 2600 1251 2633 et
1275 2600 1360 2644 quid
1378 2601 1413 2635 B
1504 2604 1609 2640 homo
1634 2606 1860 2654 adulescens,

192 2645 286 2671 corr.
306 2637 461 2674 Botlzz'us
553 2645 595 2677 66
611 2649 796 2689 penetrem
812 2658 868 2683 me
890 2649 1063 2685 Boacias:
1078 2657 1271 2697 penetrare
1364 2656 1531 2694 Donatus
1546 2659 1693 2697 Plzorm.
1709 2665 1744 2706 3,
1755 2666 1787 2708 1,
1804 2668 1860 2702 20

191 2690 344 2729 Plautus
368 2696 414 2730 ad
439 2698 516 2733 sine
540 2710 562 2734 a
586 2701 746 2745 palestra
771 2704 833 2738 ubi
858 2705 1003 2742 demens
1028 2709 1282 2747 desudascitur
1305 2712 1454 2757 (Oxou.)
1546 2719 1587 2751 67
1619 2718 1750 2756 delevit
1771 2722 1858 2759 Rib-

191 2746 336 2784 beeleius
362 2755 485 2798 praef.
512 2755 629 2792 Stichi
650 2758 693 2794 R.
716 2771 754 2805 p.
772 2762 820 2795 18
911 2765 953 2798 69
978 2763 1106 2800 delevit
1133 2766 1374 2804 Buechelerus
1396 2771 1433 2805 in
1467 2771 1516 2806 W
1515 2773 1675 2820 oelfslim'
1695 2778 1795 2814 arch.
1818 2782 1856 2822 2,

192 2804 261 2838 117
351 2811 392 2842 70
416 2811 558 2853 pectilis
585 2813 619 2848 B
