1998 3179
67 102 81 130 1
99 103 126 136 3,
140 102 236 130 48-11
254 102 326 159 1434
783 98 1022 136 CVRCVLIO
1649 97 1727 134 317

69 216 305 256 aeditumum
335 215 486 267 aperire
516 215 650 253 fanum
685 227 705 250 a<
738 224 816 263 quo
847 225 987 264 usque,
1019 224 1174 264 quaeso,
1207 211 1252 251 ad
1283 212 1388 251 hunc
1419 211 1578 251 modum

69 283 172 322 inter
202 294 275 321 uos
305 293 439 321 amore
470 286 626 320 utemur
656 291 811 331 semper
839 277 1103 332 surrepticio?
1743 286 1796 317 205

68 350 235 389 ΡΗΑΕΙ).
286 348 455 396 Minime,
487 360 576 386 nam
608 346 818 398 parasitum
847 347 932 386 misi
964 347 1269 398 nudiusquartus
1301 346 1449 386 Cariam

68 422 202 467 petere
233 421 451 466 argentum,
482 415 514 454 is
544 414 658 454 hodie
688 412 751 452 hic
781 413 919 452 aderit.
978 413 1112 452 PLAN.
1162 413 1331 452 Nimium
1363 412 1561 452 consultas
1592 412 1670 450 diu.

68 483 236 522 PHAED.
286 482 342 521 Ita
373 494 434 520 me
465 482 597 520 Venus
627 486 741 527 amet,
773 487 815 519 ut
845 491 916 530 ego
947 488 985 519 te
1008 481 1082 519 hoc
1103 480 1272 519 triduom
1304 492 1519 531 numquam
1549 479 1672 518 sinam

69 549 110 589 in
141 549 256 587 domo
288 561 373 589 esse
403 549 509 594 istac,
543 548 638 599 quin
671 559 742 597 ego
774 554 812 586 te
843 547 1042 586 liberalem
1074 546 1249 587 liberem.

67 616 199 656 PLAx.
250 615 383 655 Facito
413 621 456 654 ut
486 614 723 653 memineris.
782 620 873 653 tene
895 614 1022 661 etiam,
1054 613 1162 664 prius
1183 626 1299 664 quam
1321 614 1413 653 hinc
1434 614 1544 661 abeo,
1566 614 1726 652 savium.
1742 620 1796 652 210

69 683 236 723 PHAED.
269 682 468 733 Siquidem
486 681 616 720 hercle
635 681 727 720 mihi
745 693 910 732 regnum
929 680 1055 727 detur,
1072 693 1285 731 numquam
1304 680 1340 719 id
1357 681 1487 732 potius
1503 692 1726 732 persequar.

69 751 222 803 quando
255 762 327 800 ego
359 756 397 787 te
427 746 595 788 videbo?
654 748 787 788 PLAN.
837 747 909 785 Em
942 747 1039 786 istoc
1071 747 1188 786 verbo
1219 748 1429 786 vindictam
1459 760 1572 799 para:

69 819 100 856 si
132 829 246 864 amas,
281 829 378 862 eme,
412 829 460 855 ne
492 815 649 867 rogites,
680 815 794 853 facito
827 821 869 853 ut
898 815 1025 866 pretio
1058 815 1261 866 pervincas
1291 821 1373 853 tuo,

68 883 169 923 bene
200 884 294 923 valo.
355 883 523 922 PHAED.
574 882 706 920 Iamne
737 894 808 933 ego
841 880 1076 932 relinquor?
1108 882 1255 933 pulcre,
1288 882 1482 929 Palinure,
1515 883 1651 922 occidi.

68 951 169 992 PAL.
199 950 281 1002 Ego
300 951 468 1002 quidem,
488 950 552 1001 qui
565 949 828 1000 etvapulando
841 955 1026 988 etsomno
1044 962 1176 1002 pereo.
1208 950 1375 989 Pfflnn.
1406 950 1797 1001 Sequereme.—·215

749 1072 1059 1112 CAPPADOX
1629 1074 1673 1112 Π
1708 1077 1726 1112 1

340 1141 506 1191 Migrare
538 1145 726 1179 certumst
755 1140 828 1178 iam
861 1152 968 1178 nunc
999 1153 1019 1179 e
1051 1141 1142 1178 sano
1173 1140 1288 1185 foras,

339 1207 495 1259 quando
527 1206 733 1257 Aesculapi
766 1206 815 1245 ita
847 1207 973 1246 sentio
1004 1207 1251 1254 sententiam,

338 1281 380 1314 ut
410 1275 477 1326 qui
507 1287 569 1313 me
602 1274 711 1312 nihili
743 1274 856 1313 faciat
887 1286 959 1313 nec
989 1275 1134 1313 salvom
1166 1274 1265 1313 velit.

339 1341 516 1380 valetudo
548 1341 748 1388 decrescit,
782 1341 971 1381 adcrescit
1001 1341 1131 1389 labor;

341 1421 429 1447 nam
462 1409 536 1447 iam
569 1408 678 1459 quasi
709 1420 806 1447 zona
838 1409 939 1448 liene
971 1409 1124 1447 cinctus
1156 1406 1324 1452 ambulo,
1743 1426 1799 1457 220

344 1475 522 1526 geminos
553 1475 591 1514 in
624 1482 761 1514 ventre
792 1475 936 1514 habere
966 1475 1098 1513 videor
1128 1474 1241 1514 filios.

341 1543 396 1582 nil
427 1549 557 1582 metuo
592 1542 664 1582 nisi
698 1555 747 1581 ne
778 1543 927 1582 medius
957 1543 1179 1593 disrumpar
1209 1543 1337 1581 miser.

735 1632 911 1671 PALIN
917 1632 1067 1672 VRVS

342 1700 381 1739 Si
412 1706 518 1739 recte
549 1700 677 1747 facias,
711 1700 964 1747 Phaedrome,
997 1700 1192 1740 auscultes
1223 1700 1317 1738 mihi

339 1773 454 1818 atque
486 1767 597 1807 istam
630 1767 814 1806 exturbes
846 1780 891 1806 ex
923 1768 1053 1806 animo
1086 1767 1382 1819 aegritudinem.

339 1847 467 1886 paves,
499 1834 691 1886 parasitus
723 1835 810 1885 quia
843 1847 923 1874 non
956 1835 1071 1874 rediit
1103 1835 1233 1874 Caria:
1742 1840 1798 1871 225

339 1901 494 1941 adferre
525 1908 729 1953 argentum
762 1903 900 1951 credo;
934 1915 1022 1941 nam
1055 1903 1086 1942 si
1119 1916 1199 1941 non
1232 1904 1344 1947 serat,

340 1975 536 2008 tormento
570 1983 649 2008 non
682 1970 843 2009 retineri
875 1970 1002 2021 potuit
1032 1971 1173 2017 ferreo,

337 2036 432 2086 quin
464 2037 659 2088 reciperet
689 2050 730 2076 se
761 2038 838 2076 huc
870 2049 979 2077 esum
1012 2037 1058 2075 ad
1090 2049 1317 2089 praesepem
1349 2049 1470 2077 suam.

337 2103 410 2143 CA.
443 2103 538 2149 Quis
559 2104 622 2143 hic
640 2110 697 2144 est
718 2105 784 2155 qui
800 2104 1000 2155 loquitur?
1049 2105 1124 2145 Pi.
1143 2103 1319 2150 ,Quoiam
1335 2116 1469 2143 vocem
1491 2118 1563 2157 ego
1584 2102 1729 2144 audio?

180 2240 246 2272 204
269 2237 429 2273 edituum
454 2236 574 2278 codd„
606 2238 706 2284 quod
731 2243 827 2275 certe
857 2239 975 2275 Varro
999 2239 1101 2286 apud
1122 2239 1294 2274 Plautum
1318 2249 1392 2273 non
1418 2237 1524 2284 leqz'l,
1549 2239 1599 2283 cf.
1625 2238 1668 2272 de
1693 2249 1731 2273 ro

67 2304 96 2328 r.
120 2294 153 2336 1,
173 2295 212 2336 2,
233 2294 266 2335 1,
293 2291 428 2328 Gellius
443 2295 502 2335 12,
519 2295 580 2336 10,
597 2296 620 2329 4
712 2295 896 2331 aedituum
920 2296 1123 2342 (arbitror)
1156 2294 1321 2331 Gertzz'us
1340 2299 1428 2341 post
1451 2294 1731 2335 Fleckez‘senum,

67 2350 177 2386 eiecto
209 2360 413 2394 quousque,
447 2350 546 2396 quod
575 2362 663 2386 sane
693 2362 766 2386 non
793 2353 935 2397 patitur
964 2362 1176 2397 responsum
1207 2363 1237 2387 v.
1263 2353 1344 2385 206
1367 2349 1431 2395 (cf.
1467 2350 1655 2395 Vssinqius
1685 2350 1733 2384 acl

67 2406 167 2442 Asin.
200 2408 307 2447 878),
339 2405 404 2441 sed
437 2406 693 2453 interpolatum
723 2418 799 2442 esse
835 2419 908 2443 non
943 2407 1133 2454 probabile
1163 2412 1237 2448 esst
1271 2409 1361 2452 fort.
1398 2407 1575 2441 decurtate·
1608 2416 1732 2441 versus

69 2461 179 2497 tales:
202 2462 423 2498 aeditumum
446 2463 588 2507 aperire
605 2463 729 2498 fanum
752 2464 883 2509 <quom
899 2464 1092 2500 inlucescit
1108 2463 1302 2508 arbitror.)
1318 2475 1388 2508 quo
1406 2473 1518 2507 usque
1535 2472 1667 2506 quaeso
1684 2463 1732 2497 ad

68 2519 165 2553 hunc
187 2518 330 2553 modum
353 2518 430 2563 <hic
454 2529 520 2554 nos
545 2520 797 2555 conveniemus
822 2520 1072 2564 clanculum‘?>
1166 2523 1230 2554 205
1255 2520 1407 2561 utimur,
1433 2528 1526 2553 corr.
1551 2517 1642 2552 Pc'zcs

69 2575 134 2608 210
158 2574 274 2609 habeo
301 2573 332 2608 V
332 2573 368 2609 E
458 2578 523 2610 212
547 2577 628 2610 hem
721 2576 770 2621 cf.
792 2576 996 2612 Gronovius
1019 2576 1138 2619 (Most.
1159 2577 1240 2613 591)
1327 2577 1390 2609 215
1414 2575 1483 2609 PH.
1505 2585 1653 2618 sequere
1676 2586 1731 2610 me

69 2639 136 2663 om.
162 2629 197 2664 B
289 2640 459 2666 CAPADox
481 2642 577 2667 Leno
603 2642 735 2668 snnvvs
769 2631 889 2666 VEB2
980 2635 1045 2666 218
1071 2632 1155 2676 quid
1185 2630 1253 2665 VE
1343 2633 1407 2665 220
1432 2630 1550 2666 cintus
1576 2629 1645 2664 VE

69 2687 134 2720 222
159 2686 363 2731 dirrumpam
395 2686 435 2728 V,
460 2687 646 2734 dirumpar
672 2687 708 2722 Ε
797 2691 862 2723 225
886 2688 981 2723 redit
1004 2687 1039 2723 B
1134 2690 1197 2722 228
1223 2696 1365 2721 cessum
1388 2687 1532 2722 Nonius
1555 2688 1650 2728 218,
1677 2690 1732 2722 est

69 2750 150 2776 cum
175 2740 315 2777 Charisi
338 2742 392 2777 ecl.
414 2743 533 2788 prino.
558 2755 607 2779 ex
624 2744 798 2780 Bobiensz'
886 2754 1087 2788 praesepen
1111 2754 1213 2778 suam
1234 2742 1420 2779 Cleare'sius
1445 2744 1502 2786 59,
1527 2743 1731 2788 praesepim

70 2806 170 2832 suam
186 2796 340 2841 Nonius,
365 2803 517 2843 uterque
541 2810 655 2844 oenus
680 2803 867 2835 testantes:
890 2810 1101 2844 praesepem
1125 2803 1201 2843 (-pe
1220 2799 1267 2842 B)
1291 2810 1394 2835 suum
1485 2799 1535 2844 cf.
1560 2799 1636 2845 frq.
1662 2800 1729 2834 inc.

73 2852 122 2887 60
141 2852 180 2888 G.
252 2856 316 2888 229
341 2865 406 2898 ego
424 2865 491 2889 om.
517 2854 585 2890 VE
