1920 3173
757 958 1084 999 PRAEFATIO

202 1073 325 1112 Plauti
356 1072 572 1112 fabularum
605 1073 678 1112 sata
711 1085 809 1124 quae
840 1085 912 1124 per
941 1071 1182 1123 antiquitatis
1202 1078 1377 1123 tempora
1410 1070 1555 1109 suerint
1586 1070 1747 1122 exposui

90 1142 128 1181 in
162 1141 262 1180 libro
295 1141 565 1193 quaestionum
588 1141 869 1180 plautinarum.
920 1140 982 1179 hic
1013 1140 1059 1178 de
1091 1139 1291 1179 codicibus
1321 1138 1491 1178 breviter
1522 1137 1746 1177 memorabo

90 1209 232 1261 quibus
263 1221 362 1260 opus
391 1209 542 1248 videtur
573 1215 615 1248 ut
645 1221 752 1248 meae
783 1208 1045 1248 adnotationis
1076 1208 1173 1247 ratio
1204 1207 1455 1260 percipiatur.

201 1277 372 1315 Duarum
406 1277 619 1315 editionum
656 1277 902 1327 antiquarum
931 1275 1018 1314 XXI
1051 1275 1266 1314 fabularum
1305 1275 1482 1326 corporis
1512 1274 1559 1313 ΙΙ.
1589 1274 1649 1312 vel
1679 1273 1745 1312 Ill.

88 1357 126 1396 p.
151 1344 239 1384 Chr.
271 1343 425 1383 saeculo
458 1345 645 1383 factarum
677 1344 841 1395 singulis
872 1343 1158 1395 exemplaribus
1188 1344 1354 1389 utimur,
1385 1343 1547 1383 alterius
1577 1341 1745 1381 Ambro-

87 1413 196 1452 siano
228 1412 303 1462 (A),
335 1411 507 1459 alterius,
540 1418 581 1451 ut
611 1411 740 1451 dicere
771 1412 1059 1458 consuevimus,
1094 1411 1265 1450 Palatino
1297 1411 1373 1461 (P).

199 1479 445 1519 Ambrosiani
486 1479 629 1519 codicis
660 1480 897 1531 palimpsesti
938 1480 1190 1530 reliquiarum
1237 1479 1491 1531 apographon
1534 1479 1744 1530 publicavit

86 1546 380 1587 Studemundus
409 1559 441 1586 a.
467 1548 595 1596 18893
626 1548 737 1587 cuius
758 1547 970 1600 apographi
992 1548 1079 1587 fidei
1102 1547 1318 1586 adhibenda
1349 1553 1441 1586 sunt
1462 1547 1605 1586 Loewii
1637 1547 1743 1586 testi-

86 1614 214 1654 monia
247 1627 289 1654 ea
321 1627 420 1666 quae
451 1627 538 1654 cnm
571 1615 655 1667 ipso
697 1616 830 1655 codice
861 1617 1042 1655 conferre
1074 1616 1343 1655 Studemundo
1377 1628 1455 1654 non
1488 1615 1671 1663 licuerat,
1703 1615 1742 1653 in

86 1682 204 1721 Milite
235 1683 486 1734 praesertim;
525 1683 572 1722 de
604 1683 780 1722 Poenulo
812 1683 1004 1723 Pseudolo
1036 1684 1168 1723 Sticho
1200 1684 1283 1723 vide
1314 1695 1447 1735 apogr.
1479 1696 1516 1734 p.
1541 1684 1634 1724 495.
1695 1683 1742 1722 de

84 1750 253 1790 lectione
275 1750 421 1790 codicis
443 1751 493 1789 ita
515 1751 646 1790 rettuli
669 1758 711 1789 ut
732 1757 879 1803 puncto
902 1752 1116 1791 notaverim
1146 1751 1294 1790 litteras
1324 1764 1420 1802 quas
1449 1751 1743 1790 Studemundus

86 1818 143 1857 vel
164 1825 315 1870 puncto
346 1819 405 1858 vel
427 1819 745 1870 interrogationis
767 1820 879 1871 signo
912 1820 970 1859 vel
991 1827 1159 1871 utroque
1181 1820 1349 1859 incertas
1371 1832 1454 1859 esse
1486 1826 1552 1859 aut
1577 1832 1740 1870 quarum

85 1886 172 1926 loco
204 1887 295 1926 alias
316 1886 465 1926 litteras
497 1887 632 1926 eodem
664 1888 748 1927 iure
772 1888 923 1927 enotari
944 1888 1116 1939 potuisse
1138 1888 1320 1927 indicavit
1350 1889 1499 1939 (apogr.
1522 1900 1559 1939 p.
1581 1887 1740 1937 XXXI);

87 1954 241 1993 Loewio
272 1954 339 1994 ubi
361 1955 526 1994 certiora
548 1955 625 1994 visa
648 1961 740 1995 sunt
762 1968 860 2006 quae
883 1955 1154 1995 Studemundo
1177 1956 1386 1995 incertiora
1408 1961 1474 1994 aut
1494 1955 1560 1994 ubi
1583 1955 1739 1994 Loewio

83 2035 272 2074 apparere
309 2023 386 2062 visa
426 2035 525 2074 quae
565 2036 644 2062 non
692 2030 955 2075 apparuerant
995 2024 1291 2071 Studemundo‚
1332 2024 1441 2063 facile
1484 2030 1565 2062 erat
1604 2035 1740 2062 eorum

82 2090 302 2130 testimonia
335 2091 576 2141 coniungere
608 2090 749 2129 omisso
772 2090 1024 2131 dubitationis
1045 2091 1157 2143 signo
1189 2098 1255 2131 ant
1286 2103 1358 2143 pro
1379 2091 1606 2130 amissarum
1637 2091 1737 2130 litte·

83 2170 214 2197 rarum
245 2157 427 2197 cancellis
465 2158 578 2209 signo
609 2157 863 2198 dubitationis
893 2159 1035 2211 posito.
1094 2160 1243 2210 aliquot
1280 2159 1497 2199 fabularum
1529 2159 1737 2198 lectionem

83 2232 172 2277 post
202 2226 512 2266 Studemundum
545 2238 633 2265 cum
664 2226 797 2266 codice
828 2227 1083 2266 contulerunt
1113 2227 1293 2266 Goetzius
1325 2233 1363 2266 et
1393 2227 1628 2276 Schoellius3
1661 2239 1737 2278 qua

82 2294 129 2333 de
160 2307 202 2333 re
232 2294 308 2333 dixi
340 2293 380 2332 in
411 2293 668 2333 relationibus
699 2294 894 2334 societatis
926 2294 1195 2346 Gottingensis
1230 2296 1335 2337 1895
1367 2308 1405 2346 p.
1432 2298 1523 2336 115.

194 2362 448 2413 Reliquorum
493 2362 671 2401 codicum
722 2362 931 2401 lectionem
978 2363 1177 2403 Ritschelii
1222 2375 1491 2403 successorum
1547 2362 1737 2401 editiones

81 2430 438 2482 suppeditaverunt,
469 2430 612 2481 quibus
642 2430 693 2469 ita
726 2443 818 2470 usus
848 2443 934 2471 sum
964 2438 1007 2470 ut
1038 2431 1229 2471 thesauris
1259 2431 1455 2470 litterariis
1486 2443 1735 2470 communem

83 2497 122 2536 in
153 2510 267 2537 usum
298 2498 509 2550 propositis
538 2498 642 2538 viros
681 2498 812 2537 eadem
853 2499 979 2538 studia
1018 2505 1228 2551 sequentes
1269 2500 1324 2538 uti
1364 2511 1520 2551 semper
1558 2499 1737 2538 homines

81 2565 221 2617 deique
259 2572 544 2606 concesserunt
582 2572 697 2617 atque
735 2573 778 2606 ut
816 2566 1006 2606 librorum
1044 2568 1273 2607 collationes
1312 2580 1331 2606 a
1362 2579 1424 2606 me
1463 2566 1609 2618 publici
1641 2567 1736 2606 iuris

81 2633 200 2672 saclas
228 2633 331 2673 viros
361 2633 497 2673 doctos
528 2634 567 2673 in
599 2646 712 2674 suum
744 2647 857 2673 usum
888 2641 1095 2675 vocaturos
1121 2647 1278 2687 sperare
1300 2635 1484 2674 solebam.
1545 2634 1648 2674 alind
1679 2641 1738 2674 est

81 2706 309 2752 apparatum
325 2700 503 2740 criticum
521 2713 760 2753 comparare,
778 2702 879 2742 aliud
897 2702 1100 2754 scriptoris
1115 2715 1214 2754 opus
1231 2714 1437 2742 recensere
1454 2708 1492 2742 et
1507 2702 1734 2750 emendare;

82 2767 120 2807 in
154 2768 288 2807 Plauto
319 2774 532 2820 utrumque
564 2770 692 2808 facere
723 2770 935 2809 mortalitas
966 2782 1044 2808 non
1079 2769 1260 2808 concedit
1290 2769 1371 2809 uni.
1423 2770 1515 2809 illud
1549 2769 1732 2822 praestari

80 2834 256 2874 videbam
289 2842 327 2875 et
356 2836 387 2875 si
417 2848 438 2875 a
468 2849 530 2876 me
550 2838 828 2888 praestandum
860 2838 994 2877 suisset
1025 2838 1225 2889 negotium
1258 2850 1338 2876 non
1370 2837 1628 2889 recepissem;
1659 2837 1735 2876 hoc
