2003 3188
221 64 272 102 58
958 60 1139 96 PLAVTI
1682 61 1695 88 1
1708 61 1733 94 1,
1751 60 1845 95 96—-2,
1865 62 1881 90 4

219 186 336 231 atque
366 178 481 218 audin
514 176 659 217 etiam?
717 176 810 216 Lm.
861 175 974 215 Ecce.
1033 175 1150 214 DEM.
1201 174 1240 214 Si
1271 173 1364 224 quid
1395 180 1432 213 te
1462 174 1599 223 volam,

220 247 286 287 ubi
318 245 421 286 eris?
479 245 572 286 Lm.
622 244 864 294 Vbicumque
894 243 1048 281 libitum
1079 242 1153 280 erit
1182 241 1312 280 animo
1345 253 1443 281 meo.
1894 249 1948 281 110

220 315 395 367 profecto
429 325 542 352 nemo
574 318 630 351 est
662 323 777 362 quem
809 311 883 349 iam
915 310 1057 348 dehinc
1089 315 1261 348 metuam
1293 309 1385 348 mihi

221 395 269 422 ne
301 382 393 433 quid
425 392 567 420 nocere
597 379 730 431 possit,
763 390 850 417 cum
883 383 924 416 tu
955 377 1049 416 mihi
1081 383 1145 416 tua

220 450 395 488 oratione
428 459 583 487 omnem
615 447 790 485 animum
820 444 1023 485 ostendisti
1055 450 1175 483 tuom.

220 516 312 567 quin
345 522 382 554 te
414 528 570 566 quoque
601 514 728 566 ipsum
762 514 859 552 facio
890 513 993 552 haud
1025 513 1169 564 magni,
1199 513 1230 552 si
1261 512 1335 552 hoc
1367 518 1493 564 patro.

219 595 376 635 pergam
410 596 487 634 quo
520 582 654 633 occepi
686 588 803 633 atque
834 579 887 619 ibi
920 580 1080 619 consilia
1112 580 1303 618 exordiar.
1894 585 1949 618 115

217 651 335 691 Dm.
384 650 511 690 Audin
544 648 614 689 tu?
644 649 747 701 apud
779 647 1033 688 Archibulum
1066 659 1138 698 ego
1170 659 1237 686 ero
1269 647 1546 699 argentarium.

216 718 310 759 Lm.
351 718 498 769 Nempe
520 717 559 757 in
582 716 698 756 soro?
747 717 864 758 Dmr.
904 715 974 763 lbi,
997 715 1027 754 si
1051 715 1141 766 quid
1165 727 1263 767 opus
1284 715 1414 754 suerit.
1453 714 1546 755 Lm.
1584 714 1810 753 Meminero.
1831 735 1882 742 —

217 786 334 826 Dm.
382 786 469 824 Non
502 798 586 825 esse
616 797 749 825 servos
779 785 891 836 peior
920 784 996 822 hoc
1027 783 1233 834 quisquam
1265 789 1393 834 potest

220 867 293 893 nec
324 854 444 905 magis
475 859 652 893 versutus
683 865 757 892 nec
788 865 865 904 quo
898 852 945 891 ab
978 863 1112 890 caveas
1142 851 1307 902 aegrius.

219 922 341 961 eidem
373 921 534 968 homini,
565 921 596 961 si
628 921 719 972 quid
752 926 857 960 recte
888 925 1066 958 curatum
1097 918 1204 965 velis,
1897 920 1951 954 120

219 989 397 1028 mandes:
431 988 565 1028 moriri
595 1000 680 1028 sese
710 988 852 1027 misere
883 987 1060 1033 mavolet,

219 1068 335 1108 quam
366 1069 445 1095 non
479 1056 694 1107 perfectum
727 1054 864 1094 reddat
894 1053 998 1105 quod
1030 1052 1267 1104 promiserit.

219 1136 306 1163 nam
338 1135 409 1174 ego
441 1122 535 1162 illud
565 1128 771 1174 argentum
802 1128 880 1160 tam
912 1127 1088 1173 paratum
1120 1119 1199 1159 filio

217 1192 297 1231 scio
329 1204 412 1231 esse
442 1204 558 1243 quam
588 1204 650 1231 me
680 1191 788 1230 hunc
818 1190 1037 1241 scipionem
1069 1188 1216 1228 contui.

217 1259 285 1299 sed
316 1260 406 1311 quid
439 1272 510 1311 ego
542 1271 651 1299 cesso
682 1259 739 1298 ire
770 1259 815 1298 ad
849 1258 991 1303 forum,
1023 1269 1101 1307 quo
1133 1253 1386 1308 inceperam?
1901 1259 1953 1291 125

221 1342 241 1365 *
301 1334 417 1379 atque
447 1327 499 1367 ibi
529 1327 697 1366 manebo
729 1326 832 1379 apud
867 1325 1145 1377 argentarium.
1177 1347 1233 1354 —

870 1448 1238 1488 ARGYRIPPVS
1817 1446 1838 1485 I
1861 1447 1883 1486 2

304 1529 434 1569 Sicine
466 1529 540 1568 hoc
571 1527 644 1567 sit?
677 1528 780 1567 foras
811 1527 972 1567 aedibus
1003 1539 1064 1565 me
1097 1524 1197 1565 eici?

302 1597 542 1650 promerenti
574 1603 734 1647 optume
765 1595 880 1635 hocin
913 1595 1016 1646 preti
1046 1592 1251 1633 redditur?

304 1666 405 1705 bene
436 1665 601 1704 merenti
632 1664 730 1703 mala
763 1676 816 1713 es,
848 1662 948 1702 male
977 1662 1145 1701 merenti
1176 1661 1280 1701 bona
1312 1673 1374 1709 es;

303 1739 341 1772 at
370 1732 472 1771 malo
504 1744 593 1772 cum
623 1738 705 1780 tuo,
737 1743 825 1771 nam
858 1731 934 1770 iam
966 1743 1013 1770 ex
1044 1730 1118 1769 hoc
1148 1730 1234 1769 loco
1900 1732 1955 1766 130

219 1866 339 1901 dicere
364 1866 465 1901 debet
496 1877 567 1911 quo
593 1866 711 1900 iturus
735 1866 801 1908 sit,
833 1868 873 1900 ut
896 1876 925 1900 υ.
944 1866 1011 1899 115
1029 1863 1191 1909 intellefi
1208 1863 1340 1909 possit,
1365 1863 1413 1907 cf.
1439 1863 1520 1897 251.
1569 1861 1636 1897 hoc
1659 1862 1691 1897 si
1717 1866 1885 1904 tenemus,

220 1933 249 1958 v.
264 1923 348 1957 109.
373 1923 442 1957 110
467 1922 594 1957 tollere
617 1921 826 1967 (Lanqenus
849 1921 942 1956 stud.
969 1920 1024 1955 Pl.
1038 1921 1130 1961 242)
1147 1931 1218 1954 non
1238 1929 1434 1966 possumus
1451 1930 1565 1964 neque
1582 1920 1649 1953 116
1673 1919 1798 1962 (audin
1820 1920 1886 1956 tu?

219 1989 291 2013 non
324 1980 432 2022 atque
463 1979 612 2021 audin?)
637 1989 716 2014 cum
741 1979 818 2012 108
841 1977 1060 2023 coniunqere
1084 1975 1261 2018 (Loemius
1289 1975 1458 2011 Goetzius
1483 1976 1610 2021 praef.
1633 1978 1712 2019 22).
1757 1987 1842 2012 erus
1865 1988 1888 2012 α

219 2045 323 2069 servo
343 2036 457 2081 petit,
488 2039 526 2069 ut
551 2034 665 2070 Iocum
690 2034 726 2068 in
755 2034 844 2079 foro
871 2033 1045 2079 ctesiquet,
1070 2032 1131 2068 ubi
1154 2032 1309 2067 inveniri
1330 2032 1448 2077 possit
1459 2044 1474 2073 ,·
1498 2031 1536 2066 id
1557 2043 1682 2067 servus
1704 2043 1744 2067 se
1765 2033 1888 2078 factu-

220 2101 299 2124 rum
331 2095 459 2136 neqat,
492 2102 576 2126 erus
605 2090 701 2136 facit
726 2102 756 2126 v.
770 2092 848 2125 116.
872 2101 914 2126 eo
940 2090 1056 2135 maqis
1077 2089 1227 2136 placent
1251 2100 1280 2124 v.
1298 2089 1475 2123 111-115
1613 2092 1676 2124 109
1701 2100 1786 2125 ecce
1809 2090 1888 2125 scil.

220 2146 328 2182 audio
355 2146 564 2193 (Lanqenus
587 2147 699 2193 symb.
722 2148 753 2190 7)
897 2150 957 2181 112
984 2157 1116 2181 nocere
1140 2145 1248 2181 michi
1273 2145 1389 2190 possit
1413 2156 1493 2180 cum
1517 2147 1580 2181 tua
1599 2144 1635 2180 Ε
1758 2149 1799 2182 tu
1819 2147 1888 2182 B2:

221 2215 310 2246 om.,·
327 2205 375 2249 cf.
403 2203 613 2250 Kaempfius
637 2205 681 2240 de
698 2216 808 2251 pron.
827 2214 927 2250 pers.
953 2205 1007 2238 :20
1020 2215 1074 2248 sq.
1205 2204 1266 2237 116
1291 2202 1430 2238 Libano
1455 2203 1686 2244 continuant,
1715 2206 1775 2237 117
1802 2204 1886 2240 San.

220 2281 264 2287 —
288 2261 371 2296 Lm.
396 2281 439 2287 —-
473 2261 556 2297 San.
588 2261 712 2303 codd,
746 2272 839 2296 corr.
876 2260 1053 2305 Anqelius
1171 2262 1233 2294 119
1259 2262 1444 2294 uersatum
1469 2259 1610 2294 Nonius
1629 2260 1702 2294 454
1817 2270 1886 2305 quo

221 2318 266 2354 ob
286 2317 329 2360 D,
355 2329 422 2363 quo
450 2318 590 2353 Nonius
709 2320 769 2352 120
796 2318 865 2352 eid.
891 2318 947 2352 h.:
973 2316 1079 2351 fidem
1103 2316 1189 2351 boni
1214 2315 1369 2351 hominis
1395 2314 1440 2357 D,
1463 2315 1558 2351 idem
1582 2315 1717 2351 homini
1738 2319 1887 2352 uersuto

222 2373 365 2409 Nonius
461 2376 520 2409 121
548 2374 660 2419 magis
687 2374 786 2409 uolet:
811 2384 884 2408 var.
900 2373 920 2407 l.
936 2373 972 2407 in
989 2372 1059 2407 DE
1165 2375 1224 2406 123
1251 2371 1305 2406 vel
1327 2371 1413 2406 illuc
1510 2374 1572 2406 124
1597 2372 1720 2407 conitu
1746 2371 1797 2407 B¹

223 2433 286 2465 125
311 2430 452 2465 Libano
477 2429 659 2472 tribuitur,
684 2440 778 2465 corr.
795 2429 969 2475 Anqelz'us
1083 2429 1178 2472 quod
1202 2427 1430 2472 incoeperam
1556 2430 1618 2462 126
1649 2428 1749 2473 (ibo)
1779 2431 1887 2474 atque

222 2486 460 2528 Camerarius,
483 2487 603 2532 possis
625 2486 816 2532 (pergam)
837 2490 924 2532 post
947 2486 1164 2529 inceperam.
1206 2495 1344 2519 versum
1370 2483 1436 2518 del.
1465 2483 1618 2519 Botbius
1724 2488 1786 2520 127
1813 2488 1887 2521 ΑΒ·

221 2553 388 2578 GIRtPva
413 2544 555 2586 (Auem.
583 2542 629 2585 Ε)
651 2553 886 2578 ADOLESCENS
913 2540 1022 2576 BDE
1110 2541 1315 2586 Arqyrippi
1345 2540 1524 2576 canticum
1548 2545 1582 2576 ct
1605 2552 1684 2576 cum
1710 2542 1791 2578 lena
1815 2544 1888 2579 col-

222 2599 381 2644 loquium
413 2598 565 2634 Plautus
594 2611 643 2635 ex
673 2599 747 2634 alia
781 2599 912 2644 fabula
941 2602 1086 2644 sumpta
1118 2596 1334 2642 Demopltilo
1369 2596 1553 2632 addidisse
1583 2598 1639 2633 vel
1671 2600 1794 2644 potius
1824 2600 1889 2634 alii

221 2655 298 2689 eius
322 2666 473 2691 scaenae
496 2655 723 2692 substituisse
747 2655 898 2697 videtur,
924 2666 997 2689 non
1015 2654 1130 2699 plane
1154 2654 1300 2688 remotis
1326 2664 1419 2698 quae
1442 2653 1498 2688 lu's
1522 2655 1664 2690 obstant
1688 2656 1724 2690 in
1749 2662 1887 2692 antece-

222 2711 326 2746 dente
341 2722 472 2747 scaena
491 2718 534 2754 (v.
551 2714 612 2755 89)
630 2717 663 2748 et
682 2711 782 2747 III1
800 2716 842 2754 (ι’.
863 2712 947 2753 533)
965 2712 987 2745 3
1005 2714 1046 2753 (iu
1064 2711 1161 2752 594),
1186 2711 1235 2756 cf.
1255 2710 1342 2745 329.
1390 2721 1558 2756 nmquam
1583 2711 1672 2747 liaeo
1693 2723 1772 2747 cum
1800 2712 1888 2748 Tru-

222 2767 362 2803 culento
386 2769 653 2804 similitudinem
679 2768 809 2804 liabent
928 2770 988 2802 128
1013 2767 1165 2803 hoccine
1262 2768 1325 2802 130
1350 2776 1433 2801 nam
1457 2767 1527 2802 iam
1553 2767 1603 2812 cf.
1622 2768 1750 2815 Amph.
1767 2770 1889 2811 1042,-

222 2824 391 2860 nunciam
411 2825 578 2871 Pylades,
603 2826 653 2871 cf.
679 2836 766 2860 mus.
794 2824 908 2860 Rlien.
923 2825 1046 2867 38,18
