1998 3179
62 99 108 127 111
128 100 152 132 Ι,
166 98 260 132 les-2,
275 98 308 125 2ss
743 90 1045 128 MENAECHMI
1643 84 1723 120 401

67 214 133 254 sed
165 213 257 264 quid
289 224 361 264 ego
393 209 531 257 video?
600 207 877 248 Menaechmus
908 217 996 245 cum
1028 216 1175 244 corona
1205 203 1283 242 exit
1312 203 1426 242 foras.

67 280 262 321 sublatum
294 285 352 319 est
381 278 612 326 convivium,
644 275 783 328 edepol
813 275 925 314 venio
957 273 1161 312 adversum
1191 270 1371 322 temperi.

66 346 293 395 observabo,
326 346 417 397 quid
448 352 547 398 agat,
578 344 791 384 hominem.
851 347 939 394 post
969 340 1082 380 adibo
1114 346 1229 391 atque
1260 337 1460 389 adloquar.
1739 345 1796 377 465

691 430 1098 473 MENAECHMVS
1615 425 1681 465 ΙΙΙ
1704 427 1726 464 2

272 504 412 543 Potine
443 511 486 542 ut
517 501 720 554 quiescas?
752 513 822 551 ego
854 499 923 538 tibi
956 500 1056 538 hanc
1087 497 1201 536 hodie
1234 495 1356 547 probe

271 570 477 622 lepideque
509 570 787 609 concinnatam
818 568 986 607 reseram
1018 565 1198 616 temperi.

270 651 349 677 non
383 638 470 676 saxo
502 650 586 676 eam
617 648 702 675 esse
733 635 856 674 dices:
888 637 940 672 ita
972 631 1231 684 ignorabitur.

272 706 369 745 PEN.
420 704 563 743 Pallam
596 703 640 742 ad
674 702 932 754 phrygionem
964 702 1040 739 fert
1070 700 1252 738 confecto
1274 697 1442 749 prandio

269 773 440 823 vinoque
471 779 627 822 expot0‚
660 771 828 822 parasito
860 769 1017 808 excluso
1049 768 1165 806 foras.
1741 772 1798 804 470

270 851 351 878 non
384 839 516 878 hercle
547 839 578 878 is
609 850 693 878 sum
726 838 793 888 qui
824 849 924 883 sum,
957 836 996 874 ni
1028 836 1131 874 hanc
1161 832 1344 872 iniuriam

269 919 412 958 meque
444 906 548 946 ultus
579 906 745 958 pulchre
776 906 902 944 fuero.
935 903 1096 942 observa
1129 901 1221 952 quid
1252 900 1367 939 dabo.

270 974 379 1014 ΜΕΝ.
429 974 504 1013 Pro
535 973 573 1012 di
604 973 857 1021 immortales,
891 974 985 1023 quoi
1016 969 1168 1009 homini
1199 979 1383 1019 umquam
1416 978 1495 1005 uno
1528 964 1589 1004 (lie

269 1042 364 1080 boni
395 1041 555 1081 dedistis
585 1042 687 1092 plus,
719 1041 787 1092 qui
819 1040 950 1079 minus
979 1036 1223 1090 speraverit?

269 1109 424 1162 prandi,
455 1109 598 1160 potavi,
628 1114 802 1148 scortum
835 1106 1014 1153 accubui,
1046 1104 1186 1157 apstuli
1745 1104 1801 1136 475

272 1178 386 1224 hanc,
419 1177 560 1228 quoius
591 1177 705 1216 heres
738 1187 953 1228 numquam
985 1174 1058 1213 erit
1088 1179 1178 1225 post
1206 1172 1314 1211 hunc
1346 1170 1461 1209 diem.

271 1245 372 1284 PEN.
422 1244 584 1295 Nequeo
614 1257 714 1295 quae
747 1243 922 1294 loquitur
951 1240 1136 1281 exaudire
1166 1238 1413 1283 clanculum;

270 1318 379 1351 satur
411 1323 518 1350 nunc
547 1311 724 1363 loquitur
754 1311 801 1350 de
833 1323 894 1349 me
927 1317 965 1349 et
994 1309 1042 1348 de
1073 1308 1174 1360 parti
1205 1319 1305 1347 mea.

269 1379 385 1419 ΜΕΝ.
435 1380 497 1418 Ait
526 1380 628 1419 hanc
657 1379 809 1419 dedisse
841 1390 902 1417 me
933 1377 1019 1424 sibi,
1051 1383 1167 1427 atque
1199 1386 1283 1414 eam
1314 1385 1421 1412 meae
1662 1374 1802 1408 479.480

271 1446 382 1485 uxori
412 1448 675 1499 surrupuisse.
733 1446 918 1497 quoniam
951 1445 1079 1484 sentio

271 1525 417 1562 errare,
449 1515 657 1566 extemplo,
690 1514 800 1566 quasi
831 1525 893 1552 res
925 1515 1014 1552 cum
1046 1524 1089 1551 ea
1121 1518 1222 1551 esset
1253 1509 1359 1551 mihi,

270 1581 384 1632 coepi
414 1581 632 1621 adsentari:
665 1582 807 1621 mulier
839 1580 1030 1632 quidquid
1063 1580 1225 1625 dixerat,

269 1648 372 1687 idem
403 1661 476 1701 ego
507 1650 697 1689 dicebam.
757 1649 850 1700 quid
884 1648 1016 1688 multis
1047 1647 1176 1687 verbis
1205 1642 1397 1700 (opust>?

268 1716 424 1755 minore
456 1730 651 1769 nusquam
683 1717 786 1756 bene
818 1716 873 1755 fui
903 1715 1123 1767 dispendio.
1746 1713 1802 1745 435

270 1783 375 1824 PEN.
424 1785 549 1824 Adibo
580 1786 626 1824 ad
658 1785 871 1831 hominem,
906 1796 995 1822 nam
1026 1783 1184 1823 turbare
1215 1781 1353 1832 gestio.

241 1851 376 1906 fflEN.
426 1851 522 1898 Quis
543 1852 605 1892 hic
628 1854 697 1899 est,
729 1852 795 1903 qui
817 1851 1002 1891 adversus
1023 1851 1052 1890 it
1072 1849 1196 1890 mihi?
1247 1849 1352 1888 PEN.
1389 1845 1495 1893 Quid
1518 1845 1585 1891 ais,
1618 1844 1736 1882 homo

272 1919 392 1958 levior
421 1932 536 1970 quam
569 1919 714 1970 pluma,
744 1919 911 1971 pessime
942 1925 980 1958 et
1011 1918 1272 1969 nequissime,

273 1986 459 2038 flagitium
490 1986 672 2033 hominis,
707 1985 871 2025 subdole
903 1998 947 2025 ac
979 1985 1131 2024 minimi
1162 1982 1293 2036 preti?

275 2053 367 2104 quid
399 2054 446 2093 de
476 2061 514 2093 te
544 2053 684 2101 merui,
715 2066 790 2104 qua
823 2066 884 2093 me
915 2065 1032 2092 causa
1063 2050 1280 2105 perderes?
1500 2083 1502 2085 >
1751 2054 1806 2087 490

269 2127 312 2160 ut
341 2122 579 2173 surrupuisti
610 2127 648 2160 te
678 2121 772 2160 mihi
803 2122 949 2160 dudum
981 2120 1028 2159 de
1060 2120 1167 2159 forol

181 2234 359 2266 463—470
381 2232 609 2278 posteriores
633 2237 764 2278 partes
791 2233 873 2277 fere
903 2232 1076 2276 lequmur
1099 2233 1130 2267 A
1246 2232 1310 2264 463
1343 2229 1612 2270 menaechmus
1644 2229 1739 2270 cmm

69 2291 215 2330 corlona
237 2288 289 2323 A:
312 2290 558 2324 menechmum
583 2290 743 2325 chorona.
767 2287 802 2323 P
891 2291 955 2323 465
983 2288 1040 2323 laic
1064 2288 1107 2329 A,
1128 2290 1218 2334 post
1240 2296 1270 2321 v.
1295 2286 1368 2320 473
1393 2283 1428 2319 P
1517 2285 1583 2319 466
1609 2283 1737 2318 ΜΕΝΕ-

69 2354 189 2379 cmavs
218 2353 328 2396 Anon.
361 2355 561 2380 anchvs
591 2355 790 2381 PARASITVS
823 2345 893 2386 (ad.
927 2349 962 2380 et
990 2355 1111 2390 paras.
1145 2354 1212 2378 om.
1245 2341 1284 2385 C>
1399 2344 1440 2376 ut
1464 2352 1499 2376 ς.-
1531 2351 1587 2375 me
1617 2341 1659 2374 ut
1690 2339 1737 2380 B,

67 2403 156 2436 neut
182 2399 242 2436 CD
355 2411 420 2445 ego
446 2403 496 2436 A:
528 2401 635 2437 sedeo
661 2400 740 2444 CD,
772 2402 836 2437 sed
859 2402 941 2436 dico
971 2404 1015 2442 Β,
1049 2400 1079 2435 si
1103 2410 1168 2444 ego
1195 2411 1213 2436 ς
1328 2400 1392 2432 467
1418 2396 1591 2442 tempere}
1616 2397 1647 2431 A

69 2460 135 2492 468
159 2468 240 2493 eum
258 2457 318 2493 CB
432 2461 497 2492 469
523 2458 721 2503 frygionem
745 2461 779 2493 et
802 2457 990 2502 frig10nem
1007 2455 1148 2491 Nonius
1172 2456 1207 2490 3.
1235 2455 1328 2489 538:
1352 2453 1590 2499 phyyglonem
1615 2454 1738 2499 (phyy-

68 2513 209 2558 gionem
225 2512 289 2554 B2)
383 2516 442 2548 471
471 2514 592 2549 hercle
610 2513 659 2549 P.-
677 2525 761 2550 er—
777 2515 820 2557 A,
838 2514 960 2549 hercle
983 2512 1096 2558 (ego)
1112 2510 1332 2547 Ritsohelz'us
1423 2512 1488 2543 472
1514 2508 1612 2544 ultus
1630 2508 1696 2544 AB
1703 2512 1717 2531 ²
1729 2520 1740 2541 .-

69 2569 193 2604 uultus
217 2569 252 2604 P
340 2569 384 2604 cle
407 2580 438 2604 v.
457 2571 533 2605 465
555 2581 587 2605 v.
612 2581 642 2605 s.
758 2573 824 2604 474
845 2574 928 2616 post
952 2571 1026 2603 475
1049 2568 1092 2609 P,
1115 2571 1212 2603 recte
1234 2567 1267 2601 A
1358 2569 1423 2600 475
1447 2566 1501 2600 εἰσ
1524 2565 1612 2606 ΑΡ,·
1637 2565 1739 2601 Pris-

69 2626 196 2661 cianus
211 2626 243 2668 1,
260 2626 337 2660 483
352 2626 483 2671 prandi
499 2629 535 2661 et
557 2626 695 2671 potami,
720 2629 879 2662 scortum
902 2625 1056 2661 accubui
1147 2623 1270 2669 (inde)
1294 2622 1427 2658 abstuli
1451 2621 1650 2657 Muellerus

70 2684 135 2717 476
159 2683 264 2716 heres
281 2680 332 2715 P:
357 2680 492 2726 referes
511 2685 539 2718 A
547 2694 562 2723 ;
585 2683 635 2728 cf.
653 2683 728 2717 493
820 2685 885 2717 478
909 2691 976 2717 om.
994 2682 1048 2718 A,·
1073 2679 1231 2715 vindicat
1248 2678 1483 2725 Nz'emeyerus
1574 2678 1620 2714 de
1643 2679 1740 2723 parti

73 2737 148 2774 CD:
173 2738 322 2783 departe
340 2737 386 2778 Β,
411 2749 491 2784 sup.
515 2749 587 2773 sor.
610 2741 624 2772 l
647 2739 781 2784 pallam
804 2744 844 2773 ut
868 2738 938 2774 vid.
959 2737 1014 2772 B2
1109 2738 1186 2771 479.
1201 2738 1265 2770 480
1291 2735 1343 2769 sio
1357 2734 1426 2770 ΑΡ
1513 2734 1617 2779 (me)
1639 2746 1741 2770 meae

71 2792 224 2830 Botkius
337 2796 514 2829 483-497
543 2806 665 2840 pauca
688 2795 727 2829 in
755 2794 868 2829 iniciis
896 2795 1066 2839 lequntur
1090 2793 1121 2827 A
1236 2794 1302 2826 484
1324 2791 1467 2837 <opust>
1489 2790 1650 2838 Pylades

70 2853 134 2885 487
159 2850 352 2886 aduersum
376 2850 434 2894 sit,
458 2861 551 2885 corr.
578 2849 755 2886 Gruterus
777 2855 812 2886 et
835 2849 987 2886 Bothius

137 2910 264 2939 Plautus
283 2911 306 2939 Ι.
1423 2905 1464 2938 26
