2003 3168
240 75 289 110 VI
929 71 1209 107 PRAEFATIO

245 190 347 228 nulla
369 189 577 228 auctoritas
599 188 774 227 codicum
799 187 1099 226 coniunctorum
1125 185 1190 225 CD
1222 185 1285 224 uhi
1310 185 1371 223 AB
1400 191 1467 224 aut
1487 185 1632 225 codicis
1654 185 1683 225 B
1708 184 1774 224 ubi
1796 185 1896 226 ACD

243 256 507 295 consentiunt.
560 256 675 295 unius
697 255 814 306 igitur
843 255 872 294 Α
903 254 1016 306 plane
1048 254 1199 303 integra
1230 252 1344 291 lectio
1376 251 1583 292 adserenda
1615 259 1709 291 erat.
1761 253 1896 305 ortho-

242 324 438 375 graphiam
471 323 648 362 codicum
682 322 744 361 ubi
777 322 891 360 latina
923 328 980 361 est
1010 322 1091 359 sere
1125 333 1203 359 non
1237 320 1393 368 mutavi,
1425 320 1499 359 nisi
1523 320 1627 371 quod
1658 333 1708 360 uo
1739 333 1811 372 pro
1841 333 1897 361 uu

243 403 388 442 ponere
420 403 550 429 verum
579 390 800 438 videbatur3
830 389 1083 440 quaesitiores
1114 390 1256 427 formas
1287 388 1389 426 velut
1410 394 1590 440 optumus
1619 396 1744 428 voster
1764 390 1897 441 quoius

239 458 415 497 malumst
447 457 510 496 ubi
543 458 696 496 testium
719 470 821 495 unus
852 457 994 495 alterve
1025 455 1206 507 praebuit
1236 456 1378 507 recepi,
1413 468 1629 507 exaequare
1660 456 1893 507 scripturam

241 525 361 575 magis
399 525 660 576 periculosum
700 524 789 563 duxi
831 536 945 575 quam
985 524 1226 575 inaequalem
1269 524 1503 575 relinquere.
1581 524 1651 563 alia
1691 523 1808 563 certis
1846 524 1894 563 de

240 593 363 631 causis
394 592 550 636 exclusi,
581 592 683 630 velut
713 605 823 644 quom
853 592 1089 643 praepositio
1122 592 1211 630 vitio
1244 592 1299 631 sic
1329 591 1527 639 scribitur,
1559 591 1734 643 quamvis
1762 598 1893 632 vetus-

243 666 320 697 tum
354 659 483 698 vitium
516 660 574 703 sit,
609 659 803 698 ansculari
830 659 977 698 etiamsi
1009 659 1184 706 auditur,
1216 671 1357 698 sonum
1389 660 1583 711 scriptura
1614 659 1777 711 exprimi
1811 672 1890 699 non

239 733 412 777 oportet;
442 730 518 766 veis
546 729 601 766 sei
628 727 762 765 similia
794 727 859 765 uhi
892 727 930 765 in
953 726 1062 766 libris
1087 732 1180 766 sunt
1201 726 1377 778 recipere
1402 727 1595 775 nolebam,
1629 738 1757 778 neque
1787 726 1891 766 enim

240 794 454 833 l'lantinam
489 794 804 846 orthographiam
836 795 872 833 in
906 795 1076 833 editione
1118 800 1413 846 repraesentare
1453 794 1542 834 licet
1575 801 1613 834 et
1642 795 1708 846 qui
1739 794 1893 834 Bae-ides

237 861 407 900 scrihere
439 862 610 900 animum
644 862 802 901 inducat
832 863 889 901 vel
920 863 1033 901 etiam
1067 862 1169 913 quod
1203 874 1326 913 paene
1359 862 1539 901 traditum
1573 869 1632 902 est
1659 862 1769 913 (Cist.
1791 863 1889 912 657)

236 932 614 981 quomqueinee'scam,
656 929 792 969 merito
825 930 1008 969 rideatur.
1069 930 1198 968 rettuli
1234 930 1281 968 de
1313 930 1626 982 orthographicis
1657 930 1695 970 in
1728 932 1890 970 adnota-

237 996 340 1034 tione
380 1003 571 1047 quatenus
612 997 656 1036 ad
698 1010 778 1036 rem
819 998 1015 1049 pertinere
1058 997 1273 1036 iudicabam
1315 1004 1431 1048 atque
1471 998 1509 1036 in
1551 998 1623 1037 hae
1661 998 1774 1038 utin
1807 998 1891 1038 aliis

235 1063 351 1102 rebus
381 1066 593 1115 perfectam
631 1065 891 1104 adnotationis
931 1065 1240 1116 aequabilitatem
1273 1078 1365 1117 prae
1395 1066 1561 1105 utilitate
1593 1066 1734 1117 sprevi.
1799 1066 1889 1106 item

233 1131 279 1169 ‹le
312 1144 565 1182 personarum
599 1133 700 1172 notis
731 1133 861 1172 rettuli
884 1140 1072 1184 quantum
1095 1133 1186 1173 satis
1207 1133 1420 1181 videbatur,
1452 1134 1499 1172 dc
1520 1146 1701 1174 versuum
1724 1134 1889 1186 discrip-

234 1198 338 1237 tione
370 1206 517 1237 tantum
551 1199 588 1238 in
622 1200 762 1252 lyricis.
833 1213 1062 1241 scaenarum
1104 1202 1237 1241 titulos
1275 1214 1345 1241 cur
1385 1202 1423 1240 in
1465 1202 1757 1242 adnotationem
1788 1202 1888 1242 rele-

233 1266 400 1316 gaverim
432 1268 592 1318 exposui
624 1275 772 1319 quaest.
804 1269 925 1308 Plaut.
958 1283 995 1321 p.
1022 1270 1116 1312 13³.

346 1333 479 1374 Hiatus
510 1335 670 1375 traditos
701 1336 861 1388 reliqui,
893 1337 958 1376 sed
989 1337 1161 1376 virorum
1193 1337 1397 1376 doctorum
1430 1338 1676 1377 coniecturas
1710 1337 1888 1377 adnotavi

234 1402 313 1439 l'ere
346 1402 418 1440 nisi
450 1402 488 1440 in
521 1401 682 1441 ablativo
723 1404 819 1443 hiari
860 1404 1009 1444 videtur
1048 1411 1197 1444 tantum
1230 1404 1288 1444 vel
1319 1405 1434 1444 simili
1464 1405 1580 1444 modo
1611 1405 1889 1446 vetustioribus

234 1468 438 1508 verborum
464 1470 596 1509 formis
627 1472 867 1511 mensurisve
890 1472 1018 1511 hiulco
1050 1472 1221 1511 sermoni
1252 1473 1430 1512 succurri
1453 1480 1601 1525 potest3
1633 1473 1679 1512 de
1709 1473 1889 1525 qualibus

233 1537 313 1574 sere
347 1549 423 1575 non
457 1538 591 1577 monui
625 1538 696 1577 nisi
728 1539 766 1578 in
800 1551 841 1578 re
873 1539 1111 1580 obscuriore.
1163 1541 1245 1593 ipse
1276 1541 1488 1592 dequibus
1518 1542 1646 1581 hiatus
1676 1541 1888 1593 generibus

233 1603 305 1642 iam
345 1603 516 1643 dubitem
557 1605 595 1643 in
636 1613 783 1657 quaest.
819 1606 940 1646 l’laut.
972 1621 1009 1659 p.
1044 1610 1124 1650 302
1140 1621 1198 1660 sq.
1231 1608 1311 1651 308
1329 1622 1386 1660 sq.
1418 1609 1643 1661 significavi.
1713 1616 1885 1650 ceterum

231 1677 268 1709 et
297 1670 419 1709 aliena
451 1678 488 1710 et
519 1684 600 1711 mea
633 1675 856 1714 coniectura
888 1676 1086 1715 emendavi
1118 1688 1216 1727 quae
1247 1676 1355 1728 potui
1386 1689 1430 1716 ac
1451 1677 1585 1717 sedulo
1608 1678 1750 1724 curavi,
1783 1678 1885 1730 quod

233 1751 310 1776 non
343 1739 426 1777 sine
458 1751 571 1778 causa
602 1740 774 1789 affirmo,
814 1749 855 1782 ut
886 1755 983 1794 quae
1014 1743 1075 1783 alii
1107 1744 1212 1783 utilia
1244 1745 1498 1796 protulissent
1529 1759 1608 1785 non
1642 1746 1886 1797 praetermit-

232 1812 372 1853 terem;
407 1806 530 1845 aliena
561 1807 590 1846 si
615 1810 811 1860 occupavi,
843 1823 903 1849 me
926 1811 1083 1850 nolente
1108 1812 1300 1860 factumst,
1332 1825 1405 1852 nec
1428 1813 1505 1854 dici
1527 1819 1682 1865 oportet
1703 1815 1886 1866 quotiens

231 1885 314 1912 mea
351 1874 445 1921 aliis,
478 1874 542 1924 qui
565 1875 655 1914 item
678 1883 811 1928 postea
833 1879 964 1918 eadem
988 1879 1236 1927 invenerunt,
1267 1880 1434 1920 libenter
1456 1881 1690 1921 tradiderim.
1753 1894 1886 1922 versus

231 1953 328 1991 quos
358 1941 629 1982 emendatione
669 1956 748 1983 non
781 1958 896 1997 egere
938 1946 1153 1986 iudicabam
1193 1948 1224 1987 si
1256 1948 1370 1987 etiam
1401 1949 1525 1988 doctis
1571 1949 1660 1989 viris
1700 1950 1886 1990 molestos

230 2021 313 2047 esse
343 2021 457 2060 posse
488 2009 675 2057 videbam,
709 2011 931 2053 brevissime
963 2015 1042 2054 sere
1074 2016 1270 2066 quomodo
1302 2016 1384 2069 ipsc
1407 2017 1674 2070 intellegerem
1705 2018 1883 2058 indicavi.

343 2077 439 2116 Sero
470 2078 562 2117 mihi
595 2080 847 2128 advenerunt,
878 2088 921 2120 ut
951 2082 1040 2121 huic
1061 2082 1195 2122 saltem
1218 2084 1338 2135 priori
1371 2085 1556 2125 volumini
1587 2085 1770 2126 adhibere
1802 2099 1881 2126 non

230 2144 436 2194 potuerim,
469 2151 506 2184 et
535 2146 605 2186 alia
636 2148 804 2187 virorum
828 2149 1033 2189 doctorum
1056 2151 1199 2203 scripta
1222 2159 1259 2191 et
1281 2152 1445 2191 l’ahneri
1467 2153 1645 2193 Plautina
1667 2154 1882 2204 (Hermath.

230 2213 282 2252 20
314 2224 350 2262 p.
375 2213 427 2252 56
443 2213 529 2263 sq.)‚
561 2214 740 2254 Nencinii
772 2216 1065 2257 emendationes
1098 2219 1296 2259 Plautinae
1328 2221 1445 2268 (stud.
1470 2221 1550 2260 ltal.
1574 2221 1627 2261 ΙΙΙ
1659 2235 1696 2274 p.
1721 2225 1767 2263 71
1790 2223 1880 2274 sq.)‚

229 2279 406 2330 Seyfferti
444 2280 579 2319 relatio
614 2281 786 2322 Muelleri
825 2285 919 2323 actis
961 2285 1075 2325 huius
1115 2287 1208 2326 anni
1240 2288 1405 2336 inserta,
1445 2288 1591 2328 Goetzii
1632 2296 1670 2329 et
1700 2289 1881 2330 Schoellii

229 2346 408 2386 editionis
448 2347 610 2388 minoris
649 2350 854 2391 fasciculus
893 2351 944 2390 Ill
983 2353 1127 2404 (primo
1169 2356 1341 2394 secundo
1383 2364 1522 2408 quarto
1560 2357 1597 2396 in
1639 2357 1882 2409 corrigendis

229 2413 391 2465 plagulis
422 2427 515 2455 usus
544 2415 660 2470 sum),
693 2417 824 2456 Haveti
857 2420 1099 2470 Amphitruo.

340 2482 514 2521 Alterum
546 2484 726 2524 volumen
759 2486 833 2525 iam
859 2487 1026 2539 imprimi
1050 2495 1230 2540 coeptum
1254 2496 1312 2530 est
1343 2503 1416 2530 nec
1437 2491 1653 2532 morabitur
1683 2493 1777 2544 quin
1809 2507 1881 2534 suo

227 2555 402 2602 tempore
433 2550 471 2588 in
503 2551 703 2602 publicum
736 2554 908 2604 prodeat.

339 2618 465 2658 Vnum
492 2619 653 2659 verbum
684 2620 818 2660 addam
842 2623 945 2673 quod
966 2624 1010 2663 ad
1034 2636 1115 2663 rem
1137 2625 1320 2677 pertinet.
1380 2632 1469 2665 ante
1491 2627 1562 2666 hos
1591 2627 1724 2667 decem
1755 2641 1881 2669 annos

227 2693 410 2736 quattuor
440 2686 584 2738 primas
623 2688 769 2728 fabulas
810 2690 909 2730 edidi
943 2704 1015 2731 nec
1055 2700 1211 2743 paratus
1241 2693 1331 2732 satis
1372 2705 1444 2732 nec
1476 2695 1621 2746 negotii
1652 2696 1880 2737 difficultate

225 2753 315 2792 satis
346 2761 562 2805 perspecta,
593 2762 635 2794 ut
666 2762 703 2795 et
732 2757 792 2795 alii
826 2770 885 2796 me
907 2758 1126 2799 docuerunt
1148 2767 1186 2800 et
1207 2773 1294 2800 mox
1318 2761 1400 2812 ipse
1421 2762 1547 2801 didici.
1599 2764 1726 2803 curavi
1749 2772 1878 2805 autem

228 2833 275 2860 ne
307 2821 344 2860 in
379 2835 419 2861 re
449 2823 552 2872 gravi
593 2824 684 2862 mihi
725 2825 806 2876 ipse
845 2825 1019 2866 deessem
1057 2835 1172 2879 atque
1213 2828 1375 2869 ineunte
1415 2833 1581 2873 a.1889
1614 2843 1750 2873 rursus
1781 2846 1880 2886 opus
