2018 3183
171 76 252 115 116
906 68 1087 104 PLAVTI
1625 70 1671 97 Ν
1683 71 1707 104 1,
1721 71 1798 105 4—2,
1817 72 1834 100 e

172 192 211 231 in
245 201 352 230 erum
384 194 547 230 matura,
578 185 618 224 in
650 197 690 224 se
722 196 806 223 scra
838 184 1027 223 condecet
1058 195 1272 234 capessere.
1845 194 1901 226 590

172 260 233 298 sin
265 256 459 301 dormitet,
491 254 540 292 ita
572 251 766 296 dormitet,
798 263 950 289 servom
982 263 1068 290 sese
1097 257 1141 290 ut
1169 251 1325 302 cogitet.

174 323 277 381 [nam
311 325 376 375 qui
407 321 551 362 amanti
583 332 650 358 ero
682 318 906 357 servitutem
938 319 1067 362 servit,
1099 318 1206 368 quasi
1240 316 1319 368 ego¹
1342 317 1479 362 servio.

173 394 204 433 si
236 396 345 431 e'rum
375 390 477 428 videt
508 398 695 439 superare
727 397 911 431 amorem,
943 385 1017 424 hoc
1048 385 1146 425 servi
1178 397 1261 424 esse
1293 385 1463 423 officium
1496 397 1596 430 reor,

174 460 343 499 retinere
376 457 422 496 ad
454 455 630 500 salutem,
665 466 743 492 non
778 453 880 491 enim
913 465 991 503 quo
1022 452 1222 491 incumbat
1254 465 1298 490 eo
1331 452 1542 503 impellere.

175 526 284 578 quasi
315 524 429 577 pueri
460 524 527 574 qui
559 534 652 561 nare
684 522 842 560 discunt
870 521 1020 572 scirpea
1052 520 1226 559 induitur
1256 520 1361 564 ratis.
1848 531 1904 563 595

175 594 241 646 qui
272 592 454 631 laborent
483 591 625 635 minus,
659 589 807 628 facilius
837 594 879 626 ut
910 594 1007 627 nent
1037 594 1075 626 et
1104 594 1287 627 moveant
1316 598 1466 630 manus,

175 662 310 701 eodem
342 659 457 699 modo
489 670 639 697 servom
671 663 791 695 ratem
824 668 908 695 esse
940 656 1083 694 amanti
1115 667 1182 694 ero
1214 666 1379 705 aequom
1411 666 1565 698 censeo,

175 736 218 769 ut
246 724 384 782 (eum)
414 726 565 769 toleret,
597 737 646 764 ne
678 736 833 776 pessum
866 724 977 762 abeat
1006 730 1202 774 tamquam
1293 736 1314 756 ιε
1379 735 1400 758 21<
1462 722 1472 769 ]

176 807 201 838 ÷
226 796 319 835 erile
351 794 558 845 imperium
590 793 746 838 ediscat,
780 798 823 830 ut
852 791 954 842 qnod
989 792 1099 830 frons
1127 791 1219 829 velit
1249 789 1351 828 oculi
1382 788 1525 836 sciant,

176 864 279 914 quod
313 862 443 901 iubeat
473 861 558 899 citis
589 859 787 911 quadrigis
818 859 930 898 citius
962 864 1149 910 properet
1178 856 1374 909 persequi.
1851 870 1908 901 600

177 931 243 982 qui
275 933 317 969 ea
350 928 513 975 curabit,
545 927 757 966 abstinebit
787 926 973 965 censione
1007 925 1161 969 bubula,

178 1010 251 1037 nec
281 1010 349 1036 sua
381 1008 499 1047 opera
532 995 680 1046 rediget
710 1005 893 1044 umquam
925 996 963 1031 in
997 992 1244 1043 splendorem
1276 989 1497 1041 compedes.

178 1078 285 1105 nunc
316 1076 406 1102 erus
437 1075 546 1101 meus
576 1069 675 1100 amat
708 1061 825 1099 filiam
858 1060 974 1098 huius
1004 1059 1205 1098 Euclionis
1236 1058 1442 1109 pauperis;

178 1144 259 1171 eam
292 1144 359 1170 ero
391 1142 499 1169 nunc
529 1129 796 1167 renuntiatum
828 1134 884 1167 est
916 1133 1083 1177 nuptum
1115 1126 1206 1164 huic
1237 1125 1445 1175 Megadoro
1477 1123 1571 1162 dari.

177 1201 209 1239 is
239 1198 479 1250 speculatum
511 1197 589 1234 huc
620 1197 723 1234 misit
752 1207 829 1240 me,
860 1201 903 1234 ut
933 1206 1032 1245 quae
1063 1195 1203 1233 fierent
1233 1195 1342 1232 tieret
1374 1191 1580 1243 particeps.
1853 1195 1910 1227 605

180 1280 287 1306 nunc
317 1266 402 1305 sine
434 1267 543 1303 omni
573 1263 798 1315 suspicione
828 1263 867 1300 in
899 1273 963 1300 ara
995 1261 1058 1300 hic
1088 1261 1257 1299 adsidam
1291 1271 1421 1307 sacra;

179 1334 272 1373 hinc
302 1346 373 1385 ego
407 1339 445 1371 et
475 1332 550 1370 buc
582 1338 619 1370 et
649 1331 739 1370 illuc
770 1337 908 1381 potero
940 1329 1031 1379 quid
1063 1335 1179 1380 agant
1209 1328 1449 1368 arbitrarier.

901 1418 1115 1459 EVCLIO
1734 1414 1797 1454 IV
1820 1417 1842 1454 ‘2

180 1491 239 1529 Tu
270 1490 384 1528 modo
416 1501 506 1529 cave
539 1488 751 1540 quoiquam
784 1487 985 1526 indicassis
1016 1499 1152 1525 aurum
1186 1499 1313 1526 meum
1346 1498 1429 1525 esse
1462 1486 1557 1530 istic,
1591 1484 1721 1524 Fides:

182 1571 261 1597 non
293 1565 424 1596 metuo
457 1570 506 1596 ne
537 1556 740 1607 quisquam
770 1554 953 1600 inveniat,
984 1554 1034 1593 ita
1066 1553 1189 1605 probe
1221 1555 1259 1593 in
1292 1554 1450 1593 latebris
1481 1554 1646 1593 situmst.

181 1625 320 1677 edepol
350 1638 401 1664 ne
432 1624 509 1663 illic
539 1624 741 1675 pulchram
774 1621 956 1673 praedam
988 1625 1088 1673 agat,
1119 1622 1149 1661 si
1182 1622 1269 1673 quis
1300 1622 1401 1660 illam
1435 1621 1629 1660 invenerit
1857 1624 1915 1657 610

181 1693 305 1732 aulam
339 1698 518 1731 onustam
550 1690 654 1738 auri3
684 1702 818 1729 verum
850 1690 885 1728 id
918 1697 956 1728 te
988 1701 1132 1740 quaeso
1166 1695 1206 1727 ut
1233 1689 1486 1740 prohibessis,
1516 1688 1643 1728 Fides.

183 1773 290 1799 nunc
320 1759 468 1806 lavabo,
500 1764 543 1797 ut
573 1770 654 1796 rem
688 1757 857 1796 divinam
888 1757 1036 1803 faciam,
1070 1769 1118 1794 ne
1150 1757 1308 1795 affinem
1342 1768 1472 1795 morer

184 1828 279 1878 quin
311 1827 376 1866 ubi
409 1828 581 1866 accersat
612 1837 737 1864 meam
771 1824 964 1876 extemplo
998 1823 1111 1862 filiam
1144 1823 1259 1863 ducat
1291 1824 1463 1863 domum.

182 1895 281 1941 vide,
314 1895 441 1941 Fides,
465 1893 577 1932 etiam
611 1900 726 1944 atque
760 1892 872 1931 etiam
905 1904 1024 1938 nunc,
1056 1891 1197 1930 salvam
1229 1899 1271 1930 ut
1302 1892 1427 1931 aulam
1458 1890 1527 1931 abs
1558 1897 1594 1929 tc
1626 1890 1817 1929 auferam:

182 1969 271 2001 tuae
302 1962 376 2001 fide
408 1961 630 2000 concredidi
662 1972 817 2007 aurum,
849 1960 887 1998 in
919 1966 987 1998 tuo
1019 1959 1107 1998 luco
1139 1966 1177 1998 et
1206 1960 1297 1998 fano
1331 1965 1389 1998 est
1418 1959 1548 1998 situm.
1580 1981 1631 1986 —-
1857 1962 1916 1995 615

298 2096 357 2129 591
385 2094 438 2129 ita
463 2095 633 2129 dormitat
659 2094 707 2128 B¹
803 2104 842 2128 se
865 2104 944 2128 esse
969 2093 1167 2128 Muellerus
1258 2095 1317 2128 ut:
1343 2093 1395 2127 iet
1420 2091 1579 2126 B¹D¹V¹
1672 2094 1849 2127 592ff598

183 2152 328 2187 seclusit
346 2151 522 2192 Brixius;
545 2162 594 2186 ex
617 2151 692 2185 alia
715 2150 849 2195 fabula
873 2151 1049 2196 assumpti
1073 2149 1239 2185 videntur
1366 2151 1430 2184 593
1456 2159 1564 2193 super
1588 2158 1710 2184 aream
1733 2150 1785 2187 (-a
1811 2146 1853 2189 V)

183 2219 317 2243 morem
342 2207 482 2243 B¹DV¹
575 2210 640 2242 594
665 2210 705 2242 at
728 2206 816 2242 B¹D
930 2207 988 2241 eni
1013 2206 1047 2241 D
1169 2209 1234 2240 595
1267 2205 1373 2250 pueri
1397 2205 1479 2240 item
1504 2204 1632 2240 Festus
1654 2206 1738 2239 166.
1763 2205 1852 2246 330,

184 2276 256 2300 non
288 2269 384 2299 recte
414 2263 577 2298 Baclzius
606 2264 649 2298 de
682 2267 763 2299 altr.
794 2263 863 2298 inv.
896 2263 950 2296 22
1087 2263 1229 2306 scirpea
1259 2261 1425 2297 induitur
1455 2260 1582 2296 Festus
1605 2262 1700 2295 166:
1731 2260 1852 2306 sirpea

183 2321 356 2356 inductur
380 2319 499 2360 codd„
527 2320 645 2364 scirpo
677 2319 851 2354 induetur
881 2318 1010 2353 Festus
1039 2319 1136 2361 330,
1161 2318 1278 2362 scirpo
1309 2317 1474 2352 induitur
1497 2316 1695 2357 (inducitur
1723 2316 1854 2359 Ooeon.)

185 2376 352 2411 Donatus
369 2376 418 2410 ad
430 2375 520 2410 And.
538 2378 570 2415 5,
585 2376 619 2417 4,
635 2376 685 2409 38
779 2378 844 2409 598
859 2374 986 2419 (eum)
1001 2374 1139 2409 Harius
1222 2374 1366 2409 tolleret
1456 2373 1590 2409 habeat
1680 2374 1854 2420 suppleas

185 2434 278 2468 velut
302 2432 493 2467 reticulum
518 2432 555 2466 in
579 2432 670 2466 mari
693 2432 758 2477 (cf.
786 2431 818 2465 T
815 2442 891 2466 ruo.
919 2432 980 2473 36)
1005 2442 1085 2466 eum
1110 2430 1285 2476 Lanqeno
1381 2432 1445 2464 599
1471 2429 1523 2464 eri
1546 2429 1606 2465 ille
1636 2429 1854 2475 Waqnerus,

178 2490 306 2536 potius
329 2488 360 2523 is
499 2488 621 2523 fronos
648 2487 776 2523 B¹DV
913 2490 975 2522 601
1010 2497 1186 2522 censeone
1218 2487 1291 2526 (uel
1316 2497 1425 2521 carne
1448 2485 1512 2528 B2)
1649 2488 1714 2520 602
1739 2486 1855 2522 rediet

184 2545 315 2581 B¹DV
405 2547 469 2580 603
493 2544 820 2590 proceleumaticus
843 2543 999 2578 secundo
1024 2543 1225 2589 septenarii
1251 2543 1331 2577 loco
1361 2542 1457 2587 Capt.
1486 2543 1561 2576 493
1585 2541 1693 2587 Epid.
1722 2543 1797 2576 668
1820 2546 1855 2578 et

184 2603 342 2648 saepius,
365 2601 430 2636 secl
453 2600 687 2636 dubitandum
713 2601 756 2636 de
779 2600 956 2646 prosodia
1072 2603 1136 2634 605
1160 2599 1282 2634 fieret:
1310 2599 1406 2633 furet
1439 2598 1522 2633 B¹D
1635 2601 1701 2633 606
1726 2599 1854 2634 iterum

186 2659 355 2705 incipit
381 2657 418 2692 E
507 2658 613 2692 Hunc
646 2657 714 2692 VE
804 2659 868 2691 608
895 2657 1037 2691 Evcmo
1059 2667 1174 2691 snussx
1199 2666 1397 2690 s'rnomws
1423 2665 1558 2690 snnvvs
1580 2654 1652 2690 BV
1654 2654 1690 2690 E
1779 2655 1856 2700 qui-

187 2725 293 2759 quam
311 2714 373 2758 13²,
399 2714 588 2758 quicquam
610 2713 741 2754 B¹DE,
761 2713 953 2758 quidquam
980 2712 1010 2744 V
1100 2712 1299 2747 indicasses
1321 2711 1353 2746 Β
1369 2711 1444 2753 (0¹)
1466 2710 1499 2745 E
1507 2711 1551 2744 V¹
1644 2714 1710 2746 609
1727 2712 1857 2756 probet

187 2769 381 2805 B¹DV¹E¹
497 2773 561 2804 610
587 2773 697 2814 agant
729 2769 759 2804 V
762 2768 799 2803 Ε
909 2771 975 2804 613
999 2779 1116 2804 meam
1146 2768 1299 2802 Harius:
1324 2778 1380 2802 me
1403 2778 1518 2802 meam
1634 2770 1700 2802 614
1724 2767 1857 2803 auliam

194 2824 281 2860 V¹E
370 2829 434 2860 615
459 2825 543 2861 fidei
637 2825 722 2860 fano
749 2824 925 2871 Pylades:
955 2825 1039 2860 fano
1064 2825 1168 2860 modo
1194 2825 1264 2865 (fac
1288 2825 1394 2859 modo
1430 2824 1487 2866 V1)

2006 0 2018 319 l
