1998 3179
86 113 116 140 11
133 114 160 147 3,
174 114 292 142 79—106
785 113 1058 150 MERCATOR
1666 115 1746 152 453

91 227 271 266 ancillam
300 228 514 280 viraginem
545 228 713 280 aliquam
743 241 824 267 non
856 228 1007 275 malam,
1038 228 1163 267 forma
1193 228 1304 276 mala,

94 301 138 333 ut
166 302 330 335 matrem
361 296 522 335 addecet
552 296 727 343 familias,
758 302 824 336 aut
855 296 989 348 Syram
1021 303 1086 335 aut
1114 296 1362 348 Aegyptiam:
1757 306 1814 339 415

90 374 133 400 ea
164 363 295 410 molet,
327 369 481 414 coquet,
513 363 695 402 conficiet
724 375 905 415 pensum,
937 364 1117 415 pinsetur
1146 364 1281 415 flagro,

89 442 219 480 neque
248 436 412 482 propter
442 443 526 470 eam
558 431 766 482 quicquam
797 431 951 470 eveniet
981 431 1126 470 nostris
1156 430 1307 470 foribus
1337 431 1469 482 flagiti.

87 496 224 538 CHAR.
255 497 355 544 Quid
372 499 404 537 si
420 497 538 549 igitur
553 497 737 537 reddatur
756 497 810 536 illi
828 498 931 537 unde
951 503 1080 549 empta
1102 496 1189 537 est?
1236 498 1352 538 Dm.
1384 498 1542 538 Minime
1558 499 1746 551 gentium.

85 563 221 605 cm.
271 565 373 604 Dixit
402 577 443 604 se
471 564 690 612 redhibere,
721 565 753 604 si
785 577 865 603 non
896 564 1059 615 placeat.
1119 564 1236 604 Dm.
1287 565 1388 604 Nihil
1418 566 1516 605 istoc
1547 573 1679 618 opust:

85 631 227 683 litigari
258 632 350 671 nolo
382 644 454 683 ego
486 644 663 683 usquam,
695 638 803 671 tuam
833 638 963 671 autem
994 632 1169 672 accusari
1199 632 1335 678 fidem;
1758 642 1815 675 420

87 699 210 738 multo
242 699 382 751 edepol
412 699 445 739 si
475 699 568 750 quid
599 699 860 738 faciendumst
888 701 1017 738 facere
1049 700 1179 738 damni
1209 700 1371 745 mavolo,

87 777 204 816 quam
226 766 602 818 opprobramentum
635 772 701 806 aut
730 766 918 817 flagitium
949 766 1140 806 muliebre
1171 767 1314 806 exferri
1344 768 1472 806 domo.

82 845 145 872 me
175 833 244 873 tibi
274 833 377 873 illam
408 846 524 886 posse
555 834 697 885 opinor
727 833 925 873 luculente
956 834 1135 873 vendere.

81 901 218 941 CHAR.
267 901 368 940 Dum
389 901 545 952 quidem
569 901 697 940 hercle
729 914 779 940 ne
800 902 963 941 minoris
994 901 1137 941 vendas
1159 905 1273 953 quam
1307 915 1379 954 ego
1403 903 1489 950 emi,
1522 910 1644 956 pater.
1675 911 1743 944 424.
1758 912 1813 944 425

81 969 198 1009 Dm.
247 969 348 1009 Tace
378 969 516 1008 modo:
547 980 667 1008 senex
698 975 756 1008 est
787 969 955 1019 quidam,
987 969 1052 1020 qui
1083 969 1186 1008 illam
1218 970 1412 1010 mandavit
1442 972 1535 1010 mihi

82 1045 126 1076 ut
142 1049 310 1076 emerem
326 1034 437 1090 (aut)
454 1036 501 1076 ad
517 1037 642 1076 istanc
661 1037 810 1075 faciem.
841 1036 978 1078 CHAR.
1008 1038 1057 1076 At
1072 1037 1165 1076 mihi
1189 1038 1343 1089 quidam
1363 1039 1605 1087 adulescens,
1621 1045 1744 1091 pater,

82 1104 280 1144 mandavit
309 1105 355 1144 ad
386 1105 489 1143 illam
520 1104 670 1151 faciem,
703 1104 753 1143 ita
786 1110 828 1143 ut
859 1104 969 1144 illaec
1001 1111 1070 1150 est,
1102 1117 1273 1144 emerem
1304 1106 1389 1145 sibi.

81 1172 198 1212 Dm.
239 1172 394 1224 ‚Viginti
425 1172 542 1212 minis
573 1172 715 1224 opinor
746 1184 861 1224 posse
891 1184 954 1211 me
984 1172 1087 1211 illam
1117 1173 1300 1212 vendere.

81 1240 217 1280 CHAR.
268 1242 317 1279 At
346 1253 418 1292 ego
450 1241 480 1279 si
511 1240 637 1286 velim,
670 1240 745 1278 iam
777 1240 920 1279 dantur
949 1246 1099 1292 septem
1131 1247 1169 1279 et
1198 1241 1335 1292 viginti
1366 1242 1508 1280 minae.
1754 1249 1812 1282 430

79 1307 196 1347 DEM.
245 1309 295 1347 At
324 1320 396 1359 ego
418 1331 472 1336 -—
520 1308 657 1348 CHAR.
699 1307 802 1353 Quin
834 1320 919 1359 ego,
951 1308 1109 1359 inquam
1133 1330 1187 1335 —
1226 1308 1342 1349 Dm.
1391 1310 1462 1356 Ah,
1494 1310 1621 1349 nescis
1651 1309 1742 1361 quid

1196 1375 1372 1416 dicturus
1402 1389 1500 1425 sum,
1533 1384 1629 1417 tace.

81 1442 152 1481 tris
181 1442 307 1482 minas
337 1442 526 1481 accudere
559 1442 670 1480 etiam
702 1454 878 1493 possum,
907 1447 951 1481 ut
979 1442 1139 1494 triginta
1170 1442 1285 1482 sient.

78 1509 155 1550 CH.
191 1509 278 1555 Quo
293 1508 473 1549 vortisti'?
502 1510 554 1550 D.
585 1510 641 1548 Ad
668 1509 777 1549 illum
802 1510 867 1561 qui
886 1509 990 1548 emit.
1035 1509 1111 1550 CH.
1134 1509 1336 1550 Vbinamst
1356 1511 1388 1550 is
1404 1512 1520 1551 homo
1537 1511 1743 1564 gentium?

77 1577 194 1617 DEM.
233 1577 424 1616 Eccillum
453 1577 575 1616 video.
626 1576 733 1616 iubet
756 1580 932 1628 quinque
965 1589 1026 1616 me
1047 1577 1188 1616 addere
1220 1578 1335 1617 etiam
1368 1592 1474 1618 nunc
1505 1580 1643 1619 minas.
1673 1587 1741 1620 434.
1755 1588 1811 1621 435

79 1644 215 1685 cm.
265 1645 406 1684 Hercle
436 1645 557 1684 illunc
588 1645 662 1684 divi
703 1645 924 1692 infelicent,
966 1645 1141 1696 quisquis
1172 1652 1240 1688 est.
1302 1647 1418 1687 Dm.
1470 1647 1617 1687 Ibidem
1649 1649 1741 1688 mihi

78 1713 192 1751 etiam
223 1725 332 1752 nunc
361 1713 521 1752 adnutat
550 1712 684 1751 addam
717 1725 784 1752 sex
815 1712 952 1752 minas.
1012 1712 1148 1753 CHAR.
1199 1714 1357 1765 Septem
1390 1715 1495 1753 mihi.

77 1780 193 1820 Dm.
233 1780 454 1831 Numquam
476 1780 614 1831 edepol
634 1793 696 1819 me
717 1780 847 1819 vincet
866 1780 994 1819 hodie.
1036 1780 1173 1820 CHAR.
1215 1781 1436 1822 Commodis
1458 1784 1596 1834 poscit,
1618 1790 1741 1835 pater.

77 1847 195 1888 Dm.
243 1848 488 1899 Nequiquam
519 1848 664 1899 poscit:
698 1859 769 1899 ego
800 1847 938 1887 habeo.
998 1848 1134 1888 CHAR.
1186 1850 1234 1887 At
1265 1849 1342 1888 illic
1373 1849 1585 1901 pollicitust
1620 1852 1741 1903 prior.

77 1915 194 1956 Dm.
233 1915 350 1955 Nihili
371 1916 482 1955 facio.
524 1915 662 1957 CHAR.
685 1916 978 1967 Quinquaginta
1001 1917 1138 1968 poscit.
1179 1916 1296 1957 Dm.
1325 1918 1411 1957 Non
1436 1924 1593 1958 centum
1615 1920 1738 1959 datur.
1754 1926 1810 1958 440

76 1984 212 2035 potine
242 1990 286 2023 ut
316 1995 366 2023 nc
397 1984 546 2023 licitere
576 1983 782 2023 advorsum
811 1981 934 2038 (mei)
964 1984 1082 2023 animi
1113 1984 1380 2025 sententiam?

79 2051 286 2090 maximam
316 2051 449 2091 hercle
480 2051 640 2090 habebis
670 2051 874 2102 praedam:
906 2052 958 2091 ita
989 2051 1053 2090 ille
1084 2059 1154 2099 est,
1186 2053 1279 2103 quoi
1310 2054 1464 2100 emitur,
1498 2066 1637 2102 senen

78 2130 197 2158 sanus
228 2131 307 2157 non
340 2125 398 2158 est
428 2131 474 2158 ex
505 2131 636 2158 amore
668 2118 783 2158 illius.
844 2119 946 2170 quod
978 2131 1119 2170 posces
1149 2120 1264 2159 feres.

189 2255 256 2286 414
281 2252 477 2287 uiracinem
494 2252 530 2286 B
622 2255 686 2287 415
712 2252 886 2297 egipciam
914 2252 949 2293 C,
975 2252 1116 2297 cypiam
1134 2253 1168 2287 B
1258 2256 1324 2288 416
1350 2256 1480 2298 coquet
1504 2265 1570 2288 om.
1591 2254 1652 2290 CD

76 2311 251 2353 pensetur
340 2311 406 2344 419
431 2309 604 2344 adhibere
620 2308 656 2343 B
746 2309 868 2354 placet
884 2308 920 2344 B
1013 2318 1103 2353 opus
1123 2309 1156 2343 B
1249 2312 1314 2343 420
1339 2320 1403 2354 ego
1421 2319 1486 2345 uos
1504 2321 1621 2355 quam,
1646 2322 1740 2346 corr.

76 2362 324 2399 Buechelerus
437 2367 503 2400 422
534 2364 666 2401 exferri
692 2364 726 2399 B
750 2368 785 2399 et
814 2365 906 2409 fort.
931 2365 983 2399 Α.·
1015 2364 1145 2399 ecferri
1179 2363 1260 2407 CD,·
1291 2365 1417 2400 exfieri
1449 2366 1512 2411 (cf.
1544 2366 1646 2402 Pers.
1677 2369 1698 2402 7
1699 2368 1742 2402 61

78 2418 156 2454 Mil.
169 2421 273 2462 1153)
290 2420 518 2456 Abrahamus
532 2421 626 2456 stud.
641 2420 698 2455 Pl.
713 2421 787 2455 198
856 2423 922 2456 423
937 2420 1029 2465 fort.
1041 2420 1145 2466 (sed)
1162 2432 1218 2456 me
1288 2424 1467 2457 424-456
1484 2422 1650 2458 deestA

77 2477 142 2510 426
165 2476 264 2511 illam
287 2476 339 2522 cf.
364 2477 439 2512 443
530 2479 594 2512 427
627 2476 793 2523 supplevi
884 2479 949 2512 428
978 2477 1167 2513 mandauit
1189 2477 1276 2522 (ut)
1309 2477 1496 2523 Vssz'nqz‘us
1587 2479 1651 2514 illa.

77 2534 139 2566 431
168 2532 234 2567 sim
259 2544 296 2576 ς,
329 2532 517 2570 Beckerus
540 2535 578 2568 in
602 2532 841 2569 Studemundi
871 2532 964 2568 stud.
989 2534 1027 2574 1,
1052 2534 1126 2568 219
1241 2537 1306 2569 432
1331 2537 1405 2570 tres
1429 2534 1465 2569 B
1579 2537 1645 2570 433
1677 2535 1740 2570 ubi

77 2589 192 2625 nastis
210 2589 246 2624 B
336 2592 415 2624 434.
433 2592 498 2625 435
517 2600 602 2626 ecce
617 2589 718 2625 illum
736 2589 770 2625 B
861 2599 1003 2634 quoque
1021 2589 1056 2623 B
1147 2592 1214 2624 436
1238 2590 1325 2625 illuc
1346 2590 1378 2624 Β
1470 2591 1522 2625 dii
1546 2590 1593 2634 B,
1612 2591 1649 2626 di
1667 2591 1740 2633 CB,

79 2645 129 2689 cf.
147 2643 363 2691 Seyffertus
386 2645 479 2681 stud.
501 2645 559 2681 Pl.
581 2647 603 2680 6
626 2645 710 2681 adn.
802 2648 867 2680 437
894 2645 1025 2681 addam
1041 2656 1063 2679 a
1081 2646 1188 2681 verbo
1205 2646 1339 2692 pendet
1427 2647 1517 2682 mihi
1539 2648 1616 2683 scil.
1641 2657 1740 2682 meus

78 2699 232 2736 adnutat
248 2700 380 2736 addam
449 2705 514 2737 438
541 2701 698 2738 Charino
723 2703 971 2743 continuatur,
996 2712 1092 2737 corr.
1114 2700 1261 2738 Guietus
1329 2713 1385 2738 me
1409 2703 1533 2739 uincet
1555 2704 1664 2739 hodie
1686 2703 1740 2739 bis

80 2755 140 2792 CD
222 2759 288 2792 439
309 2757 401 2802 fort.
418 2757 563 2803 (quam)
580 2769 644 2803 ego
724 2758 866 2794 habebo
886 2757 964 2793 CD²
1046 2758 1229 2803 pollicitus
1247 2761 1302 2795 est
1319 2762 1351 2795 Β
1431 2762 1495 2794 440
1512 2759 1602 2794 nihil
1619 2763 1652 2796 Β

78 2815 141 2847 441
167 2813 316 2858 potinne
342 2816 369 2849 B
483 2824 530 2849 ne
555 2825 623 2849 om.
648 2817 681 2851 B
791 2814 941 2859 litigere,
960 2813 1039 2856 CD,
1071 2814 1199 2851 liceret
1223 2818 1263 2858 B,
1297 2826 1392 2851 corr.
1419 2814 1649 2851 Camerarius

77 2868 187 2913 (mei)
211 2868 377 2915 Scaliger
467 2872 533 2904 442
559 2870 618 2906 cui
641 2871 771 2906 emitur
797 2870 875 2907 CD:
898 2871 956 2915 qffi
981 2870 1016 2913 (ι’.
1041 2882 1070 2907 e.
1096 2883 1214 2917 quom,
1239 2876 1279 2907 ut
1302 2874 1423 2918 saepe)
1446 2872 1617 2908 mentitur
1643 2875 1675 2909 B
