1998 3179
111 105 142 134 v
158 105 325 140 3,2-4,19
799 89 1070 130 MERCATOR
1685 79 1766 117 475

753 237 1128 283 LYSIMAGHVS

117 321 267 373 Edepol
296 327 532 369 numquam;
562 314 643 354 cavi
674 324 724 351 ne
754 310 846 362 quid
877 310 1058 347 facerem.
1116 305 1179 344 vix
1206 304 1291 342 vivo
1322 301 1452 341 miser.

119 401 211 429 nam
239 399 324 427 mea
352 397 453 425 uxor
481 388 642 436 propter
671 379 774 419 illam
805 382 886 416 tota
916 376 956 414 in
988 375 1181 414 fermento
1212 372 1324 410 iacet.

120 458 237 498 DEM.
287 455 336 493 At
366 465 437 504 ego
469 448 806 502 expurigationem
835 443 1000 488 habebo,
1031 448 1074 480 ut
1104 453 1154 480 ne
1184 442 1421 479 suscenseat.
1787 432 1844 465 960

121 525 221 565 LYs.
273 523 447 573 Sequere
477 531 552 558 me.
611 517 679 556 sed
709 519 916 554 exeuntem
948 510 1067 549 filium
1101 508 1210 546 video
1241 516 1384 544 meum.

790 597 1101 643 EVTYGHVS
1689 586 1732 626 V
1752 587 1778 625 4

123 683 179 722 Ad
211 686 362 733 patrem
392 678 471 721 ibo,
503 681 547 715 ut
575 672 710 712 matris
739 672 836 710 iram
866 668 940 708 sibi
972 679 1056 706 esse
1086 664 1254 704 sedatam
1286 661 1393 700 sciat.

124 750 200 788 iam
230 747 361 786 redeo.
419 744 519 784 LYs.
568 741 699 780 Placet
728 736 980 790 principium.
1041 732 1132 784 quid
1164 728 1273 782 agis?
1306 727 1399 779 quid
1430 726 1483 773 fit,
1516 718 1723 774 Eutyche?

126 817 231 857 Evrr.
283 813 438 865 Optima
468 808 761 861 opportunitate
791 804 905 843 ambo
937 799 1158 841 advenistis.
1217 797 1317 837 LYs.
1369 793 1470 840 Quid
1501 792 1558 830 rei
1589 787 1676 829 est?

125 884 231 924 Ev‘r.
280 881 384 920 onr
413 878 485 919 tibi
513 875 664 930 placida
696 877 734 913 et
763 873 962 925 placatast.
1022 874 1122 908 cette
1155 867 1308 905 dextras
1339 861 1536 902 nunciam.
1797 859 1854 891 965

127 952 229 992 LYs.
279 949 326 989 Di
355 960 418 987 me
448 950 615 986 servant.
675 943 779 982 Eva«.
825 939 911 978 Tibi
942 937 1104 976 amicam
1138 937 1221 974 esse
1254 931 1400 971 nullam
1432 927 1586 968 nuntio.

127 1019 245 1059 DEM.
294 1017 339 1056 Di
368 1022 407 1055 te
437 1013 614 1066 perdant.
675 1009 767 1061 quid
789 1006 958 1058 negotist
978 1016 1081 1050 nam,
1103 1013 1260 1053 quaeso,
1282 996 1410 1038 istuc?
1468 995 1572 1035 Evcr.
1603 992 1786 1042 Eloquar.

132 1087 305 1126 animum
336 1082 523 1123 advortite
563 1080 681 1131 igitur
711 1076 839 1116 ambo.
897 1074 1014 1114 DEM.
1065 1071 1168 1117 Quin
1202 1068 1272 1107 tibi
1304 1066 1418 1105 ambo
1450 1073 1610 1115 operam
1641 1059 1786 1098 damus.

132 1154 238 1194 Evzr.
287 1151 363 1198 Qui
392 1150 499 1189 bono
530 1153 623 1187 sunt
651 1157 797 1198 genere
828 1142 920 1188 nati,
951 1138 1030 1194 (si)
1060 1143 1153 1178 sunt
1183 1135 1345 1187 ingenio
1376 1132 1489 1179 malo,

133 1227 269 1273 suapte
300 1220 413 1271 culpa
444 1228 588 1268 genere
618 1214 789 1265 sapiunt,
820 1222 945 1261 genus
975 1206 1134 1257 ingenio
1166 1202 1404 1255 improbant.
1802 1197 1859 1230 970

134 1290 252 1330 DEM.
274 1288 417 1326 Verum
431 1286 494 1325 hic
512 1283 615 1323 dicit.
646 1282 746 1321 LYs.
768 1279 854 1318 Tibi
871 1290 965 1329 ergo
983 1275 1086 1315 dicit.
1119 1273 1224 1312 EVT.
1246 1271 1302 1310 Eo
1321 1268 1414 1309 illud
1432 1272 1489 1306 est
1505 1275 1639 1304 verum
1657 1260 1790 1311 magis.

138 1370 229 1398 nam
258 1363 296 1396 te
327 1356 421 1395 istac
453 1358 576 1392 aetate
606 1350 709 1389 haud
739 1358 905 1398 aequom
937 1344 1015 1383 filio
1046 1343 1173 1381 fuerat
1203 1346 1270 1378 tuo

137 1424 378 1466 adulescenti
408 1420 552 1462 amanti
583 1418 744 1457 amicam
776 1415 929 1466 eripere
959 1417 1128 1462 emptam
1161 1413 1324 1458 argento
1357 1416 1441 1444 suo.

137 1494 254 1533 DEM.
306 1490 408 1537 Quid
438 1496 481 1528 tu
512 1486 596 1527 ais?
637 1484 794 1525 Charini
833 1481 993 1521 amicast
1023 1476 1114 1517 illa?
1174 1476 1276 1515 Ev'r.
1328 1473 1374 1511 Vt
1412 1467 1630 1509 dissimulat
1660 1463 1797 1503 malus.

140 1563 258 1602 DEM.
307 1559 375 1598 Ille
407 1557 561 1608 quidem
592 1554 695 1592 illam
726 1562 811 1591 sese
841 1547 1019 1587 ancillam
1052 1544 1162 1583 matri
1195 1541 1334 1581 emisse
1365 1539 1524 1577 dixerat.
1810 1534 1867 1566 975

142 1630 248 1670 EVT.
298 1626 512 1677 Propterea
543 1622 661 1674 igitur
690 1626 733 1658 tu
764 1615 984 1662 mei-catu's,
1017 1625 1140 1652 novos
1172 1615 1335 1655 amator,
1365 1612 1476 1644 vetus
1506 1599 1634 1654 puer?

142 1698 243 1738 LYs.
295 1696 465 1747 Optume
496 1690 639 1736 hercle,
670 1698 790 1740 perge
819 1680 921 1738 (tn),
953 1694 1025 1732 ego
1056 1679 1236 1719 adsistam
1267 1676 1360 1715 hinc
1391 1672 1634 1712 altrinsecus.

148 1765 290 1816 quibus
321 1768 380 1801 est
409 1760 521 1799 dictis
551 1758 706 1808 dignus,
738 1764 861 1804 usque
893 1760 1105 1789 oneremus
1136 1746 1264 1785 ambo.
1324 1743 1442 1782 ΒΕΜ.
1492 1737 1630 1778 Nullus
1661 1745 1760 1774 sum.

147 1833 248 1873 LYS.
298 1830 395 1869 Filio
428 1840 499 1868 suo
531 1825 597 1877 qui
630 1821 833 1862 innocenti
864 1819 955 1858 fecit
985 1822 1133 1855 tantam
1162 1812 1359 1852 iniuriam.

147 1901 253 1941 Ev'r.
304 1898 430 1944 Quem
463 1894 618 1946 quidem
649 1890 782 1930 hercle
813 1900 899 1939 ego,
931 1886 970 1924 in
1003 1883 1160 1923 exilium
1192 1892 1280 1920 011111
1312 1879 1398 1925 iret,
1429 1873 1591 1914 redduxi
1621 1871 1877 1917 domum3980

263 2022 328 2055 958
359 2020 443 2063 post
474 2017 539 2050 959
574 2011 743 2051 traditur,
775 2018 870 2043 corr.
896 2004 1081 2041 Acidalius
1195 2012 1259 2046 ego
1290 1999 1351 2043 pol
1381 2005 1575 2040 numquam
1607 1990 1810 2038 Seyffertus

150 2075 286 2113 philol.
311 2076 373 2115 25,
390 2073 466 2108 463
497 2069 600 2110 <solet
630 2076 768 2114 ponere
797 2073 991 2107 numquam
1023 2060 1162 2105 edepol)
1276 2056 1433 2091 facerem
1457 2052 1521 2086 uix
1543 2050 1668 2084 uiuum
1692 2046 1812 2087 (uiuus

152 2145 232 2169 sum
248 2131 311 2174 D2)
329 2140 386 2166 ser
405 2128 476 2170 CD,
493 2126 614 2162 faeere
636 2123 786 2158 multum
803 2121 912 2155 miser
930 2118 975 2161 B,
992 2128 1086 2152 corr.
1105 2113 1323 2150 Ritsclwlius
1414 2112 1480 2144 959
1497 2108 1627 2152 propte
1642 2105 1728 2145 (-ter
1747 2101 1813 2141 D2)

153 2190 260 2225 ellam
287 2186 363 2228 CD,
392 2194 506 2230 prope
528 2183 627 2217 illam
655 2180 686 2214 B
779 2179 843 2212 960
869 2185 953 2219 ergo
978 2171 1275 2218 expurgationem
1367 2174 1558 2201 EVTYcflvs
1582 2167 1815 2197 ADVLESCENS

153 2256 271 2281 mmm
289 2253 317 2278 c.
340 2242 375 2283 C,
400 2250 554 2276 nvmlcvs
571 2245 802 2273 ADOLESOENS
820 2243 929 2268 sums
945 2241 1039 2265 mim
1061 2229 1102 2272 Β,
1120 2237 1274 2262 Evmovs
1291 2234 1399 2259 Anon.
1420 2231 1493 2256 cna
1510 2219 1560 2254 D2
1652 2218 1717 2251 962
1728 2216 1819 2260 post

157 2304 222 2336 963
240 2298 408 2339 traditur,
425 2307 521 2332 corr.
542 2293 700 2341 Pylades
792 2292 857 2324 962
875 2290 1064 2333 appatrem
1077 2283 1154 2320 CD¹
1247 2283 1311 2317 963
1331 2280 1390 2314 L.:
1410 2277 1478 2312 DE
1492 2275 1526 2310 B
1617 2273 1681 2307 fiet
1697 2271 1728 2305 Β

156 2355 301 2392 eutiche
326 2354 373 2395 B,
398 2352 516 2388 eutice
543 2349 603 2387 CD
718 2350 784 2383 964
808 2345 980 2391 optimam
1004 2342 1039 2377 B
1153 2337 1436 2384 oportunitatem
1525 2333 1565 2366 ut
1588 2326 1741 2364 uenistis
1772 2325 1820 2366 B,

158 2414 225 2448 aut
247 2410 398 2447 uenistis
425 2409 503 2450 CD,
529 2417 624 2443 corr.
652 2403 881 2440 CamerarIus
995 2401 1059 2433 965
1085 2396 1136 2442 cf.
1162 2395 1211 2430 ad
1234 2394 1316 2430 Aul.
1338 2392 1414 2426 603
1504 2387 1673 2434 pacatast
1697 2382 1742 2424 D,
1767 2381 1821 2426 cf.

158 2468 268 2503 Lucr.
295 2469 328 2509 5,
343 2466 435 2501 1154
519 2465 628 2505 certe,
653 2471 746 2495 corr.
773 2457 1001 2494 Camerarius
1008 2467 1023 2496 ;
1047 2454 1097 2499 cf.
1122 2453 1201 2499 frq.
1226 2450 1297 2485 inc.
1317 2449 1364 2483 59
1380 2445 1420 2481 G.
1538 2445 1602 2478 966
1627 2440 1695 2476 tibi
1717 2436 1823 2483 (iam)

161 2522 378 2560 Ritsokelius
493 2522 557 2555 968
583 2518 670 2564 quid
694 2519 726 2553 Β
838 2516 903 2548 969
927 2512 1004 2558 (si)
1037 2508 1264 2545 Camerarius
1378 2506 1444 2538 970
1470 2500 1630 2544 capiunt,
1656 2494 1824 2534 correxi;

163 2580 242 2616 scil.
268 2590 347 2615 cum
370 2577 498 2624 qeneri
519 2585 648 2621 sapere
672 2571 872 2612 conveniat,
898 2568 1041 2614 inqendo
1067 2563 1315 2611 impediuntur
1405 2557 1599 2603 ingenium,
1624 2563 1719 2588 corr.
1745 2549 1824 2585 Col-

164 2637 242 2672 vz'us
332 2635 500 2670 damnum
524 2631 686 2676 capiunt,
709 2638 822 2673 genus
846 2625 989 2670 ingenio
1016 2633 1096 2658 cum
1120 2621 1143 2655 i.
1170 2617 1388 2654 Raso-laelius
1491 2615 1556 2648 972
1580 2613 1735 2646 aetatem

165 2692 287 2727 fuerat
308 2690 396 2733 filio,
421 2700 515 2724 corr.
542 2686 701 2722 Bomius
838 2685 903 2718 973
927 2682 1083 2724 emptam
1106 2679 1254 2721 argento
1280 2673 1431 2718 eripere,
1455 2680 1548 2705 corr.
1582 2666 1738 2702 Weisz'us

167 2751 235 2784 974
258 2747 406 2783 charine
432 2745 492 2781 CD
584 2743 628 2778 E.
654 2752 703 2777 ex
727 2743 767 2777 L.
794 2744 827 2777 B
917 2741 981 2773 977
1007 2734 1170 2781 supplevi
1262 2729 1519 2770 alterinsecus,
1544 2734 1636 2759 corr.
1664 2733 1693 2764 ς,
1717 2719 1826 2767 qloss⁸

169 2805 291 2840 Plaut.
384 2805 449 2838 979
475 2801 516 2835 L.
536 2799 781 2835 Camerarius:
805 2797 849 2832 E.
943 2796 1008 2830 980
1032 2792 1102 2826 iret
1118 2788 1254 2824 notavit
1271 2783 1492 2820 Luehbertas
1515 2780 1609 2816 stud.
1633 2788 1690 2825 qr.
1708 2778 1746 2818 2,
1766 2776 1828 2815 90,

170 2861 222 2906 cf.
242 2862 347 2895 Truc-
371 2859 452 2894 163.
479 2857 573 2898 381;
599 2855 664 2891 sed
684 2858 832 2901 praeter
855 2849 1102 2890 indicativum,
1127 2845 1222 2880 velat
1246 2840 1377 2889 (hinc)
1406 2840 1445 2875 111
1475 2838 1621 2874 exilium
1645 2845 1724 2871 cum
1751 2832 1830 2868 ibat
