2049 3178
214 76 268 113 44
953 71 1136 108 PLAVTI
1560 72 1614 105 εις.
1634 70 1787 99 xm-rv
1799 70 1826 104 3,
1846 72 1879 100 11

215 191 393 243 (AMPH.)
423 190 508 230 Noli
540 189 709 241 pessimo
738 187 904 240 precari.
1877 200 1940 230 xui
1960 203 1984 237 (.

213 282 405 330 (BLEPH.)
493 280 659 318 animam
691 277 906 328 comprime
1877 292 1936 320 xlv
1955 293 2013 326 (xv

213 428 363 474 (IVPP.)
394 424 639 463 Manifestum
672 424 778 462 hunc
809 428 966 473 optorto
999 421 1100 461 collo
1132 428 1246 462 teneo
1278 422 1403 461 furem
1435 422 1566 473 flagiti.
1877 438 2019 474 xvux)¹

211 493 393 546 (AMPH.)
425 492 547 530 Immo
581 503 654 542 ego
686 490 804 537 hunc,
836 489 1013 529 Thebani
1046 490 1159 537 cives,
1191 490 1257 541 qui
1288 490 1392 529 domi
1425 502 1586 529 uxorem
1617 501 1743 528 meam
1877 505 2003 540 xv1(x)

214 560 453 612 impudicitia
484 558 693 609 impedivit,
725 565 854 605 teneo,
886 559 1142 598 thensaurum
1172 558 1312 610 stupri.

212 651 390 701 (AMPH.)
422 649 535 688 Nilne
566 655 604 688 te
636 648 770 701 pudet,
801 648 976 695 sceleste,
1007 649 1143 700 populi
1177 648 1216 687 in
1249 653 1504 700 conspectum
1536 646 1717 699 ingredi?
1874 661 1946 690 xvu
1965 663 2014 697 (vl

207 741 386 791 (Ama.)
473 738 715 778 clandestino
1874 750 1988 786 inm<

209 831 369 882 (AMPH.
399 833 476 869 sive
496 829 629 878 IVPP.)
676 829 750 874 Qui
774 840 945 880 nequeas
967 833 1192 868 nostrorum
1216 833 1304 867 uter
1324 828 1374 867 sit
1394 827 1624 879 Amphitruo
1647 828 2006 874 decernere.xix(x1

214 978 410 1029 (BLEPH.)
461 976 537 1015 Vos
569 976 673 1015 inter
702 987 770 1013 vos
801 975 960 1026 partite;
992 987 1064 1025 ego
1097 974 1208 1022 abeo,
1239 975 1332 1014 mihi
1365 975 1564 1026 negotium
1597 982 1672 1024 est;
1761 919 1826 959 IV
1847 921 1964 1018 31035

207 1059 334 1097 nequo
367 1056 437 1094 ego
471 1056 654 1095 umquam
686 1055 851 1094 usquam
883 1049 989 1082 tanta
1021 1043 1116 1081 mira
1148 1055 1209 1081 me
1239 1043 1379 1082 vidisse
1411 1055 1567 1082 censeo.

203 1114 351 1153 ΑΜΡΗ.
388 1112 596 1163 Blepharo,
619 1123 762 1162 quaeso
784 1116 828 1149 ut
849 1110 1056 1150 advocatus
1076 1110 1128 1149 mi
1150 1109 1252 1149 adsis
1274 1122 1370 1148 neve
1391 1109 1520 1149 abeas.
1564 1109 1728 1151 BLEPH.
1769 1110 1872 1150 Vale.

205 1182 297 1233 quid
331 1187 447 1232 opust
476 1192 538 1219 me
569 1179 768 1225 advocato,
802 1181 867 1229 qui
899 1178 977 1217 utri
1009 1179 1080 1217 sim
1113 1178 1319 1217 advocatus
1351 1176 1514 1217 nescio?
1545 1201 1594 1207 —

204 1250 320 1290 vap.
352 1249 460 1287 Intro
492 1260 563 1299 ego
596 1247 688 1286 binc
720 1259 780 1286 eo.
826 1247 1040 1285 Alcumena
1072 1246 1253 1298 parturit.
1285 1267 1340 1274 —
1370 1245 1518 1286 ΑΜΡΗ.
1564 1246 1666 1286 Perii
1696 1246 1825 1286 miser.

204 1318 295 1370 quid
329 1330 400 1369 ego
431 1313 631 1370 <saciam,>
663 1327 780 1366 quem
812 1315 985 1354 advocati
1017 1314 1091 1353 iam
1125 1320 1241 1365 atque
1272 1314 1385 1353 amici
1416 1313 1631 1353 deserunt?
1889 1321 1964 1356 1040

204 1397 419 1437 numquam
452 1384 591 1436 edepol
623 1395 684 1422 me
715 1383 868 1422 inultus
900 1383 985 1422 istic
1016 1382 1242 1430 luditicabit,
1274 1382 1451 1433 quisquis
1481 1389 1561 1429 est;

204 1466 292 1493 nam
325 1454 398 1492 iam
431 1453 475 1491 ad
508 1464 638 1503 regem
671 1457 775 1490 recta
809 1463 870 1489 me
902 1451 1038 1489 ducam
1072 1463 1213 1501 resque
1245 1456 1288 1489 ut
1318 1451 1416 1489 tacta
1447 1457 1505 1489 est
1536 1450 1708 1502 eloquar.
1739 1460 1763 1491 ÷

204 1535 276 1573 ego
307 1521 372 1573 pol
405 1520 513 1559 illum
547 1519 711 1558 ulciscar
740 1519 858 1558 hodie
888 1519 1116 1558 Thessalum
1148 1519 1378 1564 veneficum,

201 1590 266 1642 qui
299 1601 483 1642 pervorse
514 1587 756 1639 perturbavit
787 1587 951 1626 familiae
981 1593 1152 1626 mentem
1184 1599 1306 1625 meae.

203 1658 270 1698 sed
302 1657 369 1697 uhi
400 1654 529 1695 illest?
561 1656 664 1694 intro
697 1655 837 1706 edepol
869 1655 974 1702 abiit,
1007 1655 1124 1694 credo
1159 1654 1203 1693 ad
1236 1665 1398 1693 uxorem
1431 1665 1568 1692 meam.
1887 1660 1962 1695 1045

311 1822 401 1859 XIII
424 1822 537 1858 schol.
571 1822 678 1868 Verq.
694 1823 781 1857 Aen.
810 1823 845 1863 8,
871 1823 947 1857 127
969 1823 1122 1863 (ueteres
1147 1823 1184 1856 et
1203 1817 1346 1865 ‘precor
1365 1817 1433 1854 illi'
1460 1830 1527 1865 pro
1550 1817 1693 1864 ‘precor
1708 1829 1775 1864 pro
1791 1816 1867 1856 iuo’

199 1881 382 1921 dicebant)
498 1879 612 1915 nobili
635 1878 801 1924 pessime,
826 1889 920 1914 corr.
945 1877 1109 1913 Danielis
1235 1877 1511 1922 ⁸qrammalieum
1535 1886 1607 1910 non
1631 1883 1727 1912 recte
1758 1877 1870 1912 inler-

196 1942 378 1984 prelatum
416 1936 523 1972 verba
559 1935 659 1970 AsIn.
690 1936 766 1970 477
797 1934 867 1970 leuc
901 1935 1084 1970 rettulisse
1116 1933 1349 1969 coniecerunt
1382 1933 1549 1968 Loemius
1586 1932 1758 1968 Goetzius

197 1994 283 2029 XIV
310 1994 451 2029 Nonius
475 1994 553 2027 233
577 1992 710 2033 (anima
736 1991 916 2036 significat
938 1991 1164 2027 iracundiam
1189 1991 1248 2026 uel
1272 1990 1448 2026 furorem:
1475 1994 1594 2025 tacere
1617 1990 1772 2025 iubentis
1794 2001 1871 2027 esse

197 2052 285 2087 vidie
317 2050 520 2095 Vssz’nqz’us)
658 2060 746 2083 sane
770 2049 819 2083 ad
842 2049 951 2083 aliam
976 2059 1142 2083 scaenam
1159 2048 1348 2094 pertinere
1370 2050 1490 2093 polest
1633 2047 1703 2083 XV
1728 2047 1870 2083 Nonius

196 2109 289 2150 453,
312 2108 364 2143 24.
394 2106 530 2141 furtum
563 2126 606 2130 —-
638 2116 741 2140 omne
770 2105 943 2150 quidquid
975 2105 1115 2140 occulte
1146 2104 1300 2148 geritur:
1333 2115 1421 2150 erqo
1447 2103 1536 2139 furti
1559 2102 1725 2139 Loervius
1761 2101 1869 2139 Goet-

194 2165 276 2200 zius
367 2162 570 2199 manufesto
599 2161 843 2197 Scltroederus
868 2163 920 2196 30
932 2172 985 2207 sq.
1077 2161 1164 2197 XVI
1189 2160 1333 2196 Nonius
1354 2161 1423 2195 331
1448 2160 1645 2205 (impedire,
1671 2160 1869 2202 sordidare,

195 2222 242 2257 ad
259 2221 431 2266 probrum
449 2220 599 2254 ducere:
626 2216 744 2254 ‘immo
769 2239 812 2243 —
837 2214 1056 2264 impediuit’3
1084 2217 1132 2252 id.
1158 2218 1233 2252 456
1257 2219 1466 2253 thesaurum
1490 2217 1598 2253 etiam
1623 2217 1764 2262 copiam
1786 2227 1871 2261 pes-

195 2277 306 2312 simae
335 2276 389 2311 rei
421 2275 492 2311 dici
522 2286 629 2321 posse
656 2289 716 2310 —:
737 2273 815 2320 ‘qui
844 2275 940 2311 domi
965 2295 1007 2300 —
1039 2271 1184 2319 stupri')
1322 2274 1418 2310 inmo
1444 2274 1562 2317 (inme)
1586 2273 1680 2308 Non.
1708 2274 1778 2308 331

195 2334 246 2378 cf.
271 2344 350 2379 arq.
376 2334 414 2375 2,
443 2334 465 2366 6
583 2332 686 2368 XVII
712 2332 852 2368 Nonius
877 2332 1010 2366 454572.
1037 2331 1212 2376 (ingredi),
1233 2335 1320 2378 post
1342 2331 1419 2377 srq.
1443 2333 1491 2366 15
1613 2329 1736 2366 XVIII
1758 2329 1871 2376 qloss.

194 2389 318 2425 Plaut.
342 2388 532 2425 Ritsclzelie·
554 2390 648 2424 inter
671 2400 804 2434 susque
830 2389 944 2433 deque
962 2390 1067 2431 (886)
1091 2393 1125 2423 ec
1149 2388 1345 2433 perniciter
1369 2389 1482 2430 (1116)
1615 2386 1701 2421 XIX
1726 2386 1872 2422 Nonius

195 2448 276 2481 :285
298 2446 517 2489 (decernere)
656 2456 772 2490 neque
795 2447 862 2480 has
1001 2445 1052 2489 cf.
1080 2455 1158 2490 ary.
1183 2446 1228 2486 2,
1257 2446 1280 2478 8
1417 2443 1579 2478 αάίεῖτιητ
1609 2442 1812 2478 Brandtius
1835 2448 1871 2478 et

197 2502 445 2538 Sclaroeclerus
482 2502 609 2538 Plauti
643 2503 722 2548 [νᾳ.
761 2502 914 2547 fabulae
952 2502 1095 2537 nomine
1135 2512 1206 2536 non
1248 2500 1408 2536 indicato
1448 2500 1548 2546 quod
1581 2500 1706 2545 adfert
1741 2499 1871 2534 Festus

193 2571 231 2605 p.
255 2560 327 2593 169
352 2561 424 2594 non
449 2570 513 2603 ego
538 2561 574 2594 te
599 2559 698 2602 noui,
723 2559 865 2594 naualis
891 2559 1022 2603 scriba,
1048 2557 1232 2594 columbar
1257 2557 1446 2603 impudens
1463 2555 1551 2603 (srq.
1568 2557 1637 2591 inc.
1655 2557 1706 2590 32
1725 2554 1779 2599 G.)

195 2615 238 2651 de
263 2615 382 2651 Aonio
402 2626 444 2661 p.
466 2616 511 2651 76
536 2626 566 2650 v.
585 2615 634 2650 acl
657 2627 685 2650 v.
705 2616 784 2650 400
904 2618 989 2650 1035
1015 2624 1138 2650 versus
1162 2624 1314 2649 caesura
1338 2623 1466 2648 carens
1490 2624 1562 2659 quo
1587 2613 1668 2648 loco
1692 2612 1869 2658 syllabam

195 2671 355 2707 amiserit
379 2672 450 2707 (lici
480 2673 603 2717 nequit
611 2684 626 2713 ;
650 2683 716 2708 uos
747 2673 842 2708 inter
866 2683 932 2708 uos
959 2670 1148 2706 tenendum
1172 2673 1236 2711 est,
1261 2670 1311 2715 cf.
1338 2669 1441 2705 Truc.
1468 2671 1540 2705 381
1563 2668 1642 2705 Mil.
1666 2669 1764 2703 1433
1790 2667 1869 2704 Ter.

193 2727 260 2762 Ad.
278 2729 362 2769 271,
387 2727 435 2762 ad
451 2726 564 2763 Stich.
586 2730 659 2764 702
774 2729 915 2774 parcite
940 2727 975 2763 B
1092 2729 1178 2762 1038
1203 2729 1311 2771 opust
1333 2727 1415 2762 med
1439 2725 1520 2768 DE,
1547 2737 1638 2771 opus
1662 2736 1718 2761 me
1743 2725 1779 2761 B

196 2783 293 2827 quin,
318 2795 409 2818 corr.
439 2785 666 2820 Camerarius
787 2789 872 2821 1040
897 2784 1067 2830 (faciam)
1094 2783 1244 2819 Gue‘clus
1362 2786 1446 2819 1041
1472 2793 1664 2829 numquem
1771 2782 1865 2818 ludi-

195 2838 322 2874 ficauit
417 2842 500 2875 1042
526 2853 608 2876 nam
634 2842 700 2877 del.
729 2841 919 2883 Gruterus,
943 2841 1008 2877 secl
1032 2841 1081 2886 cf.
1106 2840 1205 2876 Asin.
1235 2841 1330 2882 130,-
1351 2841 1443 2885 sort.
1469 2850 1524 2875 me
1549 2850 1652 2885 agam
