1998 3179
85 86 115 114 11
129 87 155 119 4,
174 87 275 115 59-88
797 82 1029 119 ASINARIA
1695 82 1716 118 7
1725 83 1743 118 1

86 201 228 240 Mmzc.
279 200 347 246 Sit,
380 212 459 238 non
492 199 553 246 sit,
586 211 664 238 non
698 198 836 249 edepol
867 197 960 237 scio.
1016 197 1048 236 si
1079 196 1110 235 is
1141 203 1209 242 est,
1241 208 1330 235 eum
1361 208 1444 235 esse
1476 202 1642 247 oportet.
1761 203 1816 234 465

87 280 158 318 ego
190 273 295 306 certe
325 279 387 305 me
416 266 567 305 incerto
598 265 678 304 scio
709 265 784 304 hoc
815 265 994 304 daturum
1028 264 1176 303 nemini
1207 263 1369 302 homiui.

85 336 221 375 Lisos.
273 333 411 373 Hercle
441 333 557 372 istum
588 332 625 371 di
657 344 794 371 omnes
823 332 1020 383 perduint.
1070 331 1189 370 verbo
1221 343 1310 370 cave
1341 330 1602 382 supplicassis,

87 406 196 442 l'erox
227 409 285 442 est
311 401 448 452 viginti
477 401 603 439 minas
633 411 737 438 meas
767 406 932 438 tractare
963 412 1061 438 sese.

89 483 202 510 nemo
234 469 386 520 accipit,
418 468 527 507 aufer
556 474 594 505 te
625 467 795 512 domum,
827 466 991 505 abscede
1022 466 1126 512 hinc,
1158 466 1344 505 molestus
1375 478 1424 505 ne
1455 465 1519 504 sis.

85 539 224 578 MERO.
273 537 394 576 Nimis
423 535 620 574 iracunde.
672 546 750 572 non
784 534 896 572 decet
925 533 1136 585 superbum
1169 545 1253 572 esse
1284 533 1483 572 hominem
1514 545 1676 571 servom.
1755 539 1811 570 470

84 606 219 646 LEON.
268 604 366 642 Malo
396 603 525 642 hercle
556 602 629 640 iam
661 613 802 652 magno
834 607 914 647 tuo,
947 601 986 640 ni
1017 601 1081 640 isti
1112 613 1184 639 nec
1214 607 1320 639 recte
1350 601 1457 639 dicis.

83 673 176 713 Lm.
225 672 395 723 Impure‚
428 670 549 709 nihili.
602 682 682 708 non
714 669 819 708 vides
849 668 991 707 irasci?
1049 669 1184 709 LEON.
1234 669 1357 719 Perge
1388 680 1521 719 porro.

83 741 176 779 Lm.
226 739 430 789 Flagitium
460 737 642 776 hominis.
688 736 747 784 da,
780 735 957 781 obsecro,
989 742 1195 787 argentum
1216 736 1318 782 huic,
1352 747 1401 773 ne
1424 735 1521 773 male
1549 734 1742 784 loquatur.

83 807 223 846 MERC.
267 805 410 844 Malum
431 805 561 843 hercle
583 803 691 843 vobis
713 803 911 854 quaeritis.
960 803 1095 843 LEON.
1142 803 1263 842 Crura
1293 802 1423 841 hercle
1455 802 1742 852 distringentum

87 874 126 913 ni
154 874 270 913 istum
301 872 540 924 impudicum
572 871 736 923 percies.
795 870 888 910 121ss.
941 870 1042 909 Perii
1076 871 1218 909 hercle.
1268 882 1338 921 age
1369 869 1576 920 impudice,
1756 875 1810 906 475

83 941 258 988 sceleste,
291 953 370 979 non
402 940 521 979 audes
553 939 644 978 mihi
674 939 837 978 scelesto
869 937 1103 978 subvenire?

82 1009 218 1050 Lon.
269 1008 407 1058 Pergin
439 1008 590 1060 precari
622 1005 819 1058 pessimo?
886 1007 1027 1046 MERC.
1076 1006 1185 1052 Quae
1216 1004 1308 1045 res?
1338 1012 1408 1044 tun
1440 1004 1563 1043 libero
1594 1002 1742 1041 homini

83 1077 181 1116 male
202 1089 334 1116 servos
352 1074 541 1126 loquere?
599 1075 736 1116 LEON.
782 1075 941 1126 Vapula.
991 1074 1131 1114 MERC.
1176 1074 1218 1112 ld
1240 1074 1395 1124 quidem
1418 1072 1485 1111 tibi
1517 1071 1646 1111 hercle
1669 1072 1744 1117 fiet,

84 1151 127 1184 ut
154 1144 323 1195 vapules,
356 1144 633 1182 Demaenetum
665 1143 779 1181 simul
810 1155 854 1181 ac
885 1154 1127 1193 conspexero
1159 1141 1287 1180 hodie.

85 1210 140 1265 [in
158 1212 217 1251 ius
238 1224 333 1250 voco
356 1218 406 1249 te.
439 1210 575 1250 LEON.
606 1210 692 1249 Non
716 1223 774 1249 eo.
810 1210 949 1250 MERC.
980 1210 1067 1248 Non
1091 1208 1152 1249 is?
1170 1215 1380 1248 memento.
1413 1209 1548 1247 Lon.
1571 1205 1812 1245 Meniini.430

84 1279 224 1321 MERC.
273 1278 435 1318 Dabitur
463 1278 530 1330 pol
559 1278 792 1329 supplicium
822 1277 916 1316 mihi
947 1278 993 1316 de
1023 1283 1132 1327 tergo
1164 1283 1307 1316 vostro.
1365 1276 1500 1316 Lssox.
1550 1274 1626 1313 Vae
1656 1280 1706 1313 te.

83 1346 152 1385 tibi
175 1346 330 1397 quidem
351 1345 598 1397 supplicium,
630 1346 830 1391 carnufex‚
861 1345 908 1383 de
929 1344 1043 1383 nobis
1074 1343 1215 1383 detur?
1245 1354 1270 1386 -ι-
1302 1344 1441 1384 Mmc.
1483 1344 1606 1393 Atque
1628 1342 1742 1381 etiam

83 1427 155 1465 pro
187 1413 298 1452 dictis
328 1413 468 1452 vostris
497 1413 696 1452 maledicis
727 1425 877 1464 poenae
912 1413 1132 1462 pendentur
1165 1412 1214 1450 mi
1245 1408 1388 1465 hodie]

83 1482 218 1522 Lssox.
267 1481 381 1527 Quid,
411 1479 606 1520 verbero?
637 1480 699 1518 ain
731 1487 786 1524 tu,
819 1478 1008 1519 furcifer?
1039 1492 1149 1518 erum
1183 1493 1254 1518 nos
1285 1480 1449 1529 fugitare
1480 1475 1646 1516 censes?
1673 1482 1811 1515 484.‹185

83 1550 120 1589 ei
150 1550 332 1588 nunciam
363 1550 409 1588 ad
441 1560 563 1594 erum,
596 1560 672 1599 quo
703 1560 828 1595 vocas,
860 1548 933 1586 iam
965 1547 1109 1586 dudum
1142 1560 1218 1598 quo
1249 1546 1416 1585 volebas.

83 1617 222 1657 Mmzc.
243 1617 356 1656 Nunc
373 1615 556 1655 demum?
579 1623 705 1654 tamen
727 1628 938 1666 numquam
958 1615 1050 1654 hinc
1069 1616 1169 1654 seres
1184 1615 1334 1665 argenti
1354 1625 1569 1659 nummum,
1590 1612 1661 1651 nisi
1681 1624 1741 1650 me

84 1685 175 1724 dare
205 1685 360 1723 iusserit
390 1685 663 1723 Demaenetus.
722 1683 857 1724 Lnox.
909 1683 962 1722 Ita
994 1683 1122 1730 facito,
1154 1695 1224 1734 age
1255 1682 1406 1721 ambula
1439 1694 1545 1732 ergo.

83 1759 125 1792 tu
157 1752 431 1792 contumeliam
463 1752 572 1790 alteri
603 1751 732 1797 facias,
765 1751 835 1790 tibi
867 1764 946 1790 non
980 1749 1159 1790 dicatur?

84 1826 160 1859 tam
177 1832 247 1870 ego
265 1820 381 1858 homo
393 1832 479 1859 sum
497 1831 611 1870 quam
631 1825 683 1858 tu.
715 1818 800 1859 ΜΕ.
823 1819 990 1858 Scilicet.
1012 1819 1063 1858 ita
1081 1831 1142 1857 res
1161 1824 1229 1857 est.
1259 1817 1337 1857 LE.
1360 1816 1531 1868 Sequere
1550 1817 1619 1855 hac
1638 1821 1811 1867 ergossao

84 1887 304 1939 praefiscini
334 1887 409 1926 hoc
441 1899 548 1926 nunc
579 1886 761 1925 dixerim:
795 1899 910 1925 nemo
943 1886 1056 1925 etiam
1089 1898 1150 1924 me
1182 1885 1375 1924 accusavit

84 1956 223 1994 merito
253 1967 355 2001 meo,
387 1967 515 2005 neque
547 1966 608 1993 me
639 1954 736 1992 alter
766 1960 823 1993 est
854 1954 1015 1993 Athenis
1046 1953 1160 1992 hodie
1191 1953 1407 2004 quisquam,

85 2023 148 2062 cui
178 2022 282 2061 credi
313 2028 419 2061 recte
450 2034 572 2072 aeque
604 2028 753 2073 putent.
813 2021 953 2062 MERC.
1003 2021 1206 2060 Fortassis.
1256 2020 1322 2059 sed
1354 2026 1481 2058 tamen
1516 2031 1576 2058 me

87 2102 299 2142 numquam
328 2089 443 2128 hodie
475 2089 649 2134 induces,
681 2096 723 2128 ut
754 2089 821 2128 tibi
853 2089 1007 2128 credam
1038 2089 1114 2128 hoc
1144 2096 1349 2138 argentum
1381 2088 1529 2138 ignoto.

86 2157 201 2210 lupus
231 2163 289 2197 est
317 2157 434 2196 homo
471 2157 633 2204 homini,
666 2170 744 2195 non
778 2157 908 2202 homo,
940 2169 1057 2208 quom
1090 2157 1214 2208 qualis
1243 2156 1292 2194 sit
1322 2168 1402 2194 non
1437 2155 1554 2194 novit.
1755 2158 1811 2190 495

199 2337 264 2369 465
288 2334 333 2369 de
355 2345 486 2380 qenere
510 2333 651 2370 dicendi
674 2345 705 2369 v.
730 2334 779 2368 ad
800 2334 881 2369 Aul.
904 2336 986 2370 207
1075 2337 1136 2368 467
1162 2334 1319 2379 perdunt
1343 2333 1405 2375 B¹‚
1429 2333 1599 2378 perdiunt
1622 2332 1659 2367 E

86 2393 152 2426 469
186 2391 329 2436 accepit
492 2390 612 2426 aufert
645 2393 682 2426 te
718 2390 859 2433 B¹DE,
893 2394 931 2426 te
965 2390 1070 2426 aufer
1105 2390 1275 2436 Enyerus
1422 2393 1482 2423 471
1523 2389 1638 2424 Laos.
1675 2400 1743 2425 om.

89 2446 215 2483 B¹DE
301 2448 366 2481 472
390 2446 493 2482 nibili
517 2445 553 2481 E
656 2450 721 2481 475
747 2458 812 2491 age
835 2447 874 2481 in
897 2447 1028 2491 pudice
1058 2448 1095 2481 in
1124 2447 1199 2491 fine
1227 2457 1351 2481 versus
1374 2444 1624 2486 antecedentis,
1649 2456 1745 2481 corr.

90 2501 298 2538 Gulielmius
439 2506 502 2538 477
541 2503 591 2548 cf.
627 2503 676 2537 ad
710 2503 836 2549 Amph.
873 2504 950 2550 frq.
981 2505 1027 2538 13
1169 2502 1313 2538 homine
1462 2504 1526 2536 478
1562 2502 1656 2537 malo

87 2558 151 2594 flet
184 2558 311 2594 BD¹E
443 2561 621 2594 480—483
646 2559 773 2594 delevit
807 2559 996 2606 Vsslnqius
1113 2562 1177 2594 480
1201 2559 1246 2593 iis
1361 2560 1424 2593 481
1451 2568 1496 2592 ue
1612 2560 1677 2592 482
1701 2559 1746 2594 de

88 2615 203 2659 nobis,
220 2615 405 2659 carnufex,
429 2616 536 2650 detur
559 2616 801 2660 supplicium?
826 2615 984 2651 Botlez'us
1076 2618 1139 2650 483
1157 2615 1358 2650 maledictis
1450 2616 1527 2648 484.
1545 2616 1611 2648 485
1628 2624 1694 2649 nos
1713 2626 1748 2651 ς.-

89 2672 227 2706 nosmet
249 2670 366 2713 codd„
388 2682 444 2706 me
470 2671 671 2718 Vssinqius,
695 2672 745 2717 cf.
769 2671 986 2707 Re'bbeclcz'us
1008 2683 1096 2706 mus.
1122 2671 1237 2706 Rhen.
1266 2672 1323 2712 37,
1352 2672 1399 2704 63
1524 2672 1590 2705 486
1614 2670 1641 2705 ii
1666 2669 1748 2714 DE,

89 2726 103 2760 i
119 2726 170 2761 B²
259 2727 348 2770 fort.
373 2728 540 2763 uolebam
631 2731 696 2763 490
715 2729 852 2764 scilicet
868 2749 912 2754 —
929 2739 1012 2772 ergo
1028 2729 1252 2769 mercatoris,
1266 2738 1360 2762 corr.
1375 2740 1392 2763 ς
1484 2729 1545 2761 491
1567 2726 1748 2771 preficisci

89 2782 128 2818 ni
142 2781 278 2826 DEB²,
300 2783 480 2828 perficisci
503 2783 616 2826 niB1,
640 2795 732 2819 corr.
751 2785 854 2820 Curio
947 2784 1142 2819 dixerimus
1169 2783 1205 2818 E
1309 2787 1373 2818 492
1398 2794 1454 2819 me
1479 2783 1631 2818 Athenis
1655 2783 1748 2818 alter

66 2843 70 2846 ’
91 2840 155 2881 est,
179 2848 273 2873 corr.
300 2839 483 2874 Bentleius
574 2843 639 2875 493
665 2840 725 2884 qui
755 2841 799 2875 0¹
891 2841 1056 2876 fortassis
1081 2841 1130 2886 cf.
1161 2839 1293 2875 Bacch.
1321 2841 1342 2873 6
1350 2841 1386 2875 71
