1998 3179
63 101 106 128 Ν
117 101 144 134 3,
166 99 262 127 12—v
272 99 298 131 1,
318 98 352 126 17
746 91 1035 129 AMPHITRVO
1669 91 1693 126 4
1701 90 1723 126 5

64 214 129 266 qui
159 225 220 251 me
252 211 395 250 Thebis
424 210 520 249 alter
548 208 639 248 vivit
667 205 876 247 miserior?
908 207 1000 257 quid
1033 218 1142 245 nunc
1173 217 1296 257 agam,

65 293 182 333 quem
213 292 352 318 omnes
381 278 565 317 mortales
595 276 778 328 ignorant
808 283 846 314 et
875 274 1079 313 ludificant
1108 279 1152 312 ut
1182 273 1302 312 lubet.

64 353 262 394 certumst,
294 347 398 385 intro
430 356 608 397 rumpam
639 344 678 382 in
710 343 834 382 aedis:
869 342 935 381 ubi
966 354 1160 393 quemque
1190 340 1390 379 hominem
1422 351 1622 392 aspexero,

63 416 94 455 si
125 414 303 453 ancillam
335 426 404 453 seu
434 425 585 453 servom
617 412 695 451 sive
727 422 887 449 uxorem
919 411 997 449 sive
1029 410 1247 448 adulterum

64 496 132 523 seu
163 489 313 535 patrem
344 482 422 521 sive
453 484 562 520 avom
592 478 744 526 videbo,
777 477 1020 517 obtruncabo
1052 478 1090 516 in
1125 476 1297 516 aedibus.
1742 481 1815 516 1050

65 563 193 602 neque
223 563 285 589 me
314 549 490 600 Iuppiter
521 559 648 598 neque
680 546 717 584 di
748 558 885 585 omnes
916 545 951 583 id
984 544 1266 596 prohibebunt,
1296 543 1328 583 si
1358 543 1501 588 volent,

65 618 158 669 quin
190 617 246 657 sic
276 616 409 655 faciam
441 621 484 654 ut
514 614 710 653 constitui.
762 624 920 665 pergam
953 613 992 651 in
1025 612 1129 651 aedis
1161 611 1359 650 nunciam.

779 734 1005 776 BROMIA
1639 735 1681 774 V
1705 738 1725 774 1

152 819 249 870 Spes
279 821 393 868 atque
425 829 519 868 opes
549 815 647 855 vitae
678 827 786 854 meae
902 814 1031 852 iacent
1061 813 1235 864 sepultae
1267 813 1306 851 in
1340 819 1512 865 pectore,

151 898 279 937 neque
309 885 424 924 ullast
452 883 688 923 confidentia
806 882 879 920 iam
911 882 949 920 in
984 881 1113 928 corde,
1145 881 1240 931 quin
1272 880 1489 928 amiserim

149 955 200 993 ita
232 952 324 991 mihi
354 952 535 991 videntur
565 951 710 996 omnia,
827 962 932 988 mare
964 955 1068 988 terra
1100 948 1262 995 caelum,
1294 949 1498 999 consequi,
1745 953 1818 985 1055

151 1022 224 1060 iam
257 1026 297 1060 ut
327 1019 540 1072 opprimar,
572 1025 614 1057 ut
644 1018 790 1057 enicer.
907 1029 969 1056 me
1001 1017 1194 1062 miseram,
1226 1016 1320 1067 quid
1351 1028 1459 1066 agam
1492 1018 1637 1057 nescio.

150 1090 200 1128 ita
230 1094 336 1127 tanta
367 1087 465 1126 mira
496 1087 535 1125 in
568 1085 729 1125 aedibus
844 1092 936 1124 sunt
966 1085 1078 1123 sacta.
1121 1096 1190 1123 vae
1220 1084 1386 1123 miserae
1418 1085 1524 1131 mihi,

150 1157 280 1195 animo
311 1155 458 1201 malest,
494 1166 632 1205 aquam
663 1153 788 1192 velim.
916 1159 1101 1203 corrupta
1131 1164 1217 1191 sum
1249 1158 1364 1202 atque
1395 1152 1598 1204 absumpta
1629 1165 1728 1192 sum.

151 1230 268 1275 caput
297 1223 414 1270 dolet,
446 1234 574 1273 neque
605 1221 731 1268 audio,
849 1233 922 1259 nec
954 1220 1077 1260 oculis
1107 1220 1305 1272 prospicio
1337 1220 1441 1267 satis,

152 1304 225 1330 nec
254 1303 316 1330 me
346 1290 524 1330 miserior
555 1290 698 1328 femina
729 1296 788 1328 est
904 1301 1032 1339 neque
1064 1288 1141 1326 ulla
1171 1288 1345 1326 videatur
1376 1287 1509 1338 magis.
1746 1292 1820 1324 1060

153 1360 202 1398 ita
225 1371 313 1397 erae
335 1370 442 1397 meae
472 1358 587 1396 hodie
610 1357 785 1407 contigit.
904 1368 991 1394 nain
1025 1355 1092 1394 ubi
1123 1356 1303 1407 parturit,
1334 1356 1427 1394 deos
1457 1355 1530 1394 sibi
1562 1356 1728 1402 invocat,

67 1427 265 1479 strepittis,
288 1426 471 1478 crepitus,
493 1426 658 1472 sonitus,
680 1425 870 1463 tonitrus:
894 1429 935 1462 ut
953 1423 1094 1470 subito,
1119 1429 1159 1462 nt
1176 1435 1358 1474 propere,
1382 1430 1424 1462 ut
1441 1423 1562 1462 valide
1581 1424 1727 1462 tonuit!

150 1494 218 1533 uhi
249 1496 414 1545 quisque
444 1493 648 1539 institerat,
681 1492 852 1532 concidit
967 1491 1131 1542 crepitu.
1183 1491 1235 1529 ibi
1267 1491 1399 1530 neseio
1432 1491 1518 1542 quis
1550 1493 1727 1529 maxuma

121 1566 215 1601 voce
246 1561 452 1600 exclamat:
479 1556 724 1607 ‘Alcumena,
756 1560 864 1599 adest
894 1559 1093 1606 auxilium,
1128 1572 1177 1598 ne
1209 1559 1322 1598 time:

123 1637 161 1669 et
190 1629 258 1669 tibi
290 1635 328 1668 et
356 1630 432 1669 tuis
462 1629 655 1681 propitius
686 1628 781 1667 caeli
813 1628 940 1667 cultor
971 1627 1138 1666 advenit.
1747 1629 1822 1663 1065

152 1692 365 1749 exstirgite'
400 1697 528 1748 inquit
554 1692 639 1748 ‘qui
669 1704 819 1735 terrore
850 1708 936 1734 meo
969 1695 1164 1734 occidistis
1197 1706 1290 1746 prae
1321 1690 1451 1733 metu-³

68 1772 111 1804 ut
140 1765 252 1812 iacui,
284 1777 463 1816 exsurgo.
515 1764 649 1803 ardere
680 1764 816 1803 censui
847 1764 964 1809 aedis,
997 1764 1046 1802 ita
1078 1769 1159 1802 turn
1193 1762 1486 1814 confulgebant.

152 1832 203 1871 ibi
235 1845 296 1870 me
327 1832 510 1871 inclamat
540 1821 774 1880 Alcumena;
806 1832 879 1870 iam
911 1833 954 1869 ea
987 1844 1048 1870 res
1080 1843 1140 1870 me
1172 1831 1337 1870 horrore
1368 1830 1510 1877 adiicit,

69 1899 174 1939 erilis
203 1903 414 1952 praevertit
444 1906 589 1939 metus:
707 1902 884 1945 accurro,
916 1904 958 1937 ut
989 1899 1152 1937 sciscam
1184 1899 1275 1949 quid
1309 1899 1410 1938 velit.

182 2012 268 2045 1048
293 2011 431 2045 certust
544 2009 707 2052 aedibus,
740 2019 832 2043 corr.
860 2008 1109 2049 Camerarius;
1133 2008 1215 2041 item
1239 2009 1361 2049 1052,·
1385 2009 1436 2052 cf.
1461 2007 1538 2043 Mil.
1564 2009 1641 2042 460

70 2069 155 2101 1049
181 2067 211 2101 si
235 2086 278 2091 —
304 2076 368 2101 seu
390 2085 436 2091 —
460 2066 537 2101 siue
561 2085 603 2090 —
629 2065 723 2100 siue:
754 2070 884 2110 quater
915 2065 1010 2108 siue,
1042 2064 1106 2099 sed
1128 2065 1254 2100 ultimo
1280 2064 1359 2100 loco
1385 2075 1448 2100 seu
1466 2064 1512 2106 B,
1538 2075 1577 2100 se
1595 2065 1642 2100 D¹

70 2125 155 2157 1050
173 2122 205 2157 si
220 2142 263 2147 —
280 2123 311 2157 si
327 2121 486 2157 Bothz'us
579 2124 664 2157 1052
690 2121 746 2156 vel
768 2122 820 2156 uti
913 2122 1057 2156 BRomA
1073 2131 1246 2156 Ancnma.
1268 2123 1484 2156 AMPmchlo
1504 2121 1548 2162 B,
1567 2122 1734 2156 Ancum

66 2189 208 2214 ΒΒοΜῙΔ
231 2187 437 2213 ΑΜΡΗ1Τ1110
463 2177 507 2219 Ε,
530 2178 698 2213 Ancum
721 2188 927 2212 AMPHITRIO
958 2177 987 2212 D
1128 2181 1216 2212 1054
1242 2177 1498 2212 confidentiam
1523 2177 1648 2212 B¹DE

71 2237 155 2269 1055
170 2234 315 2270 uidetur
327 2234 365 2269 E
453 2234 623 2279 consequi
637 2235 712 2269 scil.
725 2245 780 2269 me
876 2236 961 2268 1056
974 2234 1089 2269 inicer
1099 2233 1144 2275 E,
1157 2234 1285 2268 inicier
1301 2233 1334 2267 B
1430 2237 1515 2269 1058
1530 2237 1735 2278 eorrumpta

67 2289 329 2332 Fleckee'senns,
354 2290 405 2336 cf.
432 2290 567 2326 Bacch.
596 2292 671 2325 603
699 2290 793 2325 Trita.
818 2291 894 2324 114.
911 2291 991 2324 240
1086 2292 1171 2324 1060
1197 2289 1330 2325 femina
1354 2290 1498 2325 neculla
1523 2289 1737 2324 Redslobius

68 2345 113 2380 N.
133 2345 225 2392 phil.
249 2345 417 2381 rmedsclz.
442 2348 555 2389 1892,
584 2348 606 2382 7
627 2347 739 2390 (Trite.
764 2348 857 2384 282)
960 2349 1043 2382 1061
1075 2347 1118 2381 de
1142 2347 1316 2393 asyndeto
1342 2347 1391 2392 cf.
1417 2357 1445 2382 e.
1470 2358 1505 2392 q.
1533 2347 1633 2382 Curc.
1659 2348 1735 2381 329

69 2401 179 2438 Stich.
206 2403 282 2437 366
293 2414 347 2448 sq.
477 2404 544 2439 sibi
568 2404 716 2439 inuocat
743 2404 793 2449 cf.
826 2403 926 2439 Cure.
952 2404 1025 2438 354
1166 2406 1252 2437 1062
1283 2403 1439 2438 tonitrus
1474 2402 1557 2444 DE,
1585 2406 1737 2438 testatur

68 2457 231 2493 Nonius:
253 2459 424 2495 tonitrius
450 2459 507 2501 B,·
530 2460 574 2495 de
598 2471 701 2496 versu
726 2464 954 2496 excrescente
978 2460 1030 2505 cf.
1056 2459 1186 2494 Pseud.
1209 2461 1286 2494 602
1310 2461 1406 2501 (178)
1431 2459 1525 2494 Rud.
1553 2461 1652 2501 928,·
1674 2459 1739 2495 sed

67 2516 232 2560 fortasse
247 2515 385 2551 tonitru
403 2519 444 2551 111
460 2516 638 2552 coalescit.
654 2528 768 2562 prope
785 2516 977 2552 Palmerus
1073 2520 1158 2552 1066
1174 2517 1264 2562 fort.
1291 2516 1426 2560 surgite
1519 2516 1646 2560 inquid

72 2572 171 2606 1067.
208 2574 292 2606 1068
322 2582 484 2607 versuum
517 2573 722 2608 coniunctio
754 2574 943 2619 systemati
969 2574 1161 2619 proxima,
1192 2573 1245 2618 cf.
1282 2573 1415 2607 Bacclz.
1443 2573 1509 2607 971
1534 2572 1635 2607 Pers.
1662 2572 1735 2606 34⁰

70 2624 180 2661 Stich.
204 2628 288 2662 275.
313 2629 398 2670 291,
423 2628 666 2675 Isiesslinyz‘us
689 2629 786 2664 anal.
811 2629 932 2665 Plaut.
957 2631 998 2664 11
1117 2632 1197 2663 1067
1225 2630 1332 2664 aedes
1358 2629 1410 2663 B²
1502 2629 1555 2664 ita
1578 2631 1665 2663 tunc
1691 2627 1737 2670 D,

70 2682 188 2717 itatim
212 2682 248 2717 E
364 2687 446 2719 1068
471 2696 527 2720 me
552 2697 618 2720 om.
645 2685 682 2720 E
769 2686 818 2720 ibi
842 2696 898 2721 me
921 2686 1098 2721 inclamat
1122 2689 1188 2728 (-a)
1212 2688 1426 2730 argumenta
1449 2688 1503 2726 (-a
1517 2689 1550 2723 a)
1575 2695 1656 2720 mea
1678 2695 1737 2719 res

71 2748 127 2772 me
150 2740 299 2774 horrore
323 2741 424 2782 (-ere)
449 2738 525 2774 affil
549 2739 620 2781 (-it)
639 2739 780 2774 Nonius
797 2741 874 2774 362
971 2743 1055 2775 1069
1073 2739 1171 2774 erilis
1189 2739 1325 2781 (ebelis)
1350 2739 1598 2784 praeuertitur
1621 2741 1737 2783 (prae-

71 2793 185 2836 beret)
211 2795 350 2831 Nonius
463 2798 578 2831 metus
603 2796 762 2830 Nonius:
785 2799 902 2832 motus
931 2795 972 2838 D,
996 2798 1136 2831 meotus
1163 2795 1209 2838 B,
1234 2806 1312 2831 meo
1337 2795 1450 2830 1011113
1480 2794 1515 2829 Ε
1627 2795 1739 2830 sciam

72 2849 213 2885 Nonius
