<?xml version="1.0" encoding="UTF-8"?>
<!DOCTYPE html PUBLIC "-//W3C//DTD XHTML 1.0 Transitional//EN"
    "http://www.w3.org/TR/xhtml1/DTD/xhtml1-transitional.dtd">
<html xmlns="http://www.w3.org/1999/xhtml" xml:lang="en" lang="en">
 <head>
  <title>
</title>
<meta http-equiv="Content-Type" content="text/html;charset=utf-8" />
  <meta name='ocr-system' content='tesseract 3.04.00' />
  <meta name='ocr-capabilities' content='ocr_page ocr_carea ocr_par ocr_line ocrx_word'/>
</head>
<body>
  <div class='ocr_page' id='page_1' title='image "./comoediaerecensu01plauuoft_0046.png"; bbox 0 0 2003 3188; ppageno 0'>
   <div class='ocr_carea' id='block_1_1' title="bbox 207 79 1863 123">
    <p class='ocr_par' dir='ltr' id='par_1_1' title="bbox 207 79 1863 123">
     <span class='ocr_line' id='line_1_1' title="bbox 207 79 1863 123; baseline -0.008 0"><span class='ocrx_word' id='word_1_1' title='bbox 207 86 259 123; x_wconf 83' lang='lat'>34</span> <span class='ocrx_word' id='word_1_2' title='bbox 941 81 1121 117; x_wconf 84' lang='lat' dir='ltr'>PLAVTI</span> <span class='ocrx_word' id='word_1_3' title='bbox 1641 80 1670 108; x_wconf 89' lang='lat'>11</span> <span class='ocrx_word' id='word_1_4' title='bbox 1681 79 1709 113; x_wconf 90' lang='lat'>2,</span> <span class='ocrx_word' id='word_1_5' title='bbox 1727 80 1863 110; x_wconf 77' lang='lat'>156—185</span> 
     </span>
    </p>
   </div>
   <div class='ocr_carea' id='block_1_2' title="bbox 190 194 1935 2276">
    <p class='ocr_par' dir='ltr' id='par_1_2' title="bbox 206 194 1594 253">
     <span class='ocr_line' id='line_1_2' title="bbox 206 194 1594 253; baseline -0.005 -13"><span class='ocrx_word' id='word_1_6' title='bbox 206 213 255 240; x_wconf 90' lang='lat' dir='ltr'>ne</span> <span class='ocrx_word' id='word_1_7' title='bbox 286 200 480 253; x_wconf 81' lang='lat' dir='ltr'>posterius</span> <span class='ocrx_word' id='word_1_8' title='bbox 511 200 548 238; x_wconf 91' lang='lat' dir='ltr'>in</span> <span class='ocrx_word' id='word_1_9' title='bbox 582 211 641 237; x_wconf 90' lang='lat' dir='ltr'>me</span> <span class='ocrx_word' id='word_1_10' title='bbox 673 198 826 249; x_wconf 85' lang='lat' dir='ltr'>culpam</span> <span class='ocrx_word' id='word_1_11' title='bbox 857 197 1050 235; x_wconf 83' lang='lat' dir='ltr'>conseras.</span> <span class='ocrx_word' id='word_1_12' title='bbox 1110 195 1257 234; x_wconf 75' lang='lat' dir='ltr'><strong>AMPH.</strong></span> <span class='ocrx_word' id='word_1_13' title='bbox 1307 194 1425 245; x_wconf 80' lang='lat' dir='ltr'><strong>Aperi</strong></span> <span class='ocrx_word' id='word_1_14' title='bbox 1455 194 1594 242; x_wconf 81' lang='lat' dir='ltr'>modo3</span> 
     </span>
    </p>

    <p class='ocr_par' dir='ltr' id='par_1_3' title="bbox 206 262 1454 318">
     <span class='ocr_line' id='line_1_3' title="bbox 206 262 1454 318; baseline -0.007 -10"><span class='ocrx_word' id='word_1_15' title='bbox 206 281 294 308; x_wconf 90' lang='lat' dir='ltr'>nam</span> <span class='ocrx_word' id='word_1_16' title='bbox 327 270 420 308; x_wconf 90' lang='lat' dir='ltr'>haec</span> <span class='ocrx_word' id='word_1_17' title='bbox 453 267 606 318; x_wconf 88' lang='lat' dir='ltr'>quidem</span> <span class='ocrx_word' id='word_1_18' title='bbox 640 279 712 304; x_wconf 86' lang='lat' dir='ltr'>nos</span> <span class='ocrx_word' id='word_1_19' title='bbox 743 264 942 303; x_wconf 81' lang='lat' dir='ltr'>delirantis</span> <span class='ocrx_word' id='word_1_20' title='bbox 973 264 1099 301; x_wconf 80' lang='lat' dir='ltr'>facere</span> <span class='ocrx_word' id='word_1_21' title='bbox 1131 262 1242 300; x_wconf 86' lang='lat' dir='ltr'>dictis</span> <span class='ocrx_word' id='word_1_22' title='bbox 1273 262 1454 313; x_wconf 89' lang='lat' dir='ltr'>postulat.</span> 
     </span>
    </p>

    <p class='ocr_par' dir='ltr' id='par_1_4' title="bbox 203 328 1935 452">
     <span class='ocr_line' id='line_1_4' title="bbox 206 328 1935 383; baseline -0.002 -9"><span class='ocrx_word' id='word_1_23' title='bbox 206 336 308 375; x_wconf 72' lang='lat' dir='ltr'>ALc.</span> <span class='ocrx_word' id='word_1_24' title='bbox 360 335 468 374; x_wconf 78' lang='lat' dir='ltr'>Vnde</span> <span class='ocrx_word' id='word_1_25' title='bbox 500 335 594 372; x_wconf 88' lang='lat' dir='ltr'>haec</span> <span class='ocrx_word' id='word_1_26' title='bbox 626 333 744 383; x_wconf 84' lang='lat' dir='ltr'>igitur</span> <span class='ocrx_word' id='word_1_27' title='bbox 773 338 831 370; x_wconf 90' lang='lat' dir='ltr'>est</span> <span class='ocrx_word' id='word_1_28' title='bbox 863 331 935 369; x_wconf 85' lang='lat' dir='ltr'>nisi</span> <span class='ocrx_word' id='word_1_29' title='bbox 966 330 1034 368; x_wconf 89' lang='lat' dir='ltr'>abs</span> <span class='ocrx_word' id='word_1_30' title='bbox 1066 337 1102 368; x_wconf 88' lang='lat' dir='ltr'>te</span> <span class='ocrx_word' id='word_1_31' title='bbox 1134 341 1231 380; x_wconf 87' lang='lat' dir='ltr'>quae</span> <span class='ocrx_word' id='word_1_32' title='bbox 1263 329 1355 368; x_wconf 82' lang='lat' dir='ltr'>mihi</span> <span class='ocrx_word' id='word_1_33' title='bbox 1386 329 1491 368; x_wconf 89' lang='lat' dir='ltr'>dono</span> <span class='ocrx_word' id='word_1_34' title='bbox 1516 329 1602 368; x_wconf 92' lang='lat' dir='ltr'>data</span> <span class='ocrx_word' id='word_1_35' title='bbox 1635 328 1721 369; x_wconf 80' lang='lat' dir='ltr'>est?</span> <span class='ocrx_word' id='word_1_36' title='bbox 1878 337 1935 370; x_wconf 79' lang='lat'>790</span> 
     </span>
     <span class='ocr_line' id='line_1_5' title="bbox 203 396 1752 452; baseline -0.005 -10"><span class='ocrx_word' id='word_1_37' title='bbox 203 404 349 442; x_wconf 76' lang='lat' dir='ltr'><strong>AMPH.</strong></span> <span class='ocrx_word' id='word_1_38' title='bbox 401 402 508 452; x_wconf 89' lang='lat' dir='ltr'>Opus</span> <span class='ocrx_word' id='word_1_39' title='bbox 538 401 590 440; x_wconf 87' lang='lat' dir='ltr'>mi</span> <span class='ocrx_word' id='word_1_40' title='bbox 622 407 681 439; x_wconf 87' lang='lat' dir='ltr'>est</span> <span class='ocrx_word' id='word_1_41' title='bbox 710 400 810 438; x_wconf 85' lang='lat' dir='ltr'>istuc</span> <span class='ocrx_word' id='word_1_42' title='bbox 840 398 1044 449; x_wconf 80' lang='lat' dir='ltr'>exquisito.</span> <span class='ocrx_word' id='word_1_43' title='bbox 1103 397 1193 438; x_wconf 83' lang='lat' dir='ltr'>Sos.</span> <span class='ocrx_word' id='word_1_44' title='bbox 1243 397 1428 449; x_wconf 88' lang='lat' dir='ltr'>Iuppiter,</span> <span class='ocrx_word' id='word_1_45' title='bbox 1460 409 1532 448; x_wconf 88' lang='lat' dir='ltr'>pro</span> <span class='ocrx_word' id='word_1_46' title='bbox 1563 396 1752 449; x_wconf 89' lang='lat' dir='ltr'>Iuppiter.</span> 
     </span>
    </p>

    <p class='ocr_par' dir='ltr' id='par_1_5' title="bbox 201 460 1934 789">
     <span class='ocr_line' id='line_1_6' title="bbox 203 460 1865 514; baseline -0.005 -5"><span class='ocrx_word' id='word_1_47' title='bbox 203 471 288 509; x_wconf 73' lang='lat' dir='ltr'>AM.</span> <span class='ocrx_word' id='word_1_48' title='bbox 321 468 421 514; x_wconf 84' lang='lat' dir='ltr'>Quid</span> <span class='ocrx_word' id='word_1_49' title='bbox 443 466 513 507; x_wconf 87' lang='lat' dir='ltr'>tibi</span> <span class='ocrx_word' id='word_1_50' title='bbox 530 464 617 504; x_wconf 78' lang='lat' dir='ltr'>est?</span> <span class='ocrx_word' id='word_1_51' title='bbox 651 465 691 504; x_wconf 87' lang='lat' dir='ltr'>S.</span> <span class='ocrx_word' id='word_1_52' title='bbox 723 463 794 502; x_wconf 88' lang='lat' dir='ltr'>Hic</span> <span class='ocrx_word' id='word_1_53' title='bbox 817 470 949 514; x_wconf 86' lang='lat' dir='ltr'>patera</span> <span class='ocrx_word' id='word_1_54' title='bbox 973 462 1077 501; x_wconf 85' lang='lat' dir='ltr'>nulla</span> <span class='ocrx_word' id='word_1_55' title='bbox 1100 461 1138 501; x_wconf 91' lang='lat' dir='ltr'>in</span> <span class='ocrx_word' id='word_1_56' title='bbox 1162 462 1347 502; x_wconf 85' lang='lat' dir='ltr'>cistulast.</span> <span class='ocrx_word' id='word_1_57' title='bbox 1387 461 1474 502; x_wconf 69' lang='lat' dir='ltr'>AM.</span> <span class='ocrx_word' id='word_1_58' title='bbox 1505 461 1606 508; x_wconf 87' lang='lat' dir='ltr'>Quid</span> <span class='ocrx_word' id='word_1_59' title='bbox 1628 473 1700 512; x_wconf 87' lang='lat' dir='ltr'>ego</span> <span class='ocrx_word' id='word_1_60' title='bbox 1722 460 1865 500; x_wconf 80' lang='lat' dir='ltr'>audio?</span> 
     </span>
     <span class='ocr_line' id='line_1_7' title="bbox 203 529 1864 586; baseline -0.005 -10"><span class='ocrx_word' id='word_1_61' title='bbox 203 538 291 577; x_wconf 77' lang='lat' dir='ltr'>Sos.</span> <span class='ocrx_word' id='word_1_62' title='bbox 343 536 383 574; x_wconf 88' lang='lat' dir='ltr'>ld</span> <span class='ocrx_word' id='word_1_63' title='bbox 416 535 519 586; x_wconf 89' lang='lat' dir='ltr'>quod</span> <span class='ocrx_word' id='word_1_64' title='bbox 540 536 725 572; x_wconf 79' lang='lat' dir='ltr'>verumst.</span> <span class='ocrx_word' id='word_1_65' title='bbox 784 530 932 570; x_wconf 78' lang='grc' dir='ltr'><strong>ΑΜΡΗ.</strong></span> <span class='ocrx_word' id='word_1_66' title='bbox 982 532 1027 568; x_wconf 80' lang='lat' dir='ltr'>At</span> <span class='ocrx_word' id='word_1_67' title='bbox 1050 542 1138 568; x_wconf 87' lang='lat' dir='ltr'>cum</span> <span class='ocrx_word' id='word_1_68' title='bbox 1163 530 1338 569; x_wconf 88' lang='lat' dir='ltr'>cruciatu</span> <span class='ocrx_word' id='word_1_69' title='bbox 1362 530 1451 576; x_wconf 84' lang='lat' dir='ltr'>iam,</span> <span class='ocrx_word' id='word_1_70' title='bbox 1483 529 1556 569; x_wconf 90' lang='lat' dir='ltr'>nisi</span> <span class='ocrx_word' id='word_1_71' title='bbox 1579 536 1751 581; x_wconf 85' lang='lat' dir='ltr'>apparet,</span> <span class='ocrx_word' id='word_1_72' title='bbox 1782 535 1864 568; x_wconf 90' lang='lat' dir='ltr'>tuo.</span> 
     </span>
     <span class='ocr_line' id='line_1_8' title="bbox 201 597 1862 652; baseline -0.003 -10"><span class='ocrx_word' id='word_1_73' title='bbox 201 604 280 642; x_wconf 83' lang='lat' dir='ltr'>AL.</span> <span class='ocrx_word' id='word_1_74' title='bbox 311 603 414 641; x_wconf 88' lang='lat' dir='ltr'>Haec</span> <span class='ocrx_word' id='word_1_75' title='bbox 436 602 592 652; x_wconf 88' lang='lat' dir='ltr'>quidem</span> <span class='ocrx_word' id='word_1_76' title='bbox 613 605 788 652; x_wconf 89' lang='lat' dir='ltr'>apparet.</span> <span class='ocrx_word' id='word_1_77' title='bbox 827 598 913 637; x_wconf 67' lang='lat' dir='ltr'>Am.</span> <span class='ocrx_word' id='word_1_78' title='bbox 945 598 1040 643; x_wconf 84' lang='lat' dir='ltr'>Quis</span> <span class='ocrx_word' id='word_1_79' title='bbox 1061 598 1179 649; x_wconf 85' lang='lat' dir='ltr'>igitur</span> <span class='ocrx_word' id='word_1_80' title='bbox 1199 597 1268 637; x_wconf 90' lang='lat' dir='ltr'>tibi</span> <span class='ocrx_word' id='word_1_81' title='bbox 1290 597 1422 637; x_wconf 80' lang='lat' dir='ltr'>dedit?</span> <span class='ocrx_word' id='word_1_82' title='bbox 1461 598 1540 638; x_wconf 85' lang='lat' dir='ltr'>AL.</span> <span class='ocrx_word' id='word_1_83' title='bbox 1563 597 1640 643; x_wconf 89' lang='lat' dir='ltr'>Qui</span> <span class='ocrx_word' id='word_1_84' title='bbox 1659 609 1719 637; x_wconf 89' lang='lat' dir='ltr'>me</span> <span class='ocrx_word' id='word_1_85' title='bbox 1740 604 1862 649; x_wconf 86' lang='lat' dir='ltr'>rogat.</span> 
     </span>
     <span class='ocr_line' id='line_1_9' title="bbox 202 666 1934 720; baseline -0.003 -10"><span class='ocrx_word' id='word_1_86' title='bbox 202 671 290 710; x_wconf 83' lang='lat' dir='ltr'>Sos.</span> <span class='ocrx_word' id='word_1_87' title='bbox 341 670 400 708; x_wconf 85' lang='lat' dir='ltr'>Me</span> <span class='ocrx_word' id='word_1_88' title='bbox 431 676 574 720; x_wconf 84' lang='lat' dir='ltr'>captas,</span> <span class='ocrx_word' id='word_1_89' title='bbox 606 667 695 718; x_wconf 90' lang='lat' dir='ltr'>quia</span> <span class='ocrx_word' id='word_1_90' title='bbox 726 672 808 705; x_wconf 91' lang='lat' dir='ltr'>tute</span> <span class='ocrx_word' id='word_1_91' title='bbox 839 666 886 704; x_wconf 88' lang='lat' dir='ltr'>ab</span> <span class='ocrx_word' id='word_1_92' title='bbox 919 666 1004 704; x_wconf 85' lang='lat' dir='ltr'>navi</span> <span class='ocrx_word' id='word_1_93' title='bbox 1036 666 1255 705; x_wconf 88' lang='lat' dir='ltr'>clanculum</span> <span class='ocrx_word' id='word_1_94' title='bbox 1286 666 1363 704; x_wconf 87' lang='lat' dir='ltr'>hue</span> <span class='ocrx_word' id='word_1_95' title='bbox 1394 666 1464 704; x_wconf 85' lang='lat' dir='ltr'>alia</span> <span class='ocrx_word' id='word_1_96' title='bbox 1497 667 1553 705; x_wconf 75' lang='lat' dir='ltr'>via</span> <span class='ocrx_word' id='word_1_97' title='bbox 1877 678 1934 711; x_wconf 80' lang='lat'>795</span> 
     </span>
     <span class='ocr_line' id='line_1_10' title="bbox 202 733 1570 789; baseline -0.004 -12"><span class='ocrx_word' id='word_1_98' title='bbox 202 736 516 789; x_wconf 73' lang='lat' dir='ltr'>praecucurristi,</span> <span class='ocrx_word' id='word_1_99' title='bbox 548 742 664 786; x_wconf 86' lang='lat' dir='ltr'>atque</span> <span class='ocrx_word' id='word_1_100' title='bbox 694 734 787 773; x_wconf 89' lang='lat' dir='ltr'>hinc</span> <span class='ocrx_word' id='word_1_101' title='bbox 818 741 992 785; x_wconf 87' lang='lat' dir='ltr'>pateram</span> <span class='ocrx_word' id='word_1_102' title='bbox 1023 740 1104 772; x_wconf 87' lang='lat' dir='ltr'>tute</span> <span class='ocrx_word' id='word_1_103' title='bbox 1136 733 1309 772; x_wconf 82' lang='lat' dir='ltr'>exemisti</span> <span class='ocrx_word' id='word_1_104' title='bbox 1340 740 1455 784; x_wconf 86' lang='lat' dir='ltr'>atque</span> <span class='ocrx_word' id='word_1_105' title='bbox 1487 746 1570 772; x_wconf 90' lang='lat' dir='ltr'>eam</span> 
     </span>
    </p>

    <p class='ocr_par' dir='ltr' id='par_1_6' title="bbox 202 801 1419 855">
     <span class='ocr_line' id='line_1_11' title="bbox 202 801 1419 855; baseline -0.003 -12"><span class='ocrx_word' id='word_1_106' title='bbox 202 805 291 843; x_wconf 88' lang='lat' dir='ltr'>huic</span> <span class='ocrx_word' id='word_1_107' title='bbox 323 803 472 850; x_wconf 88' lang='lat' dir='ltr'>dedisti,</span> <span class='ocrx_word' id='word_1_108' title='bbox 505 809 592 855; x_wconf 88' lang='lat' dir='ltr'>post</span> <span class='ocrx_word' id='word_1_109' title='bbox 622 802 724 841; x_wconf 85' lang='lat' dir='ltr'>hanc</span> <span class='ocrx_word' id='word_1_110' title='bbox 754 813 911 840; x_wconf 87' lang='lat' dir='ltr'>rursum</span> <span class='ocrx_word' id='word_1_111' title='bbox 942 801 1154 852; x_wconf 78' lang='lat' dir='ltr'>obsignasti</span> <span class='ocrx_word' id='word_1_112' title='bbox 1187 801 1419 840; x_wconf 90' lang='lat' dir='ltr'>clanculum.</span> 
     </span>
    </p>

    <p class='ocr_par' dir='ltr' id='par_1_7' title="bbox 200 867 1527 920">
     <span class='ocr_line' id='line_1_12' title="bbox 200 867 1527 920; baseline -0.005 -7"><span class='ocrx_word' id='word_1_113' title='bbox 200 873 345 913; x_wconf 78' lang='lat' dir='ltr'>AMPn.</span> <span class='ocrx_word' id='word_1_114' title='bbox 395 871 440 910; x_wconf 90' lang='lat' dir='ltr'>Ei</span> <span class='ocrx_word' id='word_1_115' title='bbox 471 871 577 917; x_wconf 82' lang='lat' dir='ltr'>mihi,</span> <span class='ocrx_word' id='word_1_116' title='bbox 609 870 683 909; x_wconf 92' lang='lat' dir='ltr'>iam</span> <span class='ocrx_word' id='word_1_117' title='bbox 715 875 757 909; x_wconf 89' lang='lat' dir='ltr'>tu</span> <span class='ocrx_word' id='word_1_118' title='bbox 789 881 947 920; x_wconf 89' lang='lat' dir='ltr'>quoque</span> <span class='ocrx_word' id='word_1_119' title='bbox 976 869 1092 908; x_wconf 86' lang='lat' dir='ltr'>huius</span> <span class='ocrx_word' id='word_1_120' title='bbox 1123 869 1277 907; x_wconf 86' lang='lat' dir='ltr'>adiuvas</span> <span class='ocrx_word' id='word_1_121' title='bbox 1307 867 1527 908; x_wconf 78' lang='lat' dir='ltr'>insaniam?</span> 
     </span>
    </p>

    <p class='ocr_par' dir='ltr' id='par_1_8' title="bbox 203 935 1590 987">
     <span class='ocr_line' id='line_1_13' title="bbox 203 935 1590 987; baseline -0.002 -9"><span class='ocrx_word' id='word_1_122' title='bbox 203 940 265 978; x_wconf 90' lang='lat' dir='ltr'>ain</span> <span class='ocrx_word' id='word_1_123' title='bbox 299 940 381 978; x_wconf 74' lang='lat' dir='ltr'>lieri</span> <span class='ocrx_word' id='word_1_124' title='bbox 415 951 486 978; x_wconf 88' lang='lat' dir='ltr'>nos</span> <span class='ocrx_word' id='word_1_125' title='bbox 516 938 719 977; x_wconf 86' lang='lat' dir='ltr'>advenisse</span> <span class='ocrx_word' id='word_1_126' title='bbox 748 935 856 977; x_wconf 77' lang='lat' dir='ltr'>huc?</span> <span class='ocrx_word' id='word_1_127' title='bbox 916 936 1018 976; x_wconf 84' lang='lat' dir='ltr'>ALC.</span> <span class='ocrx_word' id='word_1_128' title='bbox 1069 937 1150 982; x_wconf 85' lang='lat' dir='ltr'>Aio,</span> <span class='ocrx_word' id='word_1_129' title='bbox 1182 936 1469 987; x_wconf 78' lang='lat' dir='ltr'>adveniensque</span> <span class='ocrx_word' id='word_1_130' title='bbox 1501 936 1590 975; x_wconf 88' lang='lat' dir='ltr'>ilico</span> 
     </span>
    </p>

    <p class='ocr_par' dir='ltr' id='par_1_9' title="bbox 199 1004 1933 1262">
     <span class='ocr_line' id='line_1_14' title="bbox 201 1004 1933 1057; baseline -0.004 -10"><span class='ocrx_word' id='word_1_131' title='bbox 201 1020 262 1047; x_wconf 90' lang='lat' dir='ltr'>me</span> <span class='ocrx_word' id='word_1_132' title='bbox 293 1007 515 1053; x_wconf 72' lang='lat' dir='ltr'>salutavisti,</span> <span class='ocrx_word' id='word_1_133' title='bbox 548 1013 585 1045; x_wconf 91' lang='lat' dir='ltr'>et</span> <span class='ocrx_word' id='word_1_134' title='bbox 616 1018 687 1057; x_wconf 91' lang='lat' dir='ltr'>ego</span> <span class='ocrx_word' id='word_1_135' title='bbox 720 1012 769 1052; x_wconf 91' lang='lat' dir='ltr'>te,</span> <span class='ocrx_word' id='word_1_136' title='bbox 802 1011 840 1044; x_wconf 86' lang='lat' dir='ltr'>et</span> <span class='ocrx_word' id='word_1_137' title='bbox 871 1005 1047 1044; x_wconf 90' lang='lat' dir='ltr'>osculum</span> <span class='ocrx_word' id='word_1_138' title='bbox 1079 1004 1189 1043; x_wconf 85' lang='lat' dir='ltr'>tetuli</span> <span class='ocrx_word' id='word_1_139' title='bbox 1220 1004 1301 1043; x_wconf 87' lang='lat' dir='ltr'>tibi.</span> <span class='ocrx_word' id='word_1_140' title='bbox 1875 1017 1933 1051; x_wconf 81' lang='lat'>800</span> 
     </span>
     <span class='ocr_line' id='line_1_15' title="bbox 199 1071 1863 1124; baseline -0.003 -9"><span class='ocrx_word' id='word_1_141' title='bbox 199 1075 287 1115; x_wconf 75' lang='lat' dir='ltr'>Sos.</span> <span class='ocrx_word' id='word_1_142' title='bbox 338 1074 416 1113; x_wconf 89' lang='lat' dir='ltr'>Iam</span> <span class='ocrx_word' id='word_1_143' title='bbox 448 1073 541 1113; x_wconf 90' lang='lat' dir='ltr'>illud</span> <span class='ocrx_word' id='word_1_144' title='bbox 564 1086 643 1112; x_wconf 90' lang='lat' dir='ltr'>non</span> <span class='ocrx_word' id='word_1_145' title='bbox 667 1073 795 1123; x_wconf 87' lang='lat' dir='ltr'>placet</span> <span class='ocrx_word' id='word_1_146' title='bbox 815 1072 1052 1124; x_wconf 88' lang='lat' dir='ltr'>principium</span> <span class='ocrx_word' id='word_1_147' title='bbox 1076 1071 1121 1110; x_wconf 86' lang='lat' dir='ltr'>de</span> <span class='ocrx_word' id='word_1_148' title='bbox 1145 1071 1290 1110; x_wconf 88' lang='lat' dir='ltr'>osculo.</span> <span class='ocrx_word' id='word_1_149' title='bbox 1350 1071 1497 1111; x_wconf 76' lang='lat' dir='ltr'>AMPH.</span> <span class='ocrx_word' id='word_1_150' title='bbox 1548 1071 1670 1121; x_wconf 84' lang='lat' dir='ltr'>Perge</span> <span class='ocrx_word' id='word_1_151' title='bbox 1691 1071 1863 1122; x_wconf 82' lang='lat' dir='ltr'>exsequi.</span> 
     </span>
     <span class='ocr_line' id='line_1_16' title="bbox 199 1138 1862 1192; baseline -0.002 -10"><span class='ocrx_word' id='word_1_152' title='bbox 199 1143 302 1182; x_wconf 61' lang='lat' dir='ltr'>AL«.</span> <span class='ocrx_word' id='word_1_153' title='bbox 333 1142 487 1182; x_wconf 79' lang='lat' dir='ltr'>Lavisti.</span> <span class='ocrx_word' id='word_1_154' title='bbox 517 1141 605 1182; x_wconf 82' lang='lat' dir='ltr'>AM.</span> <span class='ocrx_word' id='word_1_155' title='bbox 636 1140 736 1186; x_wconf 87' lang='lat' dir='ltr'>Quid</span> <span class='ocrx_word' id='word_1_156' title='bbox 761 1147 968 1192; x_wconf 85' lang='lat' dir='ltr'>postquam</span> <span class='ocrx_word' id='word_1_157' title='bbox 983 1138 1084 1178; x_wconf 80' lang='lat' dir='ltr'>lavi?</span> <span class='ocrx_word' id='word_1_158' title='bbox 1118 1139 1196 1179; x_wconf 86' lang='lat' dir='ltr'>AL.</span> <span class='ocrx_word' id='word_1_159' title='bbox 1229 1139 1467 1178; x_wconf 84' lang='lat' dir='ltr'>Accubuisti.</span> <span class='ocrx_word' id='word_1_160' title='bbox 1503 1139 1542 1179; x_wconf 80' lang='lat' dir='ltr'>S.</span> <span class='ocrx_word' id='word_1_161' title='bbox 1573 1138 1681 1190; x_wconf 88' lang='lat' dir='ltr'>Euge</span> <span class='ocrx_word' id='word_1_162' title='bbox 1704 1139 1862 1190; x_wconf 84' lang='lat' dir='ltr'>optime.</span> 
     </span>
     <span class='ocr_line' id='line_1_17' title="bbox 201 1207 1572 1262; baseline -0.003 -13"><span class='ocrx_word' id='word_1_163' title='bbox 201 1224 307 1249; x_wconf 91' lang='lat' dir='ltr'>nunc</span> <span class='ocrx_word' id='word_1_164' title='bbox 338 1211 510 1262; x_wconf 80' lang='lat' dir='ltr'>exquire.</span> <span class='ocrx_word' id='word_1_165' title='bbox 569 1209 716 1249; x_wconf 82' lang='lat' dir='ltr'><strong>AMPH.</strong></span> <span class='ocrx_word' id='word_1_166' title='bbox 769 1209 825 1247; x_wconf 78' lang='lat' dir='ltr'>Ne</span> <span class='ocrx_word' id='word_1_167' title='bbox 856 1208 1073 1260; x_wconf 84' lang='lat' dir='ltr'>interpella.</span> <span class='ocrx_word' id='word_1_168' title='bbox 1125 1220 1245 1260; x_wconf 82' lang='lat' dir='ltr'>perge</span> <span class='ocrx_word' id='word_1_169' title='bbox 1277 1219 1396 1259; x_wconf 91' lang='lat' dir='ltr'>porro</span> <span class='ocrx_word' id='word_1_170' title='bbox 1428 1207 1572 1246; x_wconf 81' lang='lat' dir='ltr'>(licere.</span> 
     </span>
    </p>

    <p class='ocr_par' dir='ltr' id='par_1_10' title="bbox 198 1275 1645 1329">
     <span class='ocr_line' id='line_1_18' title="bbox 198 1275 1645 1329; baseline -0.001 -13"><span class='ocrx_word' id='word_1_171' title='bbox 198 1278 300 1317; x_wconf 74' lang='lat' dir='ltr'>ALC.</span> <span class='ocrx_word' id='word_1_172' title='bbox 352 1278 455 1317; x_wconf 85' lang='lat' dir='ltr'>Cena</span> <span class='ocrx_word' id='word_1_173' title='bbox 486 1278 660 1329; x_wconf 85' lang='lat' dir='ltr'>adposita</span> <span class='ocrx_word' id='word_1_174' title='bbox 692 1284 770 1324; x_wconf 91' lang='lat' dir='ltr'>est;</span> <span class='ocrx_word' id='word_1_175' title='bbox 803 1276 988 1315; x_wconf 81' lang='lat' dir='ltr'>cenavisti</span> <span class='ocrx_word' id='word_1_176' title='bbox 1018 1288 1185 1321; x_wconf 81' lang='lat' dir='ltr'>mecum,</span> <span class='ocrx_word' id='word_1_177' title='bbox 1218 1288 1290 1326; x_wconf 88' lang='lat' dir='ltr'>ego</span> <span class='ocrx_word' id='word_1_178' title='bbox 1322 1275 1487 1314; x_wconf 87' lang='lat' dir='ltr'>accubui</span> <span class='ocrx_word' id='word_1_179' title='bbox 1518 1275 1645 1315; x_wconf 90' lang='lat' dir='ltr'>simul.</span> 
     </span>
    </p>

    <p class='ocr_par' dir='ltr' id='par_1_11' title="bbox 196 1343 1931 1463">
     <span class='ocr_line' id='line_1_19' title="bbox 196 1343 1931 1396; baseline -0.001 -12"><span class='ocrx_word' id='word_1_180' title='bbox 196 1347 343 1387; x_wconf 77' lang='lat' dir='ltr'>AMPH.</span> <span class='ocrx_word' id='word_1_181' title='bbox 374 1346 416 1385; x_wconf 87' lang='lat' dir='ltr'>ln</span> <span class='ocrx_word' id='word_1_182' title='bbox 435 1345 573 1385; x_wconf 90' lang='lat' dir='ltr'>eodem</span> <span class='ocrx_word' id='word_1_183' title='bbox 594 1344 724 1385; x_wconf 79' lang='lat' dir='ltr'>lecto?</span> <span class='ocrx_word' id='word_1_184' title='bbox 773 1345 876 1384; x_wconf 82' lang='lat' dir='ltr'><strong>ALC.</strong></span> <span class='ocrx_word' id='word_1_185' title='bbox 907 1344 951 1383; x_wconf 91' lang='lat' dir='ltr'>In</span> <span class='ocrx_word' id='word_1_186' title='bbox 975 1344 1124 1383; x_wconf 88' lang='lat' dir='ltr'>eodem.</span> <span class='ocrx_word' id='word_1_187' title='bbox 1174 1344 1263 1384; x_wconf 80' lang='lat' dir='ltr'>Sos.</span> <span class='ocrx_word' id='word_1_188' title='bbox 1295 1343 1354 1391; x_wconf 79' lang='lat' dir='ltr'>Ei,</span> <span class='ocrx_word' id='word_1_189' title='bbox 1378 1357 1457 1382; x_wconf 91' lang='lat' dir='ltr'>non</span> <span class='ocrx_word' id='word_1_190' title='bbox 1481 1343 1608 1396; x_wconf 87' lang='lat' dir='ltr'>placet</span> <span class='ocrx_word' id='word_1_191' title='bbox 1628 1343 1860 1383; x_wconf 81' lang='lat' dir='ltr'>convivium.</span> <span class='ocrx_word' id='word_1_192' title='bbox 1873 1355 1931 1388; x_wconf 82' lang='lat'>805</span> 
     </span>
     <span class='ocr_line' id='line_1_20' title="bbox 197 1409 1734 1463; baseline -0.001 -11"><span class='ocrx_word' id='word_1_193' title='bbox 197 1413 343 1453; x_wconf 73' lang='grc' dir='ltr'><strong>ΑΜΡΗ.</strong></span> <span class='ocrx_word' id='word_1_194' title='bbox 422 1414 517 1453; x_wconf 84' lang='lat' dir='ltr'>Sine</span> <span class='ocrx_word' id='word_1_195' title='bbox 547 1413 663 1452; x_wconf 91' lang='lat' dir='ltr'>modo</span> <span class='ocrx_word' id='word_1_196' title='bbox 695 1419 924 1463; x_wconf 84' lang='lat' dir='ltr'>argumenta</span> <span class='ocrx_word' id='word_1_197' title='bbox 957 1413 1070 1451; x_wconf 85' lang='lat' dir='ltr'>dicat.</span> <span class='ocrx_word' id='word_1_198' title='bbox 1122 1412 1214 1462; x_wconf 87' lang='lat' dir='ltr'>quid</span> <span class='ocrx_word' id='word_1_199' title='bbox 1246 1418 1452 1463; x_wconf 79' lang='lat' dir='ltr'>postquam</span> <span class='ocrx_word' id='word_1_200' title='bbox 1483 1409 1734 1450; x_wconf 80' lang='lat' dir='ltr'>cenavimus?</span> 
     </span>
    </p>

    <p class='ocr_par' dir='ltr' id='par_1_12' title="bbox 194 1479 1931 1805">
     <span class='ocr_line' id='line_1_21' title="bbox 198 1479 1769 1529; baseline -0.001 -9"><span class='ocrx_word' id='word_1_201' title='bbox 198 1482 301 1520; x_wconf 84' lang='lat' dir='ltr'><strong>ALC.</strong></span> <span class='ocrx_word' id='word_1_202' title='bbox 351 1481 405 1521; x_wconf 92' lang='lat' dir='ltr'>Te</span> <span class='ocrx_word' id='word_1_203' title='bbox 436 1481 646 1521; x_wconf 88' lang='lat' dir='ltr'>dormitare</span> <span class='ocrx_word' id='word_1_204' title='bbox 677 1481 804 1529; x_wconf 87' lang='lat' dir='ltr'>aihas;</span> <span class='ocrx_word' id='word_1_205' title='bbox 837 1493 970 1519; x_wconf 87' lang='lat' dir='ltr'>mensa</span> <span class='ocrx_word' id='word_1_206' title='bbox 1001 1479 1127 1518; x_wconf 86' lang='lat' dir='ltr'>ablata</span> <span class='ocrx_word' id='word_1_207' title='bbox 1160 1487 1229 1526; x_wconf 84' lang='lat' dir='ltr'>est,</span> <span class='ocrx_word' id='word_1_208' title='bbox 1262 1479 1436 1518; x_wconf 90' lang='lat' dir='ltr'>cubitum</span> <span class='ocrx_word' id='word_1_209' title='bbox 1469 1479 1561 1518; x_wconf 88' lang='lat' dir='ltr'>hinc</span> <span class='ocrx_word' id='word_1_210' title='bbox 1591 1479 1769 1518; x_wconf 88' lang='lat' dir='ltr'>abiimus.</span> 
     </span>
     <span class='ocr_line' id='line_1_22' title="bbox 194 1547 1860 1590; baseline -0.001 -2"><span class='ocrx_word' id='word_1_211' title='bbox 194 1550 340 1590; x_wconf 76' lang='lat' dir='ltr'>AMPH.</span> <span class='ocrx_word' id='word_1_212' title='bbox 391 1550 460 1589; x_wconf 90' lang='lat' dir='ltr'>Vbi</span> <span class='ocrx_word' id='word_1_213' title='bbox 492 1556 534 1588; x_wconf 90' lang='lat' dir='ltr'>tu</span> <span class='ocrx_word' id='word_1_214' title='bbox 556 1547 754 1588; x_wconf 73' lang='lat' dir='ltr'>cubuisti?</span> <span class='ocrx_word' id='word_1_215' title='bbox 813 1548 916 1588; x_wconf 82' lang='lat' dir='ltr'><strong>ALC.</strong></span> <span class='ocrx_word' id='word_1_216' title='bbox 967 1548 1010 1586; x_wconf 90' lang='lat' dir='ltr'>ln</span> <span class='ocrx_word' id='word_1_217' title='bbox 1034 1548 1170 1586; x_wconf 89' lang='lat' dir='ltr'>eodem</span> <span class='ocrx_word' id='word_1_218' title='bbox 1203 1547 1302 1586; x_wconf 81' lang='lat' dir='ltr'>lecto</span> <span class='ocrx_word' id='word_1_219' title='bbox 1334 1554 1461 1586; x_wconf 89' lang='lat' dir='ltr'>tecum</span> <span class='ocrx_word' id='word_1_220' title='bbox 1486 1560 1562 1586; x_wconf 89' lang='lat' dir='ltr'>una</span> <span class='ocrx_word' id='word_1_221' title='bbox 1594 1548 1632 1586; x_wconf 91' lang='lat' dir='ltr'>in</span> <span class='ocrx_word' id='word_1_222' title='bbox 1665 1547 1860 1586; x_wconf 90' lang='lat' dir='ltr'>cubiculo.</span> 
     </span>
     <span class='ocr_line' id='line_1_23' title="bbox 194 1614 1861 1662; baseline -0.002 -5"><span class='ocrx_word' id='word_1_223' title='bbox 194 1618 280 1658; x_wconf 75' lang='lat' dir='ltr'>AM.</span> <span class='ocrx_word' id='word_1_224' title='bbox 314 1618 528 1657; x_wconf 80' lang='lat' dir='ltr'>Perdidisti.</span> <span class='ocrx_word' id='word_1_225' title='bbox 568 1618 657 1657; x_wconf 79' lang='lat' dir='ltr'>Sos.</span> <span class='ocrx_word' id='word_1_226' title='bbox 689 1616 789 1662; x_wconf 78' lang='lat' dir='ltr'>Quid</span> <span class='ocrx_word' id='word_1_227' title='bbox 808 1616 876 1654; x_wconf 82' lang='lat' dir='ltr'>tibi</span> <span class='ocrx_word' id='word_1_228' title='bbox 898 1614 981 1655; x_wconf 77' lang='lat' dir='ltr'>est?</span> <span class='ocrx_word' id='word_1_229' title='bbox 1021 1616 1108 1655; x_wconf 76' lang='lat' dir='ltr'>AM.</span> <span class='ocrx_word' id='word_1_230' title='bbox 1141 1616 1245 1654; x_wconf 87' lang='lat' dir='ltr'>Ilaec</span> <span class='ocrx_word' id='word_1_231' title='bbox 1267 1628 1328 1654; x_wconf 92' lang='lat' dir='ltr'>me</span> <span class='ocrx_word' id='word_1_232' title='bbox 1350 1615 1465 1654; x_wconf 90' lang='lat' dir='ltr'>modo</span> <span class='ocrx_word' id='word_1_233' title='bbox 1489 1615 1534 1654; x_wconf 84' lang='lat' dir='ltr'>ad</span> <span class='ocrx_word' id='word_1_234' title='bbox 1556 1623 1722 1654; x_wconf 89' lang='lat' dir='ltr'>mortem</span> <span class='ocrx_word' id='word_1_235' title='bbox 1744 1615 1861 1654; x_wconf 89' lang='lat' dir='ltr'>dedit.</span> 
     </span>
     <span class='ocr_line' id='line_1_24' title="bbox 194 1682 1931 1735; baseline -0.002 -11"><span class='ocrx_word' id='word_1_236' title='bbox 194 1687 272 1725; x_wconf 87' lang='lat' dir='ltr'>AL.</span> <span class='ocrx_word' id='word_1_237' title='bbox 295 1686 394 1732; x_wconf 83' lang='lat' dir='ltr'>Quid</span> <span class='ocrx_word' id='word_1_238' title='bbox 408 1686 497 1732; x_wconf 90' lang='lat' dir='ltr'>iam,</span> <span class='ocrx_word' id='word_1_239' title='bbox 513 1683 681 1724; x_wconf 80' lang='lat' dir='ltr'>amabo?</span> <span class='ocrx_word' id='word_1_240' title='bbox 711 1684 798 1724; x_wconf 74' lang='lat' dir='ltr'>AM.</span> <span class='ocrx_word' id='word_1_241' title='bbox 821 1684 876 1722; x_wconf 73' lang='lat' dir='ltr'>Ne</span> <span class='ocrx_word' id='word_1_242' title='bbox 888 1683 1122 1735; x_wconf 88' lang='lat' dir='ltr'>meappella.</span> <span class='ocrx_word' id='word_1_243' title='bbox 1154 1683 1193 1723; x_wconf 75' lang='lat' dir='ltr'>S.</span> <span class='ocrx_word' id='word_1_244' title='bbox 1217 1683 1316 1729; x_wconf 85' lang='lat' dir='ltr'>Quid</span> <span class='ocrx_word' id='word_1_245' title='bbox 1336 1683 1403 1722; x_wconf 90' lang='lat' dir='ltr'>tibi</span> <span class='ocrx_word' id='word_1_246' title='bbox 1422 1682 1508 1722; x_wconf 79' lang='lat' dir='ltr'>est?</span> <span class='ocrx_word' id='word_1_247' title='bbox 1537 1683 1588 1723; x_wconf 92' lang='lat' dir='ltr'>A.</span> <span class='ocrx_word' id='word_1_248' title='bbox 1611 1683 1713 1723; x_wconf 88' lang='lat' dir='ltr'>Perii</span> <span class='ocrx_word' id='word_1_249' title='bbox 1729 1682 1859 1730; x_wconf 90' lang='lat' dir='ltr'>miser,</span> <span class='ocrx_word' id='word_1_250' title='bbox 1872 1693 1931 1728; x_wconf 81' lang='lat'>810</span> 
     </span>
     <span class='ocr_line' id='line_1_25' title="bbox 195 1751 1544 1805; baseline -0.001 -14"><span class='ocrx_word' id='word_1_251' title='bbox 195 1753 282 1804; x_wconf 85' lang='lat' dir='ltr'>quia</span> <span class='ocrx_word' id='word_1_252' title='bbox 317 1753 523 1805; x_wconf 85' lang='lat' dir='ltr'>pudicitiae</span> <span class='ocrx_word' id='word_1_253' title='bbox 553 1752 668 1792; x_wconf 90' lang='lat' dir='ltr'>huius</span> <span class='ocrx_word' id='word_1_254' title='bbox 698 1751 832 1790; x_wconf 84' lang='lat' dir='ltr'>vitium</span> <span class='ocrx_word' id='word_1_255' title='bbox 864 1764 925 1790; x_wconf 88' lang='lat' dir='ltr'>me</span> <span class='ocrx_word' id='word_1_256' title='bbox 956 1751 1047 1790; x_wconf 86' lang='lat' dir='ltr'>hinc</span> <span class='ocrx_word' id='word_1_257' title='bbox 1079 1751 1240 1790; x_wconf 85' lang='lat' dir='ltr'>absente</span> <span class='ocrx_word' id='word_1_258' title='bbox 1272 1757 1330 1789; x_wconf 89' lang='lat' dir='ltr'>est</span> <span class='ocrx_word' id='word_1_259' title='bbox 1359 1751 1544 1789; x_wconf 87' lang='lat' dir='ltr'>additum.</span> 
     </span>
    </p>

    <p class='ocr_par' dir='ltr' id='par_1_13' title="bbox 193 1817 1495 1867">
     <span class='ocr_line' id='line_1_26' title="bbox 193 1817 1495 1867; baseline -0.002 -8"><span class='ocrx_word' id='word_1_260' title='bbox 193 1820 296 1860; x_wconf 78' lang='lat' dir='ltr'><strong>ALC.</strong></span> <span class='ocrx_word' id='word_1_261' title='bbox 347 1821 521 1860; x_wconf 86' lang='lat' dir='ltr'>Obsecro</span> <span class='ocrx_word' id='word_1_262' title='bbox 553 1826 715 1867; x_wconf 85' lang='lat' dir='ltr'>ecastor,</span> <span class='ocrx_word' id='word_1_263' title='bbox 748 1831 820 1858; x_wconf 94' lang='lat' dir='ltr'>cur</span> <span class='ocrx_word' id='word_1_264' title='bbox 849 1819 962 1865; x_wconf 87' lang='lat' dir='ltr'>istuc,</span> <span class='ocrx_word' id='word_1_265' title='bbox 993 1818 1044 1857; x_wconf 89' lang='lat' dir='ltr'>mi</span> <span class='ocrx_word' id='word_1_266' title='bbox 1076 1818 1145 1865; x_wconf 88' lang='lat' dir='ltr'>vir,</span> <span class='ocrx_word' id='word_1_267' title='bbox 1178 1831 1223 1857; x_wconf 80' lang='lat' dir='ltr'>ex</span> <span class='ocrx_word' id='word_1_268' title='bbox 1257 1819 1318 1857; x_wconf 88' lang='lat' dir='ltr'>ted</span> <span class='ocrx_word' id='word_1_269' title='bbox 1349 1817 1495 1857; x_wconf 76' lang='lat' dir='ltr'>audio?</span> 
     </span>
    </p>

    <p class='ocr_par' dir='ltr' id='par_1_14' title="bbox 192 1885 1643 1939">
     <span class='ocr_line' id='line_1_27' title="bbox 192 1885 1643 1939; baseline -0.002 -12"><span class='ocrx_word' id='word_1_270' title='bbox 192 1889 339 1928; x_wconf 77' lang='lat' dir='ltr'><strong>AMPH.</strong></span> <span class='ocrx_word' id='word_1_271' title='bbox 393 1888 455 1927; x_wconf 93' lang='lat' dir='ltr'>Vir</span> <span class='ocrx_word' id='word_1_272' title='bbox 485 1900 556 1939; x_wconf 86' lang='lat' dir='ltr'>ego</span> <span class='ocrx_word' id='word_1_273' title='bbox 588 1894 676 1926; x_wconf 90' lang='lat' dir='ltr'>tuos</span> <span class='ocrx_word' id='word_1_274' title='bbox 706 1885 807 1926; x_wconf 80' lang='lat' dir='ltr'>sim?</span> <span class='ocrx_word' id='word_1_275' title='bbox 839 1899 888 1925; x_wconf 89' lang='lat' dir='ltr'>ne</span> <span class='ocrx_word' id='word_1_276' title='bbox 920 1899 981 1925; x_wconf 89' lang='lat' dir='ltr'>me</span> <span class='ocrx_word' id='word_1_277' title='bbox 1012 1886 1176 1938; x_wconf 86' lang='lat' dir='ltr'>appella,</span> <span class='ocrx_word' id='word_1_278' title='bbox 1208 1886 1312 1933; x_wconf 88' lang='lat' dir='ltr'>salsa,</span> <span class='ocrx_word' id='word_1_279' title='bbox 1344 1886 1439 1926; x_wconf 86' lang='lat' dir='ltr'>salso</span> <span class='ocrx_word' id='word_1_280' title='bbox 1471 1885 1643 1925; x_wconf 89' lang='lat' dir='ltr'>nomine.</span> 
     </span>
    </p>

    <p class='ocr_par' dir='ltr' id='par_1_15' title="bbox 193 1954 1784 2004">
     <span class='ocr_line' id='line_1_28' title="bbox 193 1954 1784 2004; baseline -0.003 -8"><span class='ocrx_word' id='word_1_281' title='bbox 193 1956 282 1997; x_wconf 71' lang='lat' dir='ltr'>Sos.</span> <span class='ocrx_word' id='word_1_282' title='bbox 334 1956 476 1995; x_wconf 86' lang='lat' dir='ltr'>Haeret</span> <span class='ocrx_word' id='word_1_283' title='bbox 505 1956 600 1994; x_wconf 86' lang='lat' dir='ltr'>haec</span> <span class='ocrx_word' id='word_1_284' title='bbox 632 1967 707 2001; x_wconf 86' lang='lat' dir='ltr'>res,</span> <span class='ocrx_word' id='word_1_285' title='bbox 739 1955 769 1993; x_wconf 92' lang='lat' dir='ltr'>si</span> <span class='ocrx_word' id='word_1_286' title='bbox 803 1954 959 2004; x_wconf 90' lang='lat' dir='ltr'>quidem</span> <span class='ocrx_word' id='word_1_287' title='bbox 989 1954 1083 1993; x_wconf 87' lang='lat' dir='ltr'>haec</span> <span class='ocrx_word' id='word_1_288' title='bbox 1114 1954 1189 1992; x_wconf 91' lang='lat' dir='ltr'>iam</span> <span class='ocrx_word' id='word_1_289' title='bbox 1221 1954 1360 1993; x_wconf 90' lang='lat' dir='ltr'>mulier</span> <span class='ocrx_word' id='word_1_290' title='bbox 1391 1955 1491 1992; x_wconf 85' lang='lat' dir='ltr'>saeta</span> <span class='ocrx_word' id='word_1_291' title='bbox 1522 1961 1581 1993; x_wconf 90' lang='lat' dir='ltr'>est</span> <span class='ocrx_word' id='word_1_292' title='bbox 1612 1966 1658 1993; x_wconf 80' lang='lat' dir='ltr'>ex</span> <span class='ocrx_word' id='word_1_293' title='bbox 1689 1954 1784 1993; x_wconf 85' lang='lat' dir='ltr'>viro.</span> 
     </span>
    </p>

    <p class='ocr_par' dir='ltr' id='par_1_16' title="bbox 191 2019 1926 2140">
     <span class='ocr_line' id='line_1_29' title="bbox 191 2019 1926 2075; baseline -0.002 -13"><span class='ocrx_word' id='word_1_294' title='bbox 191 2024 294 2063; x_wconf 57' lang='grc' dir='ltr'>ΑΜ.</span> <span class='ocrx_word' id='word_1_295' title='bbox 345 2023 447 2070; x_wconf 90' lang='lat' dir='ltr'>Quid</span> <span class='ocrx_word' id='word_1_296' title='bbox 478 2035 550 2075; x_wconf 90' lang='lat' dir='ltr'>ego</span> <span class='ocrx_word' id='word_1_297' title='bbox 581 2022 667 2069; x_wconf 83' lang='lat' dir='ltr'>feci,</span> <span class='ocrx_word' id='word_1_298' title='bbox 699 2034 774 2072; x_wconf 85' lang='lat' dir='ltr'>qua</span> <span class='ocrx_word' id='word_1_299' title='bbox 806 2022 923 2061; x_wconf 87' lang='lat' dir='ltr'>istaec</span> <span class='ocrx_word' id='word_1_300' title='bbox 954 2028 1116 2073; x_wconf 87' lang='lat' dir='ltr'>propter</span> <span class='ocrx_word' id='word_1_301' title='bbox 1146 2021 1246 2060; x_wconf 89' lang='lat' dir='ltr'>dicta</span> <span class='ocrx_word' id='word_1_302' title='bbox 1277 2021 1458 2060; x_wconf 86' lang='lat' dir='ltr'>dicantur</span> <span class='ocrx_word' id='word_1_303' title='bbox 1488 2019 1609 2060; x_wconf 85' lang='lat' dir='ltr'>mihi?</span> <span class='ocrx_word' id='word_1_304' title='bbox 1867 2032 1926 2066; x_wconf 76' lang='lat'>815</span> 
     </span>
     <span class='ocr_line' id='line_1_30' title="bbox 192 2089 1634 2140; baseline -0.002 -10"><span class='ocrx_word' id='word_1_305' title='bbox 192 2092 338 2132; x_wconf 67' lang='lat' dir='ltr'><strong>AMPH.</strong></span> <span class='ocrx_word' id='word_1_306' title='bbox 387 2091 487 2130; x_wconf 90' lang='lat' dir='ltr'>Tute</span> <span class='ocrx_word' id='word_1_307' title='bbox 518 2090 661 2129; x_wconf 88' lang='lat' dir='ltr'>edictas</span> <span class='ocrx_word' id='word_1_308' title='bbox 693 2090 793 2128; x_wconf 87' lang='lat' dir='ltr'>saeta</span> <span class='ocrx_word' id='word_1_309' title='bbox 823 2096 901 2136; x_wconf 89' lang='lat' dir='ltr'>tua,</span> <span class='ocrx_word' id='word_1_310' title='bbox 933 2102 978 2128; x_wconf 86' lang='lat' dir='ltr'>ex</span> <span class='ocrx_word' id='word_1_311' title='bbox 1011 2102 1071 2127; x_wconf 88' lang='lat' dir='ltr'>me</span> <span class='ocrx_word' id='word_1_312' title='bbox 1104 2089 1259 2140; x_wconf 89' lang='lat' dir='ltr'>quaeris</span> <span class='ocrx_word' id='word_1_313' title='bbox 1290 2089 1382 2140; x_wconf 87' lang='lat' dir='ltr'>quid</span> <span class='ocrx_word' id='word_1_314' title='bbox 1413 2089 1634 2140; x_wconf 80' lang='lat' dir='ltr'>deliqueris,</span> 
     </span>
    </p>

    <p class='ocr_par' dir='ltr' id='par_1_17' title="bbox 191 2156 1572 2210">
     <span class='ocr_line' id='line_1_31' title="bbox 191 2156 1572 2210; baseline -0.001 -12"><span class='ocrx_word' id='word_1_315' title='bbox 191 2159 294 2199; x_wconf 82' lang='lat' dir='ltr'><strong>ALC.</strong></span> <span class='ocrx_word' id='word_1_316' title='bbox 346 2159 446 2205; x_wconf 88' lang='lat' dir='ltr'>Quid</span> <span class='ocrx_word' id='word_1_317' title='bbox 480 2171 552 2210; x_wconf 89' lang='lat' dir='ltr'>ego</span> <span class='ocrx_word' id='word_1_318' title='bbox 584 2157 653 2197; x_wconf 89' lang='lat' dir='ltr'>tibi</span> <span class='ocrx_word' id='word_1_319' title='bbox 684 2158 842 2208; x_wconf 81' lang='lat' dir='ltr'>deliqui,</span> <span class='ocrx_word' id='word_1_320' title='bbox 874 2158 917 2205; x_wconf 93' lang='lat' dir='ltr'>si,</span> <span class='ocrx_word' id='word_1_321' title='bbox 949 2158 1010 2196; x_wconf 89' lang='lat' dir='ltr'>cui</span> <span class='ocrx_word' id='word_1_322' title='bbox 1044 2164 1166 2209; x_wconf 86' lang='lat' dir='ltr'>nupta</span> <span class='ocrx_word' id='word_1_323' title='bbox 1197 2170 1296 2205; x_wconf 89' lang='lat' dir='ltr'>sum,</span> <span class='ocrx_word' id='word_1_324' title='bbox 1329 2164 1458 2197; x_wconf 90' lang='lat' dir='ltr'>tecum</span> <span class='ocrx_word' id='word_1_325' title='bbox 1489 2156 1572 2197; x_wconf 81' lang='lat' dir='ltr'>sui?</span> 
     </span>
    </p>

    <p class='ocr_par' dir='ltr' id='par_1_18' title="bbox 190 2223 1587 2276">
     <span class='ocr_line' id='line_1_32' title="bbox 190 2223 1587 2276; baseline -0.001 -10"><span class='ocrx_word' id='word_1_326' title='bbox 190 2227 338 2266; x_wconf 77' lang='lat' dir='ltr'><strong>AMPH.</strong></span> <span class='ocrx_word' id='word_1_327' title='bbox 389 2226 476 2265; x_wconf 89' lang='lat' dir='ltr'>Tun</span> <span class='ocrx_word' id='word_1_328' title='bbox 509 2238 662 2265; x_wconf 90' lang='lat' dir='ltr'>mecum</span> <span class='ocrx_word' id='word_1_329' title='bbox 694 2224 842 2265; x_wconf 78' lang='lat' dir='ltr'>fueris?</span> <span class='ocrx_word' id='word_1_330' title='bbox 874 2225 964 2276; x_wconf 87' lang='lat' dir='ltr'>quid</span> <span class='ocrx_word' id='word_1_331' title='bbox 997 2224 1082 2263; x_wconf 86' lang='lat' dir='ltr'>illac</span> <span class='ocrx_word' id='word_1_332' title='bbox 1117 2225 1342 2276; x_wconf 84' lang='lat' dir='ltr'>impudente</span> <span class='ocrx_word' id='word_1_333' title='bbox 1373 2223 1587 2265; x_wconf 79' lang='lat' dir='ltr'>audacius?</span> 
     </span>
    </p>
   </div>
   <div class='ocr_carea' id='block_1_3' title="bbox 219 2292 1743 2321">
    <p class='ocr_par' dir='ltr' id='par_1_19' title="bbox 219 2292 1743 2321">
     <span class='ocr_line' id='line_1_33' title="bbox 219 2292 1743 2321; baseline 0 0"><span class='ocrx_word' id='word_1_334' title='bbox 219 2292 1743 2321; x_wconf 95' lang='lat' dir='ltr'> </span> 
     </span>
    </p>
   </div>
   <div class='ocr_carea' id='block_1_4' title="bbox 186 2333 1858 2888">
    <p class='ocr_par' dir='ltr' id='par_1_20' title="bbox 186 2333 1858 2888">
     <span class='ocr_line' id='line_1_34' title="bbox 306 2333 1858 2381; baseline -0.001 -10"><span class='ocrx_word' id='word_1_335' title='bbox 306 2339 368 2372; x_wconf 83' lang='grc'>788</span> <span class='ocrx_word' id='word_1_336' title='bbox 394 2338 483 2371; x_wconf 82' lang='lat' dir='ltr'><strong>ALc.</strong></span> <span class='ocrx_word' id='word_1_337' title='bbox 510 2346 556 2371; x_wconf 90' lang='lat' dir='ltr'>ne</span> <span class='ocrx_word' id='word_1_338' title='bbox 575 2335 671 2376; x_wconf 89' lang='lat' dir='ltr'>B¹D,</span> <span class='ocrx_word' id='word_1_339' title='bbox 695 2345 762 2369; x_wconf 89' lang='lat' dir='ltr'>nec</span> <span class='ocrx_word' id='word_1_340' title='bbox 782 2333 818 2368; x_wconf 82' lang='lat' dir='ltr'><em>E</em></span> <span class='ocrx_word' id='word_1_341' title='bbox 908 2337 971 2369; x_wconf 75' lang='grc'>789</span> <span class='ocrx_word' id='word_1_342' title='bbox 991 2335 1097 2370; x_wconf 86' lang='lat' dir='ltr'>dictis</span> <span class='ocrx_word' id='word_1_343' title='bbox 1115 2345 1186 2369; x_wconf 84' lang='lat' dir='ltr'>non</span> <span class='ocrx_word' id='word_1_344' title='bbox 1209 2339 1334 2381; x_wconf 77' lang='lat' dir='ltr'>aptum</span> <span class='ocrx_word' id='word_1_345' title='bbox 1359 2336 1501 2370; x_wconf 78' lang='lat' dir='ltr'>videtur</span> <span class='ocrx_word' id='word_1_346' title='bbox 1593 2338 1657 2370; x_wconf 87' lang='lat'>790</span> <span class='ocrx_word' id='word_1_347' title='bbox 1674 2335 1699 2369; x_wconf 81' lang='lat' dir='ltr'>i.</span> <span class='ocrx_word' id='word_1_348' title='bbox 1714 2346 1741 2370; x_wconf 82' lang='lat' dir='ltr'>e.</span> <span class='ocrx_word' id='word_1_349' title='bbox 1761 2335 1858 2370; x_wconf 83' lang='lat' dir='ltr'>unde</span> 
     </span>
     <span class='ocr_line' id='line_1_35' title="bbox 191 2391 1765 2438; baseline -0.003 -8"><span class='ocrx_word' id='word_1_350' title='bbox 191 2397 245 2430; x_wconf 85' lang='lat' dir='ltr'>est</span> <span class='ocrx_word' id='word_1_351' title='bbox 262 2393 332 2429; x_wconf 89' lang='lat' dir='ltr'>nisi</span> <span class='ocrx_word' id='word_1_352' title='bbox 350 2403 443 2438; x_wconf 83' lang='lat' dir='ltr'>quae</span> <span class='ocrx_word' id='word_1_353' title='bbox 458 2392 548 2427; x_wconf 88' lang='lat' dir='ltr'>mihi</span> <span class='ocrx_word' id='word_1_354' title='bbox 564 2392 628 2427; x_wconf 86' lang='lat' dir='ltr'>abs</span> <span class='ocrx_word' id='word_1_355' title='bbox 646 2394 681 2426; x_wconf 92' lang='lat' dir='ltr'>te</span> <span class='ocrx_word' id='word_1_356' title='bbox 698 2392 785 2426; x_wconf 85' lang='lat' dir='ltr'>data</span> <span class='ocrx_word' id='word_1_357' title='bbox 803 2391 884 2426; x_wconf 80' lang='lat' dir='ltr'>est?</span> <span class='ocrx_word' id='word_1_358' title='bbox 905 2403 974 2437; x_wconf 82' lang='lat' dir='ltr'>pro</span> <span class='ocrx_word' id='word_1_359' title='bbox 993 2402 1085 2436; x_wconf 84' lang='lat' dir='ltr'>quae</span> <span class='ocrx_word' id='word_1_360' title='bbox 1103 2394 1159 2426; x_wconf 87' lang='lat' dir='ltr'>est</span> <span class='ocrx_word' id='word_1_361' title='bbox 1182 2391 1270 2427; x_wconf 77' lang='lat' dir='ltr'>dicit</span> <span class='ocrx_word' id='word_1_362' title='bbox 1294 2392 1390 2427; x_wconf 84' lang='lat' dir='ltr'>unde</span> <span class='ocrx_word' id='word_1_363' title='bbox 1408 2395 1463 2427; x_wconf 84' lang='lat' dir='ltr'>est</span> <span class='ocrx_word' id='word_1_364' title='bbox 1475 2395 1631 2438; x_wconf 82' lang='lat' dir='ltr'>propter</span> <span class='ocrx_word' id='word_1_365' title='bbox 1646 2391 1711 2427; x_wconf 85' lang='lat' dir='ltr'>abs</span> <span class='ocrx_word' id='word_1_366' title='bbox 1728 2393 1765 2426; x_wconf 86' lang='lat' dir='ltr'>te</span> 
     </span>
     <span class='ocr_line' id='line_1_36' title="bbox 192 2446 1854 2494; baseline -0.001 -10"><span class='ocrx_word' id='word_1_367' title='bbox 192 2454 254 2485; x_wconf 83' lang='lat'>793</span> <span class='ocrx_word' id='word_1_368' title='bbox 279 2450 316 2484; x_wconf 89' lang='lat' dir='ltr'>id</span> <span class='ocrx_word' id='word_1_369' title='bbox 341 2449 436 2494; x_wconf 88' lang='lat' dir='ltr'>quod</span> <span class='ocrx_word' id='word_1_370' title='bbox 453 2449 618 2494; x_wconf 82' lang='lat' dir='ltr'>priorem</span> <span class='ocrx_word' id='word_1_371' title='bbox 636 2447 791 2493; x_wconf 81' lang='lat' dir='ltr'>corripit</span> <span class='ocrx_word' id='word_1_372' title='bbox 815 2452 854 2481; x_wconf 82' lang='lat' dir='ltr'>ut</span> <span class='ocrx_word' id='word_1_373' title='bbox 872 2446 980 2493; x_wconf 54' lang='lat' dir='ltr'>lapid.</span> <span class='ocrx_word' id='word_1_374' title='bbox 996 2449 1062 2482; x_wconf 82' lang='lat'>507</span> <span class='ocrx_word' id='word_1_375' title='bbox 1076 2449 1132 2488; x_wconf 84' lang='grc' dir='ltr'>(Α)</span> <span class='ocrx_word' id='word_1_376' title='bbox 1150 2447 1244 2482; x_wconf 72' lang='lat' dir='ltr'>Rud.</span> <span class='ocrx_word' id='word_1_377' title='bbox 1262 2450 1360 2489; x_wconf 76' lang='lat'>1335,</span> <span class='ocrx_word' id='word_1_378' title='bbox 1385 2448 1436 2493; x_wconf 83' lang='lat' dir='ltr'>cf.</span> <span class='ocrx_word' id='word_1_379' title='bbox 1458 2447 1490 2482; x_wconf 93' lang='lat' dir='ltr'><em>T</em></span> <span class='ocrx_word' id='word_1_380' title='bbox 1486 2449 1555 2482; x_wconf 80' lang='lat' dir='ltr'>rin.</span> <span class='ocrx_word' id='word_1_381' title='bbox 1570 2449 1637 2482; x_wconf 79' lang='lat'>413</span> <span class='ocrx_word' id='word_1_382' title='bbox 1660 2453 1695 2482; x_wconf 84' lang='lat' dir='ltr'>et</span> <span class='ocrx_word' id='word_1_383' title='bbox 1710 2448 1760 2482; x_wconf 81' lang='lat' dir='ltr'>ad</span> <span class='ocrx_word' id='word_1_384' title='bbox 1775 2447 1854 2483; x_wconf 78' lang='lat' dir='ltr'>Mil.</span> 
     </span>
     <span class='ocr_line' id='line_1_37' title="bbox 188 2503 1766 2546; baseline -0.002 -5"><span class='ocrx_word' id='word_1_385' title='bbox 188 2510 251 2541; x_wconf 67' lang='lat' dir='ltr'>-Jll</span> <span class='ocrx_word' id='word_1_386' title='bbox 338 2509 465 2541; x_wconf 84' lang='lat' dir='ltr'>uerust:</span> <span class='ocrx_word' id='word_1_387' title='bbox 545 2507 584 2540; x_wconf 81' lang='lat' dir='ltr'>at</span> <span class='ocrx_word' id='word_1_388' title='bbox 596 2507 671 2539; x_wconf 90' lang='lat' dir='ltr'>tum</span> <span class='ocrx_word' id='word_1_389' title='bbox 685 2503 808 2538; x_wconf 81' lang='lat' dir='ltr'><em>BD‘E</em></span> <span class='ocrx_word' id='word_1_390' title='bbox 887 2504 1045 2539; x_wconf 81' lang='lat' dir='ltr'>crutiatu</span> <span class='ocrx_word' id='word_1_391' title='bbox 1059 2504 1129 2539; x_wconf 88' lang='lat' dir='ltr'>lam</span> <span class='ocrx_word' id='word_1_392' title='bbox 1144 2508 1232 2545; x_wconf 83' lang='lat' dir='ltr'>(sam</span> <span class='ocrx_word' id='word_1_393' title='bbox 1248 2504 1307 2545; x_wconf 82' lang='lat' dir='ltr'>D¹)</span> <span class='ocrx_word' id='word_1_394' title='bbox 1328 2504 1440 2546; x_wconf 65' lang='lat' dir='ltr'>Bw,</span> <span class='ocrx_word' id='word_1_395' title='bbox 1454 2504 1554 2540; x_wconf 87' lang='lat' dir='ltr'>cruci</span> <span class='ocrx_word' id='word_1_396' title='bbox 1567 2503 1717 2540; x_wconf 79' lang='lat' dir='ltr'>attulam</span> <span class='ocrx_word' id='word_1_397' title='bbox 1732 2503 1766 2538; x_wconf 85' lang='lat' dir='ltr'><em>E</em></span> 
     </span>
     <span class='ocr_line' id='line_1_38' title="bbox 190 2559 1764 2607; baseline -0.001 -11"><span class='ocrx_word' id='word_1_398' title='bbox 190 2566 254 2598; x_wconf 85' lang='grc'>794</span> <span class='ocrx_word' id='word_1_399' title='bbox 271 2563 349 2607; x_wconf 88' lang='lat' dir='ltr'>quis</span> <span class='ocrx_word' id='word_1_400' title='bbox 366 2572 421 2596; x_wconf 88' lang='lat' dir='ltr'>me</span> <span class='ocrx_word' id='word_1_401' title='bbox 435 2561 487 2597; x_wconf 76' lang='grc' dir='ltr'>Βι</span> <span class='ocrx_word' id='word_1_402' title='bbox 580 2564 642 2595; x_wconf 91' lang='grc'>797</span> <span class='ocrx_word' id='word_1_403' title='bbox 661 2564 744 2605; x_wconf 84' lang='lat' dir='ltr'>post</span> <span class='ocrx_word' id='word_1_404' title='bbox 760 2562 854 2595; x_wconf 83' lang='lat' dir='ltr'>hanc</span> <span class='ocrx_word' id='word_1_405' title='bbox 871 2559 1078 2595; x_wconf 77' lang='lat' dir='ltr'>Palmerus:</span> <span class='ocrx_word' id='word_1_406' title='bbox 1090 2564 1173 2606; x_wconf 89' lang='lat' dir='ltr'>post</span> <span class='ocrx_word' id='word_1_407' title='bbox 1185 2562 1270 2605; x_wconf 85' lang='lat' dir='ltr'>hac;</span> <span class='ocrx_word' id='word_1_408' title='bbox 1284 2561 1336 2606; x_wconf 83' lang='lat' dir='ltr'>cf.</span> <span class='ocrx_word' id='word_1_409' title='bbox 1354 2560 1551 2607; x_wconf 76' lang='lat' dir='ltr'>Lanqenus</span> <span class='ocrx_word' id='word_1_410' title='bbox 1565 2560 1678 2606; x_wconf 76' lang='lat' dir='ltr'>symb.</span> <span class='ocrx_word' id='word_1_411' title='bbox 1696 2561 1764 2595; x_wconf 87' lang='grc'>260</span> 
     </span>
     <span class='ocr_line' id='line_1_39' title="bbox 190 2616 1853 2664; baseline -0.002 -10"><span class='ocrx_word' id='word_1_412' title='bbox 190 2622 254 2654; x_wconf 88' lang='lat'>799</span> <span class='ocrx_word' id='word_1_413' title='bbox 279 2619 375 2654; x_wconf 89' lang='lat' dir='ltr'>illico</span> <span class='ocrx_word' id='word_1_414' title='bbox 470 2621 529 2653; x_wconf 89' lang='grc'>801</span> <span class='ocrx_word' id='word_1_415' title='bbox 559 2617 637 2653; x_wconf 85' lang='lat' dir='ltr'>Sos.</span> <span class='ocrx_word' id='word_1_416' title='bbox 665 2637 707 2642; x_wconf 86' lang='lat'><em>-</em></span> <span class='ocrx_word' id='word_1_417' title='bbox 733 2618 857 2652; x_wconf 68' lang='lat' dir='ltr'>Ama.</span> <span class='ocrx_word' id='word_1_418' title='bbox 886 2616 1058 2652; x_wconf 74' lang='lat' dir='ltr'>Botlze&#39;us:</span> <span class='ocrx_word' id='word_1_419' title='bbox 1082 2619 1206 2653; x_wconf 69' lang='lat' dir='ltr'>Ama.</span> <span class='ocrx_word' id='word_1_420' title='bbox 1228 2619 1467 2664; x_wconf 72' lang='lat' dir='ltr'>praemissum</span> <span class='ocrx_word' id='word_1_421' title='bbox 1574 2628 1732 2662; x_wconf 81' lang='lat' dir='ltr'>pergam,</span> <span class='ocrx_word' id='word_1_422' title='bbox 1757 2628 1853 2653; x_wconf 86' lang='lat' dir='ltr'>corr.</span> 
     </span>
     <span class='ocr_line' id='line_1_40' title="bbox 188 2673 1762 2715; baseline -0.001 -5"><span class='ocrx_word' id='word_1_423' title='bbox 188 2675 352 2710; x_wconf 80' lang='lat' dir='ltr'>Muretus</span> <span class='ocrx_word' id='word_1_424' title='bbox 469 2677 532 2710; x_wconf 80' lang='grc'>806</span> <span class='ocrx_word' id='word_1_425' title='bbox 557 2673 646 2709; x_wconf 85' lang='lat' dir='ltr'>dicit:</span> <span class='ocrx_word' id='word_1_426' title='bbox 672 2673 757 2708; x_wconf 87' lang='lat' dir='ltr'>B¹D</span> <span class='ocrx_word' id='word_1_427' title='bbox 873 2676 935 2707; x_wconf 80' lang='lat'>807</span> <span class='ocrx_word' id='word_1_428' title='bbox 962 2673 1085 2709; x_wconf 84' lang='lat' dir='ltr'>aiebas</span> <span class='ocrx_word' id='word_1_429' title='bbox 1110 2673 1209 2715; x_wconf 78' lang='lat' dir='ltr'>BD2,</span> <span class='ocrx_word' id='word_1_430' title='bbox 1234 2674 1406 2715; x_wconf 82' lang='lat' dir='ltr'>al(a)eba.s</span> <span class='ocrx_word' id='word_1_431' title='bbox 1431 2673 1519 2709; x_wconf 83' lang='lat' dir='ltr'>D¹E</span> <span class='ocrx_word' id='word_1_432' title='bbox 1622 2675 1762 2709; x_wconf 83' lang='lat' dir='ltr'>abimus</span> 
     </span>
     <span class='ocr_line' id='line_1_41' title="bbox 189 2729 1854 2767; baseline -0.001 -1"><span class='ocrx_word' id='word_1_433' title='bbox 189 2734 252 2766; x_wconf 81' lang='grc'>810</span> <span class='ocrx_word' id='word_1_434' title='bbox 278 2732 381 2766; x_wconf 84' lang='lat' dir='ltr'>ambo</span> <span class='ocrx_word' id='word_1_435' title='bbox 409 2730 445 2766; x_wconf 88' lang='grc' dir='ltr'><em>Ε</em></span> <span class='ocrx_word' id='word_1_436' title='bbox 534 2733 594 2765; x_wconf 88' lang='grc'>811</span> <span class='ocrx_word' id='word_1_437' title='bbox 621 2730 680 2766; x_wconf 88' lang='lat' dir='ltr'>hic</span> <span class='ocrx_word' id='word_1_438' title='bbox 773 2732 837 2764; x_wconf 83' lang='lat'>812</span> <span class='ocrx_word' id='word_1_439' title='bbox 862 2732 898 2765; x_wconf 89' lang='lat' dir='ltr'>te</span> <span class='ocrx_word' id='word_1_440' title='bbox 991 2733 1053 2765; x_wconf 84' lang='grc'>813</span> <span class='ocrx_word' id='word_1_441' title='bbox 1086 2741 1164 2765; x_wconf 91' lang='lat' dir='ltr'>sum</span> <span class='ocrx_word' id='word_1_442' title='bbox 1191 2730 1238 2766; x_wconf 86' lang='lat' dir='ltr'>D¹</span> <span class='ocrx_word' id='word_1_443' title='bbox 1330 2730 1422 2766; x_wconf 75' lang='lat' dir='ltr'>falso</span> <span class='ocrx_word' id='word_1_444' title='bbox 1447 2730 1538 2767; x_wconf 83' lang='lat' dir='ltr'>falso</span> <span class='ocrx_word' id='word_1_445' title='bbox 1566 2729 1693 2765; x_wconf 85' lang='lat' dir='ltr'><em>BD¹E</em></span> <span class='ocrx_word' id='word_1_446' title='bbox 1779 2741 1854 2766; x_wconf 83' lang='lat' dir='ltr'>mo—</span> 
     </span>
     <span class='ocr_line' id='line_1_42' title="bbox 186 2785 1762 2832; baseline 0 -10"><span class='ocrx_word' id='word_1_447' title='bbox 186 2787 281 2823; x_wconf 89' lang='lat' dir='ltr'>mine</span> <span class='ocrx_word' id='word_1_448' title='bbox 306 2787 340 2822; x_wconf 87' lang='lat' dir='ltr'><em>B</em></span> <span class='ocrx_word' id='word_1_449' title='bbox 432 2789 496 2821; x_wconf 76' lang='lat'>814</span> <span class='ocrx_word' id='word_1_450' title='bbox 528 2787 587 2822; x_wconf 87' lang='lat' dir='ltr'>hic</span> <span class='ocrx_word' id='word_1_451' title='bbox 610 2786 682 2821; x_wconf 82' lang='lat' dir='ltr'>iam</span> <span class='ocrx_word' id='word_1_452' title='bbox 710 2785 839 2820; x_wconf 86' lang='lat' dir='ltr'>mulier</span> <span class='ocrx_word' id='word_1_453' title='bbox 863 2785 997 2821; x_wconf 85' lang='lat' dir='ltr'>factust</span> <span class='ocrx_word' id='word_1_454' title='bbox 1028 2785 1199 2832; x_wconf 78' lang='lat' dir='ltr'>Pylades,</span> <span class='ocrx_word' id='word_1_455' title='bbox 1224 2786 1289 2822; x_wconf 82' lang='lat' dir='ltr'>sed</span> <span class='ocrx_word' id='word_1_456' title='bbox 1316 2787 1370 2822; x_wconf 80' lang='lat' dir='ltr'>sic</span> <span class='ocrx_word' id='word_1_457' title='bbox 1398 2786 1589 2822; x_wconf 78' lang='lat' dir='ltr'>ridiculum</span> <span class='ocrx_word' id='word_1_458' title='bbox 1623 2786 1762 2823; x_wconf 79' lang='lat' dir='ltr'>tollitur</span> 
     </span>
     <span class='ocr_line' id='line_1_43' title="bbox 188 2841 1546 2888; baseline 0 -10"><span class='ocrx_word' id='word_1_459' title='bbox 188 2846 250 2878; x_wconf 87' lang='grc'>817</span> <span class='ocrx_word' id='word_1_460' title='bbox 277 2843 417 2888; x_wconf 83' lang='lat' dir='ltr'>delique</span> <span class='ocrx_word' id='word_1_461' title='bbox 443 2843 493 2878; x_wconf 74' lang='grc' dir='ltr'>Βι</span> <span class='ocrx_word' id='word_1_462' title='bbox 517 2849 686 2888; x_wconf 79' lang='lat' dir='ltr'>sequente</span> <span class='ocrx_word' id='word_1_463' title='bbox 708 2852 781 2876; x_wconf 82' lang='lat' dir='ltr'>ras.</span> <span class='ocrx_word' id='word_1_464' title='bbox 807 2844 828 2876; x_wconf 81' lang='lat'><em>5</em></span> <span class='ocrx_word' id='word_1_465' title='bbox 853 2841 920 2877; x_wconf 80' lang='lat' dir='ltr'>liet.</span> <span class='ocrx_word' id='word_1_466' title='bbox 1016 2844 1080 2877; x_wconf 83' lang='grc'>818</span> <span class='ocrx_word' id='word_1_467' title='bbox 1105 2846 1192 2878; x_wconf 83' lang='lat' dir='ltr'>tune</span> <span class='ocrx_word' id='word_1_468' title='bbox 1219 2842 1350 2885; x_wconf 79' lang='lat' dir='ltr'>BDE2,</span> <span class='ocrx_word' id='word_1_469' title='bbox 1375 2845 1473 2878; x_wconf 87' lang='lat' dir='ltr'>tume</span> <span class='ocrx_word' id='word_1_470' title='bbox 1497 2842 1546 2877; x_wconf 88' lang='lat' dir='ltr'>E¹</span> 
     </span>
    </p>
   </div>
  </div>
 </body>
</html>
