2018 3183
231 122 314 160 454
970 123 1151 160 PLAVTI
1666 127 1694 155 11
1711 129 1861 163 3,107-4,
1875 131 1893 159 3

230 237 368 278 CHAR.
418 237 531 276 Certe
562 236 703 287 edepol
733 236 962 277 adulescens
991 237 1067 285 ille,
1100 238 1163 277 cui
1194 250 1267 289 ego
1298 250 1398 286 emo,
1430 239 1602 279 efflictim
1633 241 1734 292 perit

232 306 314 344 eius
344 316 489 343 amore.
549 303 666 344 Dm.
716 303 838 343 Multo
868 304 1001 344 hercle
1030 305 1094 344 ille
1124 306 1246 357 magis
1276 318 1410 353 senex,
1441 307 1472 346 si
1503 313 1545 346 tu
1574 308 1685 348 scias.
1901 319 1959 353 445

230 372 368 412 CHAR.
417 372 639 423 Numquam
671 371 808 424 edepol
839 372 912 412 suit
944 385 1071 424 neque
1102 375 1169 412 fiet
1198 373 1262 413 ille
1292 386 1411 413 senex
1443 374 1619 414 insanior

232 453 276 479 ex
308 451 441 478 amore
472 451 588 490 quam
618 440 682 478 ille
711 439 941 480 adulescens
972 442 1034 480 cui
1065 453 1137 492 ego
1169 441 1218 480 do
1249 441 1352 481 hanc
1382 454 1554 493 operam,
1585 450 1706 495 pater.

230 508 282 548 D.
305 507 483 555 Quiesce,
502 507 676 558 inquam.
712 508 838 547 istanc
855 511 935 548 rem
955 521 1026 561 ego
1044 515 1150 548 recte
1160 509 1306 548 videro.
1336 509 1379 550 C.
1397 510 1498 556 Quid
1517 509 1598 550 ais?
1617 511 1670 553 D.
1692 511 1793 558 Quid
1810 511 1896 552 est?

230 575 274 615 C.
317 574 402 613 Non
436 587 508 626 ego
539 575 643 615 illam
674 577 883 628 mancupio
920 577 1066 628 accepi.
1124 577 1177 618 D.
1227 577 1301 617 Sed
1333 578 1397 617 ille
1428 578 1528 617 illam
1561 579 1738 631 accipiet.
1797 581 1895 620 sine.

230 643 369 684 CHAR.
420 642 507 682 Non
548 651 660 696 potes
698 651 741 684 tu
779 645 865 696 lege
904 645 1072 684 vendere
1102 645 1218 684 illam.
1277 645 1394 686 DEM.
1445 646 1528 698 Ego
1568 647 1713 698 aliquid
1752 648 1964 689 videram)

230 711 369 752 CHAR.
418 711 511 750 Post
540 718 669 750 autem
701 720 951 752 communest
980 713 1042 752 illa
1074 713 1166 752 mihi
1198 725 1287 752 cum
1318 714 1406 752 alio.
1467 715 1533 765 qui
1563 715 1644 754 scio

233 779 324 830 quid
355 778 405 818 sit
436 778 471 817 ei
502 779 634 827 animi,
667 781 853 819 venirene
885 793 968 820 eam
1000 781 1090 820 velit
1119 793 1168 820 an
1202 793 1281 820 non
1313 780 1432 821 velit?

231 847 347 887 DEM.
384 846 469 898 Ego
491 847 571 886 scio
593 848 703 887 velle.
745 848 882 889 CHAR.
919 850 967 887 At
988 849 1054 900 pol
1076 861 1148 900 ego
1171 861 1255 889 esse
1272 850 1390 889 credo
1411 850 1579 902 aliquem
1602 850 1668 901 qui
1692 863 1771 889 non
1796 850 1898 890 velit.

230 915 283 956 D.
326 915 427 960 Quid
459 915 495 953 id
519 927 603 954 mea
626 914 775 954 refert?
824 916 868 956 G.
909 916 1005 962 Quia
1037 916 1089 955 illi
1111 928 1220 955 suam
1252 928 1333 956 rem
1365 929 1449 957 esse
1470 924 1673 969 aequomst
1695 918 1734 957 in
1767 930 1898 958 manu.

230 983 283 1023 D.
325 982 427 1028 Quid
449 981 533 1022 ais?
582 982 626 1023 C.
658 983 886 1022 Communis
906 984 1000 1023 mihi
1022 984 1084 1023 illa
1107 991 1165 1023 est
1186 996 1274 1024 cum
1297 984 1383 1023 illo:
1407 985 1439 1024 is
1460 985 1523 1024 hic
1546 998 1654 1025 nunc
1677 998 1755 1025 non
1779 986 1899 1026 adest.
1912 993 1966 1026 455

231 1051 348 1091 DEM.
379 1050 494 1089 Prius
511 1051 730 1102 respondes
745 1063 862 1102 quam
879 1063 988 1102 roge.
1020 1051 1157 1092 CHAR.
1189 1052 1303 1091 Prius
1319 1054 1362 1091 t1'1
1380 1052 1476 1092 emis
1493 1053 1758 1104 quamvendo‚
1775 1061 1899 1105 pater.

234 1120 381 1166 nescio,
413 1119 588 1169 inquam,
617 1119 711 1158 velit
739 1119 803 1159 ille
833 1119 938 1159 illam
971 1132 1098 1159 necne
1129 1120 1399 1160 abalienarier.

231 1188 348 1227 DEM.
399 1185 531 1232 Quid?
562 1187 615 1226 illi
646 1187 830 1238 quoidam
862 1188 928 1239 qui
958 1188 1155 1228 mandavit
1184 1188 1253 1228 tibi
1284 1190 1317 1228 si
1348 1195 1513 1235 emetur,
1545 1196 1627 1228 tum
1657 1189 1771 1237 volet,

232 1258 264 1295 si
296 1267 368 1306 ego
401 1266 487 1294 emo
520 1254 574 1294 illi
605 1255 673 1306 qui
703 1255 913 1304 mandavit,
945 1262 1027 1296 tum
1059 1257 1122 1296 ille
1155 1254 1290 1296 nolet?
1321 1256 1417 1296 nihil
1448 1256 1541 1307 agis.
2004 1300 2013 1305 „

233 1335 449 1374 numquam
478 1323 618 1374 edepol
640 1323 845 1375 quisquam
877 1324 980 1363 illam
1003 1324 1161 1364 habebit
1182 1324 1313 1376 potius
1335 1336 1451 1376 quam
1483 1324 1545 1363 ille
1567 1337 1685 1375 quem
1707 1337 1777 1377 ego
1801 1324 1968 1364 v010.460
2001 1323 2018 1326 ⁰

231 1391 275 1432 C.
316 1389 595 1431 Certumnest?
644 1391 698 1432 D.
739 1391 892 1432 Censen
915 1399 1067 1432 certum
1098 1391 1213 1432 esse?
1265 1393 1359 1444 quin
1392 1393 1438 1432 ad
1462 1404 1598 1431 navem
1619 1392 1694 1431 iam
1715 1393 1808 1432 hinc
1839 1405 1900 1438 en,

232 1459 286 1498 ibi
311 1458 469 1499 venibit.
501 1459 639 1500 CHAR.
661 1459 733 1498 Vin
757 1472 820 1499 me
841 1466 971 1501 tecum
994 1461 1059 1500 illo
1081 1459 1168 1500 ire?
1199 1461 1316 1501 DEM.
1342 1461 1452 1500 Nolo.
1492 1460 1629 1502 CHAR.
1647 1460 1734 1500 Non
1757 1460 1900 1512 places.
1998 1488 2018 1502 ,⁴

231 1527 348 1567 DEM.
399 1527 555 1566 Meliust
585 1534 636 1574 te,
669 1539 767 1579 quae
795 1535 889 1568 sunt
919 1529 1125 1568 mandatae
1155 1541 1219 1568 res
1249 1528 1332 1577 tibi,
1364 1529 1619 1580 praevortier.
1996 1511 2018 1567 ἶ]

231 1595 369 1636 CHAR.
420 1595 479 1634 Tu
510 1595 709 1647 prohibes.
768 1596 885 1637 DEM.
934 1598 983 1636 At
1013 1609 1075 1636 me
1105 1597 1304 1636 incusato:
1336 1603 1374 1636 te
1405 1597 1543 1636 secisse
1573 1596 1723 1636 sedulo.
2006 1638 2010 1642 ,

232 1664 279 1702 ad
310 1669 469 1714 portum
502 1676 551 1702 ne
581 1663 694 1711 bitas,
725 1664 812 1703 dico
835 1655 917 1704 'iam
950 1664 1032 1703 tibi.
1093 1664 1230 1705 CHAR.
1281 1665 1585 1704 Auscultabitur.
1909 1670 1964 1703 465
2000 1689 2016 1706 Α.

230 1731 348 1772 DEM.
400 1731 469 1770 Ibo
501 1732 546 1770 ad
578 1739 748 1784 portum.
810 1745 859 1772 ne
888 1733 953 1771 hic
984 1733 1188 1779 resciscat,
1221 1738 1334 1772 cauto
1366 1739 1501 1785 opust:
1534 1745 1615 1772 non
1647 1733 1731 1784 ipse
1761 1743 1901 1779 emam,

232 1799 301 1839 sed
332 1799 564 1851 Lysimacho
596 1800 721 1839 amico
752 1800 960 1839 mandabo.
1021 1801 1052 1839 is
1082 1813 1123 1839 se
1154 1800 1201 1839 ad
1232 1807 1391 1852 portum
1422 1800 1571 1839 dixerat

231 1868 288 1907 ire
319 1867 479 1906 dudum.
539 1879 601 1906 me
631 1880 767 1907 moror
797 1880 916 1919 quom
946 1868 1010 1907 hic
1040 1874 1135 1908 asto.
1167 1891 1223 1896 —
1280 1868 1417 1909 CHAR.
1466 1868 1603 1908 Nullus
1632 1880 1732 1915 sum,
1765 1867 1902 1907 occidi.

232 1935 451 1975 Pentheum
483 1935 690 1987 diripuisse
720 1936 830 1975 aiunt
859 1936 1049 1975 Bacchas:
1084 1948 1209 1988 nugas
1239 1936 1425 1976 maximas
1810 1935 1855 1974 II
1875 1936 1902 1974 4

232 2003 352 2043 fuisse
383 2004 514 2050 credo,
546 2010 685 2054 praeut
716 2016 793 2055 quo
826 2011 940 2056 pacto
972 2007 1044 2056 ego
1075 2004 1253 2044 divorsus
1283 2004 1490 2044 distrahor.
1911 2007 1967 2040 47⁰

231 2083 302 2110 cur
334 2083 406 2122 ego
437 2069 552 2110 vivo?
583 2084 654 2111 cur
685 2085 765 2112 non
799 2071 977 2112 morior?
1009 2073 1101 2124 quid
1132 2073 1264 2112 mihist
1293 2073 1333 2112 in
1364 2072 1439 2112 vita
1470 2070 1595 2111 honi?

345 2273 412 2305 444
437 2273 535 2307 certo
562 2270 623 2306 CD
714 2271 884 2308 efflectim
909 2275 942 2308 B
1030 2276 1096 2308 448
1121 2273 1210 2317 agis,
1234 2283 1327 2308 corr.
1350 2271 1478 2307 Dousa
1570 2273 1636 2307 449
1662 2274 1800 2306 tantum
1825 2270 1902 2306 sine

230 2326 452 2373 Demiphoni
477 2327 666 2370 tribuitur,
694 2339 789 2363 corr.
814 2328 1003 2364 Acidalius
1094 2329 1248 2374 accepit,
1272 2339 1367 2364 corr.
1394 2327 1562 2373 Scaliqer
1655 2330 1718 2362 451
1745 2336 1902 2362 commu-

230 2385 312 2419 nest:
335 2386 383 2420 B:
407 2383 605 2419 communis
629 2386 685 2419 est
710 2384 771 2419 CB
875 2384 928 2430 cf.
953 2385 1002 2419 ad
1028 2385 1129 2432 Capt.
1152 2387 1204 2420 24
1305 2386 1372 2420 452
1396 2384 1487 2420 uelit
1510 2383 1665 2419 alterum
1690 2393 1758 2419 om.
1782 2385 1816 2419 B

231 2442 296 2474 453
320 2440 413 2485 fort.
439 2439 578 2484 aliquid
647 2443 715 2476 454
738 2441 775 2475 id
791 2451 889 2476 mea:
916 2441 1018 2477 deme
1036 2445 1069 2478 Β
1134 2453 1210 2477 rem
1235 2451 1336 2476 suam
1353 2443 1386 2477 B
1451 2441 1490 2475 in
1512 2440 1599 2475 naui
1615 2442 1649 2476 B
1715 2442 1780 2474 455
1806 2448 1902 2474 nunc

230 2495 291 2530 hic
318 2495 378 2531 CD
471 2499 536 2530 457
567 2497 748 2533 accedit
770 2497 801 2532 A
893 2497 954 2532 ille
986 2508 1053 2532 om.
1079 2501 1109 2532 A
1202 2499 1268 2532 458
1302 2497 1389 2541 quid
1412 2497 1487 2532 illic
1511 2496 1656 2541 quidam
1680 2495 1725 2538 P,
1755 2496 1819 2532 sed
1842 2495 1902 2539 ille

231 2552 376 2596 quidam
394 2553 438 2594 A,
462 2563 557 2588 corr.
583 2552 740 2588 Bothius
832 2553 899 2589 tibi
923 2565 1039 2599 usque
1062 2553 1112 2589 ad
1133 2553 1323 2588 mandauit
1347 2554 1447 2596 (459)
1472 2563 1541 2587 om.
1558 2551 1594 2586 P
1683 2554 1748 2588 460
1775 2550 1903 2597 edepol

230 2608 420 2652 quisquam
437 2608 567 2654 edepol
583 2610 615 2645 A
707 2612 769 2645 461
791 2611 1011 2645 certumnest
1027 2610 1076 2645 A:
1100 2613 1238 2645 certum
1255 2612 1311 2645 est
1326 2608 1362 2643 P
1451 2608 1576 2644 nauim
1595 2607 1655 2645 CD
1747 2610 1813 2642 463
1829 2618 1901 2643 me·

231 2664 302 2699 lius
318 2667 355 2699 te
372 2665 415 2706 A,
440 2665 568 2700 melius
592 2665 679 2701 item
697 2665 732 2701 B
824 2668 891 2701 464
914 2669 954 2702 at
976 2669 1017 2702 tu
1041 2669 1215 2702 excusato
1241 2665 1322 2707 (-tio
1344 2668 1383 2707 B)
1408 2664 1444 2699 P
1531 2667 1597 2700 465
1623 2664 1720 2700 uitas
1743 2667 1784 2709 B,
1810 2664 1902 2700 bites

233 2720 295 2756 CD
399 2721 503 2757 deico
528 2722 559 2756 A
667 2724 734 2757 466
758 2733 805 2758 ne
829 2724 878 2757 A:
902 2725 939 2758 et
962 2734 1008 2758 ne
1035 2722 1069 2757 Ρ
1169 2732 1261 2768 opus
1286 2724 1342 2757 est
1366 2720 1401 2755 P
1505 2723 1570 2755 467
1596 2721 1760 2756 deixerat
1783 2723 1815 2756 A

234 2779 298 2811 468
315 2777 397 2812 heic
415 2779 446 2812 A
515 2788 693 2814 cmmvs
710 2778 923 2814 nvrfircnvs
940 2781 972 2814 A
994 2784 1028 2814 et
1045 2779 1135 2821 (sine
1149 2779 1184 2822 iz)
1202 2778 1248 2820 1),
1273 2788 1454 2814 CHARINVS
1478 2787 1672 2812 nvrxcnvs
1688 2779 1850 2819 (nvncvs
1863 2777 1905 2816 Β)

233 2844 512 2870 ADvmscEncrEs
536 2845 571 2869 B.
596 2845 692 2870 11-c-
720 2838 766 2876 (B.
792 2841 826 2871 et
850 2846 882 2871 c.
908 2846 976 2870 om.
1001 2838 1044 2877 B)
1072 2835 1139 2871 BC
1228 2832 1418 2881 Eutychus
1442 2834 1513 2869 iam
1531 2845 1604 2880 per
1626 2843 1795 2869 scaenam
1818 2833 1857 2874 2,
1881 2832 1917 2867 3.

232 2889 276 2925 ab
303 2891 395 2925 ostio
421 2890 640 2927 auscultavit
663 2892 765 2933 (477)
858 2894 924 2927 469
948 2892 1065 2928 aiiunt
1088 2893 1120 2926 A
1213 2894 1276 2926 471
1304 2901 1370 2935 qur
1394 2900 1478 2935 ergo
1503 2890 1610 2926 ueiuo
1634 2900 1702 2934 qur
1724 2890 1756 2924 A
