2018 3183
220 68 272 105 60
960 62 1141 98 PLAVTI
1729 61 1742 88 1
1753 63 1780 95 3.
1799 60 1884 89 3-31

221 195 294 222 nec
324 188 430 221 recte
462 192 560 233 quae
590 185 631 219 tu
663 179 700 218 in
735 190 807 217 nos
839 177 946 226 dicis,
978 188 1115 215 aurum
1147 181 1263 227 atque
1295 182 1502 227 argentum
1533 181 1738 215 merumst:
1897 183 1952 216 155

220 251 320 290 fixus
349 249 413 288 hic
442 246 545 300 apud
577 249 648 286 nos
679 252 737 285 est
765 244 921 284 animus
952 250 1039 283 tuos
1070 243 1177 282 clavo
1210 242 1423 294 Cupidinis.

220 317 384 368 remigio
414 315 579 365 veloque
610 319 799 365 quantum
829 311 979 363 poteris
1010 310 1150 350 festina
1180 315 1220 349 et
1250 310 1359 360 fuge:

220 397 335 437 quam
368 383 489 434 magis
519 384 557 421 te
588 381 626 419 in
658 380 779 419 altum
811 378 993 430 capessis,
1024 383 1102 416 tam
1133 383 1262 417 aestus
1292 384 1330 417 te
1361 377 1400 416 in
1433 383 1591 428 portum
1620 378 1752 417 refert.

220 452 386 492 Anam.
436 449 519 501 Ego
550 447 617 499 pol
646 446 765 486 istum
794 446 1029 498 portitorem
1058 443 1219 497 privabo
1250 444 1451 496 portorio;

221 532 294 570 ego
327 527 362 558 te
393 517 535 557 dehinc
565 520 609 554 ut
637 514 776 553 merita
807 526 848 552 es
879 514 926 552 de
957 524 1020 551 me
1049 518 1090 552 et
1117 524 1204 552 mea
1234 524 1277 551 re
1307 519 1475 551 tractare
1505 522 1709 562 exsequar,
1898 519 1954 552 160

221 597 341 637 quom
371 590 413 624 111
444 583 533 623 med
563 588 607 621 ut
636 581 799 621 meritus
829 593 914 620 sum
947 593 1028 620 non
1060 586 1202 619 tractas
1232 586 1347 631 atque
1379 580 1472 619 eicis
1501 579 1631 619 domo.

220 650 381 692 CLEAR.
429 649 550 699 Magis
580 648 681 687 istuc
709 645 950 698 percipimus
979 645 1113 698 lingua
1142 645 1232 693 dici,
1263 657 1378 696 quam
1413 645 1524 685 sactis
1554 646 1649 686 sore.

220 717 392 758 ARGYR.
442 716 557 756 Solus
587 715 798 755 solitudine
828 726 900 764 ego
931 713 996 752 ted
1026 719 1143 765 atque
1174 712 1221 752 ab
1254 719 1423 763 egestate
1454 713 1615 762 abstuli;

221 786 328 826 solus
358 786 390 825 si
421 784 589 829 ductem,
621 783 768 821 referre
799 781 963 833 gratiam
996 793 1207 832 numquam
1240 788 1364 833 potes.

222 853 382 894 CLEAR.
431 852 547 891 Solus
577 851 747 898 (luctato,
778 849 809 889 si
840 861 998 900 semper
1026 849 1133 888 solus
1164 861 1262 900 quae
1293 860 1452 901 poscam
1482 849 1611 898 dabis;
1902 857 1957 891 165

223 933 380 973 semper
410 919 478 959 tibi
512 918 745 971 promissum
778 916 920 956 habeto
952 917 1025 956 hac
1054 917 1153 968 lege,
1185 916 1277 955 dum
1307 929 1470 968 superes
1499 917 1609 957 datis.

221 991 392 1029 ARGYR.
444 988 519 1034 Qui
550 986 691 1025 modus
721 983 865 1024 dandi?
897 997 986 1023 nam
1021 996 1232 1035 numquam
1266 990 1308 1023 tu
1339 984 1495 1034 quidem
1527 985 1674 1037 expleri
1704 992 1836 1037 potes;

223 1057 339 1096 modo
371 1068 490 1107 quom
521 1054 717 1105 accepisti,
748 1053 850 1092 haud
882 1053 1004 1092 multo
1036 1059 1126 1104 post
1155 1051 1297 1103 aliquid
1332 1053 1434 1103 quod
1466 1064 1605 1103 poscas
1634 1065 1761 1104 paras.

222 1124 382 1165 CLEAR.
433 1123 535 1169 Quid
566 1122 710 1162 modist
740 1122 950 1167 (luctando,
983 1118 1176 1159 amando?
1208 1132 1475 1171 numquamne
1506 1120 1652 1172 expleri
1681 1119 1821 1172 potes?

222 1192 340 1232 modo
371 1191 567 1238 remisisti,
599 1189 790 1229 continuo
821 1189 897 1228 iam
927 1194 971 1227 ut
1000 1187 1193 1227 remittam
1226 1187 1270 1226 ad
1303 1194 1340 1226 te
1371 1200 1498 1239 rogas.
1903 1195 1958 1228 170

222 1260 273 1302 A.
325 1259 420 1299 Dedi
451 1258 631 1310 equidem
664 1257 767 1308 quod
799 1268 954 1296 mecum
987 1256 1110 1307 egisti.
1171 1255 1214 1296 C.
1265 1255 1314 1294 Et
1342 1255 1410 1294 tibi
1444 1267 1515 1306 ego
1546 1256 1633 1296 misi
1664 1256 1888 1296 mulierem:

222 1341 295 1380 par
324 1327 407 1379 pari
439 1327 569 1365 datum
602 1326 934 1371 hostimentumst‚
967 1336 1083 1376 opera
1117 1336 1188 1375 pro
1221 1323 1401 1375 pecunia.

223 1396 274 1437 A.
325 1395 424 1434 Male
455 1394 536 1445 agis
568 1405 735 1433 mecum.
803 1392 848 1433 G.
900 1392 1000 1438 Quid
1033 1404 1095 1430 me.
1126 1404 1306 1439 accusas,
1338 1391 1368 1430 si
1401 1391 1499 1430 facio
1531 1392 1704 1430 officium
1733 1390 1891 1432 meum?

225 1476 314 1502 nam
348 1475 476 1514 neque
512 1464 648 1500 fictum
678 1466 882 1511 usquamst
913 1472 1042 1510 neque
1073 1460 1220 1511 pictum
1254 1471 1382 1509 neque
1412 1459 1602 1510 scriptum
1632 1459 1672 1499 in
1702 1461 1892 1512 poematis

223 1531 290 1571 ubi
322 1531 409 1569 lena
440 1529 542 1569 bene
572 1536 659 1581 agat
689 1541 778 1568 cum
811 1529 995 1579 quiquam
1028 1533 1195 1574 amante,
1228 1539 1327 1578 quae
1358 1527 1460 1578 frugi
1491 1540 1576 1567 esse
1605 1528 1696 1567 volt.
1906 1535 1962 1568 175

224 1599 396 1639 ARGYR.
446 1598 538 1637 Mihi
578 1598 734 1649 quidem
773 1604 811 1636 te
843 1608 1004 1648 parcere
1040 1602 1242 1646 aequomst
1273 1595 1442 1641 tandem,
1474 1602 1517 1634 ut
1546 1595 1615 1634 tibi
1646 1596 1783 1636 durem
1814 1596 1894 1636 diu.

224 1667 385 1708 CLEAR.
434 1666 521 1705 Non
553 1672 596 1704 tu
627 1663 730 1704 scis?
761 1676 860 1715 quae
891 1663 1036 1702 amanti
1065 1669 1211 1715 parcet,
1244 1662 1375 1701 eadem
1409 1662 1481 1702 sibi
1512 1670 1648 1714 parcet
1676 1676 1827 1716 parum.

226 1736 335 1787 quasi
367 1734 499 1786 piscis,
531 1732 702 1772 itidemst
731 1739 880 1770 amator
911 1732 1043 1770 lenae:
1077 1743 1247 1782 nequam
1279 1737 1348 1777 est,
1382 1731 1455 1769 nisi
1488 1743 1648 1781 recens;

225 1804 257 1843 is
288 1802 406 1842 habet
436 1814 588 1848 sucum,
620 1801 652 1840 is
682 1800 922 1845 suavitatem,
954 1811 1043 1838 eum
1076 1811 1153 1850 quo
1185 1799 1240 1837 vis
1271 1805 1384 1850 pacto
1418 1798 1590 1847 condias,

224 1871 286 1910 vel
316 1869 548 1922 patinarium
582 1869 641 1907 vel
671 1880 814 1915 assum,
845 1880 975 1906 verses
1007 1879 1084 1917 quo
1117 1872 1230 1918 pacto
1262 1866 1388 1905 lubet:
1910 1872 1964 1906 180

226 1939 258 1979 is
291 1938 382 1977 dare
412 1937 502 1984 volt,
534 1936 566 1975 is
597 1949 637 1975 sc
669 1936 812 1986 aliquid
844 1935 965 1986 posci,
998 1947 1087 1973 nam
1119 1935 1171 1973 ibi
1203 1935 1250 1973 de
1281 1934 1400 1985 pleno
1434 1934 1647 1985 promitur;

229 2018 359 2057 neque
390 2005 453 2043 ille
484 2004 557 2043 scit
588 2003 678 2054 quid
711 2003 786 2050 det,
821 2002 911 2053 quid
943 2002 1072 2041 damni
1105 2002 1239 2041 saciat:
1271 2002 1324 2040 illi
1356 2001 1412 2039 rei
1444 2001 1585 2041 studet.

227 2074 307 2113 volt
337 2073 491 2125 placere
523 2083 608 2110 sese
640 2070 798 2117 amicae,
829 2070 909 2108 volt
940 2069 1050 2114 milii,
1079 2069 1159 2108 volt
1189 2069 1437 2120 pedisequae,

340 2209 404 2242 156
437 2208 493 2241 631
523 2216 589 2240 om.
624 2204 685 2247 9¹,
710 2203 851 2238 Nonius
877 2204 950 2238 344
1063 2207 1124 2238 157
1156 2206 1259 2247 potes
1292 2202 1434 2238 Nonius
1458 2204 1557 2245 308,
1589 2203 1685 2248 potis
1716 2214 1755 2239 es
1781 2203 1896 2240 Τααῦ-

225 2273 380 2298 mcmnus
396 2261 618 2303 (G7·uterus)‚·
642 2261 690 2305 cf.
709 2260 1062 2301 Aul.119(Brixius
1078 2259 1127 2294 ad
1150 2258 1245 2294 Men.
1263 2260 1351 2302 435)
1446 2262 1507 2294 158
1533 2269 1602 2305 quo
1626 2259 1740 2304 magis
1765 2261 1896 2296 omisso

225 2324 300 2357 tam
335 2319 480 2354 Nonius
508 2319 594 2354 247.
626 2318 716 2352 266.
749 2318 820 2352 381
861 2320 924 2359 (ex
963 2316 1083 2352 Ii'onio
1123 2316 1243 2351 Servii
1279 2315 1524 2362 interpolator
1563 2314 1681 2350 Italus
1716 2318 1806 2351 Aen.
1841 2318 1897 2360 11,

252 2378 316 2419 27)
458 2378 517 2410 161
544 2385 600 2409 1116
737 2376 845 2418 atque
869 2373 1143 2408 Laclzmamms:
1167 2383 1259 2417 quae
1399 2374 1462 2407 163
1487 2375 1524 2408 16
1547 2375 1655 2417 atque
1679 2371 1794 2415 D²E²,
1819 2374 1896 2410 dat-

229 2445 297 2480 que
328 2433 381 2469 Βι
523 2434 586 2466 164
614 2433 736 2477 potest
770 2430 819 2465 Βι
960 2433 1021 2464 167
1056 2429 1142 2474 quid
1171 2429 1304 2465 modist
1333 2429 1452 2465 dando
1485 2429 1673 2464 Acidalius
1701 2434 1737 2464 et
1766 2429 1896 2466 Fleck-

226 2490 366 2525 eI‘senus
391 2488 649 2535 probabiliter,
681 2488 727 2528 of.
761 2488 839 2523 882
868 2486 980 2522 Mero.
1014 2487 1087 2521 652
1116 2485 1319 2521 Ζονεηῑίηε
1347 2486 1397 2520 ad
1425 2485 1502 2521 Mil.
1533 2486 1622 2521 1311
1646 2497 1689 2532 p.
1717 2487 1806 2522 285.
1834 2486 1899 2522 sed

226 2559 299 2583 non
322 2546 434 2592 plane
457 2545 564 2580 verba
590 2548 845 2590 eoeaequantur
867 2544 940 2578 169
953 2554 1005 2589 sq.
1102 2545 1165 2578 168
1191 2553 1296 2587 quom
1322 2542 1498 2587 Pylades:
1521 2543 1618 2588 quod
1711 2545 1774 2578 172
1799 2543 1833 2577 d.
1858 2543 1894 2578 h.

229 2603 315 2639 BD:
341 2604 375 2638 d.
400 2604 467 2638 hos
491 2602 680 2638 timentust
707 2600 751 2644 E,
773 2600 1031 2636 hostimentum
1055 2599 1089 2633 d.
1116 2602 1172 2635 est
1195 2599 1339 2634 Nonius
1363 2600 1398 2641 3,
1423 2599 1681 2634 hostimentum
1704 2599 1737 2634 d.
1756 2599 1897 2634 Nonius

252 2661 323 2701 29,
356 2659 391 2694 (1.
417 2662 473 2695 est
496 2660 531 2694 h.
562 2658 674 2693 schol.
716 2657 821 2704 Vera.
851 2659 939 2692 Aen.
965 2657 1006 2698 4,
1026 2656 1102 2691 424
1135 2653 1218 2697 (‘Pl.
1249 2656 1287 2690 in
1319 2653 1553 2698 Cistellaria‘)
1695 2658 1759 2690 174
1793 2667 1895 2692 nam:

227 2727 381 2761 namque
406 2715 443 2750 E
588 2725 655 2751 nec
691 2714 816 2750 fictum
852 2716 1039 2759 usquamst
1073 2723 1140 2748 nec
1177 2712 1313 2748 dictum
1348 2712 1500 2756 (tietum)
1532 2712 1674 2748 Nonius
1698 2713 1795 2756 309,
1829 2723 1896 2749 1166

228 2772 353 2808 fictum
384 2774 588 2817 umquamst
629 2782 744 2817 neque
789 2771 927 2816 pictum
965 2769 1107 2805 Nonius
1143 2769 1238 2804 493:
1278 2779 1394 2813 neque
1439 2779 1589 2814 usquam
1624 2769 1760 2814 pictum

232 2832 292 2864 181
320 2829 394 2872 ubi,
420 2839 515 2863 corr.
534 2842 552 2864 ς
