2018 3183
204 73 259 111 84
942 68 1123 104 PLAVTI
1574 68 1617 96 IV
1630 69 1657 102 2.
1677 68 1773 96 11-v
1785 69 1810 101 1,
1831 69 1866 97 18

259 187 364 226 PAR.
414 185 497 237 Ego
529 185 584 224 sic
615 184 839 223 faciundum
872 194 1034 221 censeo:
1068 193 1130 220 me
1160 180 1392 227 honestiust,
1875 189 1934 222 820

263 266 377 305 quam
410 260 446 291 te
478 252 602 304 palam
634 251 736 290 hanc
767 262 847 289 rem
881 250 1021 296 tacere,
1054 261 1103 288 ne
1134 248 1196 287 illa
1228 248 1418 288 existimet

262 321 404 360 amoris
435 332 549 359 causa
581 318 771 370 percitum
804 317 840 355 id
871 317 1008 355 fecisse
1040 322 1077 354 te

262 389 384 440 magis
415 390 530 438 quam
562 397 628 425 sua
661 388 788 424 causa.
847 384 974 424 D1AB.
1026 384 1074 422 At
1104 383 1169 435 pol
1201 383 1266 434 qui
1299 382 1390 421 dixti
1423 382 1577 421 rectius.

262 462 304 494 tu
335 467 430 506 ergo
461 455 522 492 sac
552 459 595 492 ut
625 453 677 491 illi
708 450 845 491 turbas
875 451 961 490 lites
992 451 1173 498 concias;

262 534 350 562 cum
382 534 453 561 suo
484 521 556 559 sibi
587 526 705 572 gnato
738 531 855 558 unam
887 519 932 558 ad
964 519 1126 557 amicam
1159 518 1207 557 de
1237 518 1297 556 die
1877 524 1936 558 825

262 596 411 642 potare,
443 588 546 627 illam
578 588 748 640 expilare
777 584 952 641 (narra).
1011 586 1117 626 PAR.
1162 585 1217 625 Ne
1249 597 1378 632 mone,

264 669 335 709 ego
367 656 467 696 istud
500 656 657 695 curabo.
688 679 743 685 —-
773 654 901 694 D1AB.
950 655 999 692 At
1029 665 1100 703 ego
1132 660 1170 692 te
1201 653 1386 705 opperiar
1415 652 1532 691 domi.
1566 675 1619 680 —

859 776 1225 818 ARGYRIPPVS
1781 774 1823 815 V
1846 777 1866 814 1

322 855 416 913 [Age
447 857 726 896 decumbamus
756 857 820 903 sis,
849 863 971 908 pater.

844 944 1240 985 DEMAENETVS

966 1012 1014 1051 Vt
1044 1012 1216 1059 iusseris,

320 1083 371 1120 mi
403 1088 532 1133 gnate,
564 1081 614 1119 ita
646 1082 722 1119 fiet.
782 1079 893 1120 ABG.
944 1080 1073 1126 Pueri,
1105 1091 1280 1118 mensam
1312 1074 1524 1132 adponite.]

206 1151 322 1190 DEM.
338 1148 627 1200 Numquidnam
644 1148 714 1187 tibi
734 1148 990 1194 molestumst‚
1008 1155 1124 1198 gnate
1142 1150 1206 1193 mi,
1224 1147 1255 1186 si
1274 1147 1368 1185 haec
1387 1158 1492 1185 nunc
1509 1157 1661 1184 mecum
1679 1142 1940 1187 accubat?830

207 1218 317 1258 ABG.
363 1218 500 1263 Pietas,
531 1224 653 1268 pater,
687 1217 810 1255 oculis
831 1216 1006 1254 dolorem
1030 1215 1224 1267 prohibet.
1275 1226 1510 1265 quamquam
1533 1226 1605 1265 ego
1627 1214 1751 1252 istanc
1771 1224 1871 1258 amo,

207 1297 368 1337 possum
393 1285 571 1336 equidem
605 1284 790 1323 inducere
821 1283 1007 1330 animum,
1041 1296 1089 1322 ne
1116 1295 1232 1333 aegre
1264 1277 1387 1334 patiar
1418 1282 1505 1332 quia
1537 1288 1667 1320 tecum
1697 1279 1872 1319 accubat.

207 1353 324 1393 DEM.
347 1352 465 1391 Decet
481 1352 744 1390 verecundum
758 1363 840 1390 0550
852 1351 1154 1395 adulescentem,
1173 1350 1405 1402 Argyrippe.
1435 1349 1546 1389 ARG.
1569 1348 1732 1401 Edepol,
1750 1355 1872 1401 pater,

208 1421 346 1459 merito
378 1427 445 1458 tuo
477 1420 605 1458 lacere
637 1432 810 1471 possum.
869 1419 986 1458 Dm.
1037 1419 1117 1469 Age
1149 1430 1255 1469 ergo,
1288 1418 1363 1457 hoc
1396 1417 1586 1468 agitemus
1617 1417 1834 1456 convivium

207 1488 297 1527 vino
329 1495 371 1526 ut
401 1500 582 1526 sermone
613 1488 732 1526 suavi.
783 1487 873 1525 nolo
906 1499 978 1537 ego
1010 1486 1144 1533 metui,
1176 1487 1295 1524 amari
1328 1485 1489 1533 mavolo,
1884 1490 1941 1525 835

207 1556 261 1594 mi
291 1562 421 1606 gnate,
452 1567 513 1593 me
535 1555 603 1594 abs
624 1563 674 1594 te.
713 1554 825 1594 ABG.
856 1554 923 1593 Pol
945 1567 1017 1605 ego
1041 1561 1252 1604 utrumque
1274 1554 1386 1600 facio,
1409 1560 1452 1592 ut
1471 1565 1636 1604 aequom
1659 1559 1717 1592 est
1739 1553 1872 1592 filium.

209 1622 325 1662 Dm.
358 1623 519 1662 Credam
541 1622 656 1670 istuc,
679 1623 709 1661 si
728 1635 812 1661 esse
834 1629 871 1660 te
893 1622 1058 1660 hilarum
1076 1621 1219 1660 videro.
1250 1621 1301 1661 A.
1332 1622 1391 1660 An
1414 1628 1456 1660 tu
1478 1633 1538 1660 me
1559 1621 1709 1660 tristem
1731 1619 1873 1672 putas?

208 1690 260 1730 D.
294 1691 428 1730 Putem
452 1702 537 1741 ego,
561 1702 675 1741 quem
699 1690 844 1728 videam
869 1702 992 1740 aeque
1014 1702 1098 1728 esse
1120 1695 1308 1727 maestum
1333 1695 1375 1727 ut
1395 1689 1504 1739 quasi
1525 1689 1607 1728 dies
1627 1689 1659 1728 si
1680 1689 1780 1728 dicta
1796 1687 1874 1728 sit?

207 1758 319 1798 ARG.
367 1758 424 1797 Ne
455 1757 552 1797 dixis
581 1758 692 1797 istuc.
751 1757 869 1797 DEM.
918 1757 974 1796 Ne
1006 1758 1061 1797 sic
1091 1757 1230 1796 fueris:
1263 1757 1350 1796 ilico
1382 1769 1454 1808 ego
1488 1769 1565 1795 000
1599 1757 1747 1796 dixero.
1805 1763 1873 1797 839.
1887 1763 1943 1796 840

208 1825 319 1865 ABG.
349 1826 421 1864 Em
442 1832 618 1877 aspecta:
650 1825 771 1865 rideo.
821 1825 938 1865 DEM.
970 1825 1122 1864 Vtinam
1146 1825 1243 1863 male
1265 1825 1332 1875 qui
1361 1824 1456 1863 mihi
1477 1825 1613 1863 volunt
1633 1826 1689 1864 sic
1709 1825 1873 1864 rideant.

209 1893 320 1934 ARG.
353 1894 442 1932 Scio
465 1894 647 1944 equidem
679 1906 793 1944 quam
818 1893 870 1932 ob
893 1906 973 1932 rem
995 1905 1069 1939 me,
1101 1900 1223 1944 pater,
1254 1899 1297 1931 tu
1327 1892 1477 1932 tristem
1499 1892 1634 1932 credas
1657 1905 1763 1932 nunc
1784 1892 1874 1931 tibi:

210 1961 300 2012 quia
321 1961 439 2000 istaec
461 1967 519 2000 est
539 1968 682 2000 tecum.
721 1968 838 2011 atque
861 1974 932 2012 ego
955 1961 1110 2012 quidem
1133 1961 1264 1999 hercle
1285 1966 1328 1999 ut
1349 1972 1481 1998 verum
1505 1959 1572 1998 tibi
1593 1960 1730 2008 dicam,
1753 1967 1875 2011 pater,

211 2041 253 2068 ea
285 2041 347 2068 res
377 2041 439 2068 me
470 2029 567 2067 male
599 2028 738 2076 habet3
770 2036 809 2067 at
839 2042 918 2067 non
952 2042 1011 2073 eo,
1044 2028 1134 2079 quia
1164 2028 1233 2067 tibi
1266 2040 1344 2067 non
1379 2028 1532 2079 cupiam
1565 2040 1663 2078 quae
1692 2027 1804 2076 velis;

209 2108 342 2135 verum
376 2096 486 2136 istam
517 2109 616 2136 amo.
667 2097 780 2136 aliam
811 2103 940 2135 tecum
973 2109 1057 2136 esse
1089 2097 1267 2148 equidem
1301 2096 1413 2135 facile
1445 2107 1603 2148 possum
1634 2096 1800 2148 perpeti.
1887 2100 1945 2134 845
2011 2102 2014 2106 ’

209 2164 262 2204 D.
278 2166 327 2203 At
336 2177 407 2216 ego
425 2164 633 2203 hancvolo.
656 2164 706 2204 A.
725 2164 829 2216 Ergo
841 2171 932 2203 sunt
948 2177 1046 2215 quae
1065 2170 1243 2216 exoptas:
1262 2164 1355 2203 mihi
1375 2176 1473 2215 quae
1490 2175 1562 2214 ego
1580 2170 1760 2216 exoptem
1775 2163 1876 2203 volo.

325 2266 388 2298 820
412 2264 599 2300 honestius
625 2267 679 2299 est
813 2267 876 2299 823
911 2264 1035 2300 dixisti
1174 2267 1238 2299 826
1272 2264 1434 2310 expilare
1457 2264 1528 2299 iam
1553 2273 1696 2307 emone,
1729 2263 1881 2298 correxi

211 2325 306 2361 (PAR.
327 2320 566 2362 Camerarius)
658 2323 720 2354 827
740 2331 823 2356 PAR.
837 2322 1079 2366 praemissum
1164 2321 1259 2355 istuc
1277 2320 1310 2356 I)
1402 2320 1545 2365 operiar
1562 2324 1634 2361 (—as
1653 2318 1700 2360 E)
1718 2317 1790 2354 DE

211 2379 276 2411 828
294 2379 545 2412 Anomscssns.
564 2387 681 2411 sen-EX
698 2375 790 2418 BE‚·
813 2377 912 2412 deest
932 2377 1037 2412 titulo
1056 2376 1283 2412 Philaenium
1379 2379 1453 2411 828.
1473 2378 1537 2411 829
1555 2375 1664 2410 alteri
1676 2375 1881 2410 recensioni

211 2433 336 2468 tribuit
351 2433 528 2474 lVeisz'us;
552 2432 601 2467 ad
616 2432 826 2478 deperditae
842 2433 936 2468 inter
954 2432 977 2467 I
986 2432 1042 2468 V1
1060 2438 1095 2469 et
1109 2435 1136 2468 2
1159 2444 1311 2468 scaenae
1326 2432 1503 2478 reliquias
1525 2432 1642 2477 refert
1663 2430 1878 2467 Ribbeckius

210 2501 297 2523 mus.
323 2489 437 2525 Rhen.
464 2490 521 2530 37,
548 2491 597 2523 57
684 2490 837 2533 agedum
860 2489 1070 2525 cumbamus
1087 2489 1137 2524 E¹
1230 2490 1289 2524 uel
1304 2490 1369 2534 uti,
1395 2489 1444 2534 ef.
1459 2487 1509 2523 ad
1523 2487 1651 2534 Amph.
1673 2489 1749 2530 719,
1768 2486 1877 2535 Epid.

211 2546 299 2586 485,
318 2545 417 2581 Cure.
437 2547 494 2587 41,
509 2545 620 2580 Poen.
638 2547 705 2580 191
714 2558 729 2587 ,·
752 2557 779 2580 s.
799 2546 847 2580 acl
863 2558 891 2581 υ.
909 2547 988 2581 250
1089 2549 1152 2581 830
1177 2546 1348 2581 molestus
1373 2548 1428 2581 est
1543 2547 1606 2579 831
1634 2544 1752 2590 pletas
1779 2544 1877 2588 B¹D,

211 2601 311 2645 pleta
327 2601 365 2636 E
455 2603 518 2636 833
536 2602 709 2648 agyrippe
726 2601 763 2637 E
853 2605 916 2638 835
942 2606 1003 2638 ut:
1028 2606 1064 2638 et
1081 2601 1173 2637 Pius
1266 2605 1328 2637 837
1355 2613 1411 2637 me
1428 2601 1605 2637 Bollzius:
1628 2611 1708 2636 esse
1731 2611 1787 2636 me

213 2660 277 2692 838
303 2660 343 2693 ut
367 2657 433 2693 del.
459 2657 654 2693 Lambinus
755 2659 812 2694 sid
836 2661 920 2694 acta
943 2659 991 2694 sit
1009 2658 1041 2693 D
1066 2659 1195 2701 (dictaz
1233 2659 1292 2694 dic
1316 2660 1354 2693 in
1377 2669 1453 2693 ras.
1472 2657 1518 2700 B)
1617 2659 1677 2692 841
1705 2657 1787 2692 hem

213 2715 278 2747 844
302 2723 345 2748 ac
437 2715 520 2759 quia.
538 2715 743 2750 Acidalius:
767 2715 854 2760 quin
947 2717 1012 2749 846
1037 2715 1060 2750 i.
1079 2727 1109 2751 e.
1127 2714 1214 2750 mihi
1239 2715 1344 2750 liceat
1361 2719 1540 2762 eaeoptare
1556 2713 1679 2748 eadem
1704 2724 1798 2760 quae
1815 2713 1878 2750 tibi

212 2769 459 2814 contiyerunt,
490 2780 609 2806 sermo
642 2772 865 2807 assimilatus
900 2770 1016 2807 verbis
1042 2770 1271 2813 Demaeneti;
1300 2771 1432 2817 potius
1462 2779 1555 2815 quae
1582 2780 1647 2814 ego
1678 2769 1777 2804 mihi.
1824 2772 1877 2815 of.

213 2824 314 2858 Pers.
343 2826 428 2867 696,
453 2826 502 2861 ad
525 2825 634 2862 Merc.
663 2829 740 2862 505
