1998 3179
103 80 137 110 v
153 82 180 116 2,
193 82 295 111 28-48
801 79 1073 115 MERCATOR
1679 79 1760 116 471

106 208 188 235 non
219 197 402 236 amittunt
430 196 470 235 hi
499 207 562 234 me
591 195 753 235 comites
783 195 850 246 qui
878 200 1027 234 tenent.
1085 194 1190 234 Ev'r.
1239 194 1314 240 Qui
1343 199 1436 233 sunt
1466 191 1530 232 ei?

107 263 244 304 CHAR.
294 264 408 319 Cura,
437 263 604 312 miseria,
635 262 850 314 aegritudo,
880 262 1088 310 lacrumae,
1119 262 1355 302 lamentatio.
1775 268 1833 301 870

107 331 213 371 Evvr.
263 319 439 383 Repudia
468 332 562 371 istos
593 331 756 370 comites
786 337 902 381 atque
931 330 1007 370 hoc
1036 330 1189 381 respice
1220 335 1258 369 et
1287 334 1498 368 revortere.

109 398 246 439 CHAR.
296 399 494 450 Siquidem
525 410 679 438 mecum
710 397 876 437 fabulari
904 398 974 445 vis,
1005 397 1257 449 subsequere.
1315 397 1420 436 Ev'r.
1471 396 1536 436 Sta
1565 396 1667 436 ilico.

110 465 248 506 CHAR.
297 465 396 505 Male
426 466 532 513 facis,
563 472 841 518 properantem
872 466 938 516 qui
968 478 1031 504 me
1062 477 1319 505 commorare.
1378 455 1438 503 sol
1468 463 1562 503 abit.

109 533 214 574 Ev'r.
265 534 305 573 Si
334 534 411 573 huc
440 534 533 572 item
563 545 754 585 properes
782 539 826 572 ut
855 533 956 572 istuc
985 544 1186 584 properas,
1217 532 1335 571 facias
1365 532 1529 571 rectius:

110 601 188 640 huc
218 602 415 641 secundus
446 606 582 640 ventus
613 613 721 640 nunc
752 606 830 647 est;
862 612 956 651 cape
986 600 1103 638 modo
1133 599 1370 638 vorsoriam:
1780 605 1836 638 875

115 668 179 707 hic
208 669 385 709 favonius
416 675 609 717 serenust,
642 669 728 708 istic
758 675 889 708 auster
920 668 1131 716 imbricus;

111 735 176 774 hic
205 736 297 775 facit
326 736 660 787 tranquillitatem,
692 736 763 775 iste
794 735 921 774 omnis
952 735 1092 774 fluctus
1124 735 1295 774 conciet.

113 802 245 854 recipe
274 808 312 842 te
344 803 391 842 ad
420 809 576 849 terram,
609 803 787 849 Charine,
818 803 908 842 huc.
969 814 1104 841 nonne
1135 815 1179 841 ex
1211 802 1373 842 advorso
1404 801 1521 848 vides,

115 870 231 910 nubis
261 876 342 910 atra
373 871 578 922 imberque
605 868 698 925 (ut)
726 869 872 910 instat?
902 870 1031 922 aspice
1063 870 1109 909 ad
1139 870 1373 917 sinisteram,

115 937 263 977 caelum
294 944 338 977 ut
367 944 425 978 est
454 938 663 990 splendore
693 939 855 990 plenum
885 945 1001 990 atque
1032 944 1075 977 ut
1105 937 1166 976 dei
1197 935 1319 991 is<tuc
1350 937 1450 976 vorti
1480 932 1669 989 iubent>?
1785 942 1842 975 880

117 1004 253 1045 CHAR.
302 1005 548 1056 Religionem
577 1005 654 1045 illic
684 1003 781 1060 (mi)
820 1006 982 1045 obiecit:
1023 1006 1207 1057 recipiam
1239 1018 1300 1044 me
1331 1005 1435 1044 illuc.
1494 1005 1599 1044 Ev'r.
1650 1002 1774 1054 Sapis.

118 1085 139 1111 o
173 1071 352 1120 Charine,
384 1079 521 1112 contra
551 1073 698 1124 pariter
727 1074 787 1112 fer
817 1074 978 1124 gradum
1011 1080 1049 1112 et
1079 1074 1216 1112 confer
1246 1072 1400 1124 pedem,

116 1151 239 1190 porge
256 1140 493 1179 bracchium.
524 1140 660 1180 CHAR.
684 1141 899 1180 Prehende.
931 1142 1006 1180 iam
1022 1139 1162 1180 tenes?
1192 1141 1296 1180 EVT.
1319 1139 1465 1178 Teneo.
1497 1138 1633 1178 CHAR.
1655 1136 1775 1176 Tene.

117 1207 222 1248 Ev'r.
280 1207 365 1253 Quo
404 1220 512 1247 nunc
551 1206 660 1247 ibas?
729 1208 864 1248 CHAR.
922 1208 1140 1248 Exulatum.
1208 1208 1313 1247 EVT.
1373 1206 1472 1252 Quid
1511 1206 1564 1244 ibi
1603 1201 1777 1243 faceres?

1048 1276 1181 1316 CHAR.
1232 1275 1346 1321 Quod
1376 1275 1504 1316 miser.

120 1342 225 1383 EVT.
273 1343 330 1382 Ne
359 1355 468 1394 pave,
500 1343 700 1383 restituam
732 1343 807 1382 iam
838 1355 910 1394 ego
941 1350 978 1382 te
1009 1343 1048 1382 in
1081 1344 1219 1394 gaudio
1253 1343 1414 1394 antiquo
1448 1348 1490 1381 ut
1519 1341 1607 1382 sies.
1790 1335 1848 1368 885

120 1409 286 1449 maxime
317 1410 422 1461 quod
452 1411 508 1450 vis
538 1411 684 1459 audire,
715 1411 752 1450 id
783 1411 929 1457 audies,
961 1411 1066 1461 quod
1096 1411 1264 1462 gaudeas

121 1472 194 1532 [sta
224 1477 326 1525 ilico,
358 1478 504 1517 amicus
535 1478 702 1517 aduenio
734 1478 896 1517 multum
929 1478 1198 1528 beneuoleus].

120 1550 227 1583 tuam
249 1545 411 1584 amicam
428 1569 482 1575 —
512 1545 588 1586 On.
621 1545 721 1591 Quid
739 1544 853 1584 eam?
883 1546 931 1586 E.
962 1544 1035 1583 Vbi
1051 1545 1100 1584 sit
1121 1557 1193 1596 ego
1210 1545 1304 1584 scio.
1335 1544 1413 1584 On.
1444 1543 1569 1590 Tune,
1588 1539 1781 1581 obsecro?

122 1611 227 1654 EVT.
280 1613 420 1652 Sanam
462 1619 499 1652 et
537 1613 690 1652 salvam.
750 1612 886 1653 CHAR.
935 1613 1007 1651 Vbi
1047 1625 1130 1652 eam
1171 1610 1343 1652 salvam?
1401 1611 1506 1650 Eva«.
1564 1610 1647 1661 Ego
1687 1608 1781 1648 scio.

930 1680 1066 1721 CHAR.
1118 1680 1200 1732 Ego
1231 1692 1293 1718 me
1323 1678 1510 1717 mavelim.

239 1781 303 1813 870
327 1779 464 1814 lacrum
488 1780 547 1814 uel
573 1779 608 1814 B
720 1782 782 1815 871
809 1781 878 1815 hoc
902 1780 927 1813 i.
951 1791 981 1815 e.
1007 1782 1078 1815 huc
1187 1781 1252 1814 876
1276 1779 1336 1813 hic
1362 1788 1510 1813 serenus
1535 1775 1706 1810 fauonius
1731 1777 1786 1809 est

125 1835 185 1870 hic
211 1834 272 1870 CD
386 1837 450 1870 878
474 1835 648 1880 recipite,
674 1845 766 1870 corr.
795 1835 1022 1870 Camerarius
1135 1845 1208 1870 non
1231 1845 1277 1869 ne
1305 1833 1383 1869 CD:
1406 1844 1479 1868 non
1503 1843 1558 1867 me
1583 1832 1618 1866 B
1710 1833 1786 1866 879.

127 1894 191 1927 880
216 1895 296 1928 ater
407 1891 495 1935 (ut)
521 1890 669 1927 Guietus
783 1890 906 1935 aspice
930 1904 968 1928 ς.·
1000 1891 1122 1936 aspice
1153 1901 1227 1926 non
1254 1889 1330 1931 CD,
1361 1889 1522 1934 aspiciae
1553 1899 1626 1924 non
1650 1887 1684 1922 B
1693 1900 1708 1929 ;
1738 1898 1787 1923 ex

128 1948 269 1993 aspicin
285 1952 498 1993 corruptum
523 1947 663 1982 videtur
755 1948 802 1982 ad
819 1947 1023 1982 sinisteram
1046 1950 1098 1989 (at
1114 1947 1283 1982 sinistera
1302 1945 1338 1987 C,
1363 1946 1593 1981 adsinistram
1611 1944 1657 1987 B)
1681 1946 1788 1988 atque

127 2007 169 2040 ut
193 2006 248 2046 (ut
271 2014 339 2039 om.
365 2003 412 2046 B)
441 2002 534 2038 detis
556 2004 560 2045 Ι
583 2003 720 2038 caelum
745 2006 786 2038 ut
817 2007 871 2038 est
904 2004 1094 2048 splendore
1127 2003 1330 2048 (splendore
1361 2005 1416 2037 est
1442 2001 1514 2044 CD)
1538 2001 1683 2046 plenum
1707 2011 1789 2035 exa-

129 2061 261 2095 duorso
286 2060 389 2094 uides
415 2059 528 2100 codd„
554 2059 616 2094 ubi
638 2071 683 2094 ex
706 2060 862 2095 aduorso
888 2060 991 2094 uides
1016 2059 1150 2093 iniuria
1167 2059 1334 2093 iteratum
1359 2063 1394 2094 et
1417 2061 1525 2102 atque
1549 2061 1590 2092 ut
1606 2056 1698 2092 detis
1722 2066 1789 2090 suo

129 2116 209 2151 loco
224 2115 369 2162 pulsum
385 2126 462 2151 esse
479 2116 566 2151 vidit
582 2115 821 2157 Rz'tschelius;
845 2115 913 2151 hoc
928 2116 1095 2162 supplevi
1109 2120 1149 2150 ut
1170 2116 1246 2160 feci
1256 2120 1414 2161 propter
1429 2114 1638 2159 religionem
1655 2123 1686 2147 v.
1707 2112 1790 2146 881.

131 2173 322 2218 splendore
336 2183 407 2218 pro
425 2173 638 2218 splendoris,
665 2173 716 2217 cf.
739 2173 810 2207 795
901 2175 963 2208 881
989 2173 1051 2207 ilic
1076 2175 1116 2211 Β,
1147 2172 1201 2207 illi
1227 2171 1307 2212 CD,·
1336 2171 1457 2217 suppl.
1483 2168 1702 2205 Ritsclzelius

133 2231 197 2264 882
221 2229 346 2273 garine
371 2228 439 2263 BC
550 2230 614 2262 883
645 2229 806 2273 porrige,
840 2229 888 2274 cf.
915 2228 1045 2264 Pseud.
1076 2230 1150 2263 708
1264 2227 1407 2274 porrige
1434 2247 1473 2251 —
1500 2230 1601 2261 tenes
1626 2223 1792 2270 Eutycho

132 2286 377 2325 continuatur,
402 2287 508 2320 teneo
528 2283 697 2326 Charino,
721 2288 804 2320 tene
821 2285 960 2320 —ibas
981 2284 1146 2332 Eutycho
1165 2285 1347 2326 tribuitur,
1371 2293 1468 2318 corr.
1485 2281 1704 2318 Ritschelz‘us

133 2344 199 2377 884
224 2341 328 2385 Quod
352 2340 468 2376 B¹CD
560 2340 622 2385 qui
654 2341 720 2376 tibi
747 2341 806 2376 CD
898 2341 1037 2377 faceres
1062 2341 1334 2377 Lachmannus:
1365 2339 1464 2374 facer
1489 2338 1543 2372 his
1571 2337 1649 2378 CD,
1673 2336 1795 2371 facere

132 2397 189 2434 uis
206 2400 259 2440 B;
282 2397 368 2442 (ut)
392 2397 530 2432 faceres
548 2396 748 2432 Muellerus
761 2409 861 2444 pros.
883 2399 966 2439 654,
984 2398 1032 2443 cfi
1053 2397 1260 2442 Madviqius
1283 2395 1332 2431 acl
1350 2396 1419 2431 Cic.
1438 2396 1481 2431 de
1493 2395 1556 2439 fin.
1568 2406 1608 2440 p.
1626 2394 1705 2427 248

134 2457 222 2498 quot
244 2453 316 2489 BD
430 2454 540 2489 miser
563 2456 596 2490 Β
617 2465 666 2489 ex
690 2465 802 2489 corr..-
825 2455 967 2490 miserst
990 2454 1110 2496 (miser
1133 2456 1189 2489 est
1212 2453 1274 2496 D1)
1390 2454 1453 2486 885
1478 2451 1516 2485 in
1539 2449 1796 2496 gaudiantique

136 2513 300 2555 (·antque
323 2513 367 2553 B)
399 2513 440 2546 ut
464 2510 532 2554 sis,
563 2521 658 2545 corr.
690 2510 868 2546 Luclzsz‘us
961 2513 1025 2545 886
1050 2511 1080 2546 it·
1106 2510 1148 2552 C,
1179 2520 1244 2544 om.
1271 2512 1305 2545 Β
1392 2507 1515 2551 audis,
1548 2517 1641 2541 corr.
1675 2505 1796 2540 Came-

135 2567 260 2601 rarius
351 2567 446 2612 quod
461 2568 639 2611 gaudeas:
667 2567 732 2602 Cn.
759 2568 845 2612 quid
869 2578 933 2612 ego
951 2566 1120 2602 audiam?
1146 2565 1383 2606 Rz'tschelius;
1407 2564 1457 2609 οἷ.
1485 2562 1570 2598 Οἱεί.
1589 2563 1681 2603 545,·
1703 2562 1797 2604 fort.

137 2632 262 2657 versus
286 2623 348 2668 qui
372 2623 455 2658 olim
471 2623 688 2669 sequebatur
712 2624 756 2658 ab
774 2635 926 2659 erroneo
952 2624 1015 2668 qui
1031 2633 1127 2657 nunc
1143 2622 1307 2667 sequitur
1323 2621 1500 2667 eoepulsus
1516 2623 1568 2654 est
1660 2619 1722 2652 887
1743 2620 1797 2652 at-

138 2677 246 2713 uenio
360 2678 451 2714 bene
474 2680 574 2715 uoles
690 2691 830 2715 versum
852 2685 941 2726 post
965 2690 993 2714 v.
1016 2680 1091 2713 872
1109 2679 1237 2724 posuit
1259 2676 1478 2712 Ritsclzelius
1501 2676 1552 2710 sic
1577 2678 1796 2709 correctum:

137 2733 261 2778 (nam)
285 2733 422 2769 amicus
446 2735 534 2777 <tibi
556 2736 808 2780 beneuolenti)
832 2737 915 2772 adu.
941 2746 987 2770 m.
1013 2735 1066 2778 b.;
1098 2735 1216 2779 fuisse
1237 2740 1329 2780 puto
1356 2735 1412 2767 sta
1436 2732 1478 2775 i.‚
1507 2730 1636 2775 (nam)
1661 2729 1797 2764 amicus

138 2789 303 2834 <amico>
394 2793 458 2825 888
482 2792 583 2826 ‘tuine
600 2795 633 2829 Β
653 2800 737 2827 ante
754 2804 861 2833 corr„
886 2795 983 2828 tume
1000 2795 1145 2826 atumne
1164 2790 1224 2826 CD
1249 2790 1444 2835 (scriptura
1462 2798 1510 2823 ex
1527 2799 1556 2822 v.
1575 2787 1596 2821 l.
1616 2790 1708 2826 orta)

143 2847 206 2880 889
231 2856 296 2890 080
324 2850 401 2887 CD:
425 2857 494 2894 quo
519 2858 583 2892 ego
612 2854 661 2890 B,·
688 2849 727 2883 id
752 2859 892 2893 quoque
917 2859 981 2893 ego
1010 2848 1177 2883 Goetze'us
1289 2844 1409 2883 malim
1434 2847 1473 2888 Β,
1497 2842 1667 2878 mauetim
1694 2840 1753 2876 CD
