1998 3179
156 66 199 94 iv
211 66 238 100 2,
257 66 352 99 16—3,
371 66 404 94 16
896 66 1036 102 CASIN
1039 67 1069 100 A
1726 70 1777 107 25
1784 70 1808 107 9

267 181 333 231 qui
364 187 477 230 amat,
507 187 637 221 tamen
670 181 812 229 hercle,
843 181 875 221 si
906 181 1040 229 esurit,
1072 181 1222 220 nullum
1254 181 1387 221 esurit.
1822 190 1876 221 795

266 249 332 288 sed
363 251 499 288 eccum
530 248 780 301 progreditur
809 261 898 288 oum
929 261 1073 288 corona
1105 255 1144 288 et
1173 249 1350 301 lampade

267 327 376 355 meus
406 317 545 363 socius,
577 328 746 368 compar,
777 316 1028 356 commaritus
1055 317 1203 356 vilicus.

850 405 1112 446 OLYMPIO
1699 409 1764 449 IV
1785 411 1809 448 3

154 456 234 523 Age
265 471 424 520 tibicen,
454 473 547 512 dum
577 473 679 512 illam
710 473 883 512 educunt
911 474 990 511 huc
1021 485 1159 511 novam
1191 476 1354 524 nuptam
1385 474 1502 521 foras,

153 539 258 578 suavi
289 545 405 578 cantu
437 540 666 579 concelebra
699 553 854 579 omnem
886 540 987 578 hanc
1016 540 1182 591 plateam
1214 541 1443 592 hymenaeo.

659 609 799 659 hymen
833 609 1047 659 hymenaee
1078 620 1100 646 o
1130 607 1288 658 hymen.
1821 615 1878 648 800

150 672 249 713 LYs.
281 673 382 719 Quid
402 674 494 725 agis,
525 686 609 713 mea
630 674 762 714 salus?
812 675 887 715 OL.
908 674 1049 713 Esurio
1070 674 1213 722 hercle,
1242 681 1358 726 atque
1379 675 1475 716 adeo
1498 676 1573 715 hau
1590 676 1810 717 salubriter.

150 739 249 781 LYS.
298 741 348 780 At
368 752 439 791 ego
461 745 560 781 amo.
620 742 695 782 OL.
745 743 794 781 At
814 755 885 792 ego
918 742 1048 781 hercle
1070 743 1179 781 nihili
1202 743 1314 781 facio.
1355 743 1425 782 tibi
1447 756 1557 783 amor
1576 757 1649 795 pro
1670 744 1809 793 cibost‚

148 874 247 915 LYS.
295 875 392 915 Nam
424 878 515 928 quid
547 878 656 917 illaec
688 890 795 916 nuno
824 884 900 916 tam
932 878 997 916 diu
1028 878 1134 917 intus
1165 884 1414 918 remorantur
1444 878 1723 929 remeligines?

149 943 257 993 quasi
289 943 338 982 ob
368 944 612 993 industriam,
645 951 790 996 quanto
821 957 894 996 ego
925 945 1013 996 plus
1042 957 1228 997 propero,
1259 946 1435 996 procedit
1465 946 1608 986 minus.
1821 953 1878 985 805

149 1010 223 1050 OL.
274 1010 373 1057 Quid
403 1012 435 1052 si
466 1013 580 1052 etiam
611 1013 833 1053 suffundam
865 1013 1135 1065 hymenaeum,
1168 1013 1199 1052 si
1230 1014 1296 1064 qui
1328 1013 1441 1053 citius
1472 1013 1691 1066 prodeant?

147 1078 246 1118 LYs.
297 1079 456 1127 Censeo,
490 1087 527 1119 et
557 1093 628 1132 ego
659 1087 697 1120 te
728 1081 908 1120 adiutabo
940 1081 980 1120 in
1011 1081 1158 1132 nuptiis
1189 1081 1477 1121 communibus.

545 1148 645 1189 LYs.
675 1148 750 1189 OL.
781 1149 932 1200 Hymen
964 1150 1178 1200 hymenaee
1208 1162 1230 1188 o
1260 1149 1417 1201 hymen.

147 1212 246 1253 LYS.
295 1213 396 1253 Perii
426 1215 557 1255 hercle
587 1229 658 1267 ego
690 1216 820 1264 miser,
853 1217 1020 1268 dirumpi
1051 1217 1310 1269 hymenaeum
1342 1217 1537 1256 cantando
1569 1216 1675 1256 lieet:

148 1280 211 1319 illo
243 1281 381 1321 morbo
413 1296 491 1334 quo
523 1284 694 1336 dirumpi
724 1284 853 1335 cupio,
885 1297 964 1323 non
998 1291 1057 1324 est
1087 1285 1209 1336 copia.
1818 1289 1875 1321 810

148 1349 222 1390 OL.
273 1349 423 1402 Edepol
455 1363 503 1390 ne
533 1357 588 1397 tu,
620 1354 651 1391 si
681 1364 803 1402 equos
835 1364 951 1398 esses,
983 1364 1088 1391 esses
1119 1351 1378 1391 indomabilis.

145 1417 245 1459 LYs.
278 1418 365 1464 Quo
387 1418 648 1469 argumento?
686 1419 734 1460 O.
765 1419 886 1459 Nimis
907 1426 1022 1459 tenax
1043 1432 1095 1459 es.
1126 1420 1175 1460 L.
1206 1420 1307 1459 Num
1330 1432 1391 1458 me
1413 1419 1612 1470 expertu’s
1628 1417 1808 1471 uspiam?

147 1485 222 1526 01„
273 1485 319 1524 Di
349 1486 488 1526 melius
518 1487 672 1526 faciant.
716 1487 784 1526 sed
815 1487 969 1538 crepuit
998 1487 1153 1534 ostium,
1186 1487 1315 1526 exitur
1344 1488 1460 1526 foras.

146 1553 245 1593 LYs.
295 1553 340 1592 Di
370 1553 501 1593 hercle
531 1566 594 1593 me
625 1554 789 1605 cupiunt
819 1559 1024 1593 servatum.
1072 1555 1145 1593 iam
1179 1554 1330 1593 oboluit
1360 1554 1523 1593 Casinus
1553 1554 1703 1605 procul.

260 1697 323 1729 795
348 1695 485 1731 nullum
509 1696 552 1737 P,
578 1698 608 1731 A
633 1708 668 1730 n.
695 1697 741 1738 l.;
765 1697 815 1742 cf.
842 1697 891 1731 ad
914 1696 1051 1731 Bacch.
1079 1698 1130 1731 90
1223 1699 1286 1731 797
1313 1697 1433 1739 sooius
1457 1698 1506 1730 Α.·
1533 1707 1679 1732 soeerus
1703 1696 1739 1730 P

148 1751 341 1795 omnmo]
366 1756 598 1798 LY[s1]1?2‚xi,1ys
622 1753 670 1795 A,
695 1764 826 1788 snnvvs
851 1764 968 1789 senex
991 1764 1041 1788 Dv
1065 1757 1129 1793 (Dv
1154 1764 1221 1788 om.
1256 1751 1336 1795 VE)
1360 1752 1395 1787 Ρ
1519 1756 1584 1787 799
1609 1755 1808 1799 hymenaeo

145 1807 195 1849 A,
225 1807 388 1843 himeneo
413 1807 466 1850 P,·
497 1810 619 1845 exitus
643 1820 766 1844 versus
796 1816 1000 1856 correptam
1033 1808 1297 1855 diphthongum
1329 1808 1484 1844 ostendit
1513 1806 1732 1854 (hymeneo),
1756 1809 1807 1854 cf.

149 1865 235 1898 806.
264 1865 342 1899 809
365 1868 398 1905 (e
421 1866 457 1899 in
483 1866 698 1911 septenariis
722 1865 764 1907 P,
794 1876 837 1901 ae
860 1866 898 1900 in
923 1870 1032 1900 cantu
1060 1867 1151 1900 800.
1178 1867 1285 1907 808);
1311 1865 1361 1909 cf.
1379 1864 1429 1899 ad
1444 1864 1542 1899 Asin.
1569 1865 1652 1898 333.
1678 1874 1809 1910 ψασθε

148 1920 224 1955 Ter.
242 1921 307 1956 Aa.
329 1922 415 1964 905,
445 1920 573 1958 Pacuv.
588 1922 664 1956 113.
701 1921 821 1957 hiatus
844 1925 901 1962 (ao
915 1922 1076 1967 fortasse
1101 1923 1208 1957 etiam
1227 1921 1440 1957 concelebra
1465 1920 1629 1967 leqerunt
1653 1920 1810 1955 editores

145 1977 300 2023 antiqui)
322 1976 389 2012 hoc
412 1978 520 2013 modo
551 1989 752 2013 removeas.-
785 1978 1059 2020 concelebra<to
1084 1981 1125 2012 tu
1155 1978 1225 2020 mi)
1260 1988 1397 2012 omnem
1515 1979 1578 2012 800
1604 1977 1716 2022 micyss
1743 1976 1811 2018 (vel

144 2033 252 2075 mimi)
275 2035 405 2078 hymen
436 2035 634 2079 hymenaeo
658 2034 788 2078 hymen
812 2035 863 2077 A,
895 2035 986 2069 meio
1016 2036 1146 2079 hymen
1179 2036 1308 2078 hymen
1333 2044 1376 2068 ae
1408 2035 1459 2073 (et
1491 2032 1537 2075 V,
1567 2044 1610 2068 ac
1634 2044 1684 2068 ex
1706 2033 1744 2068 id
1769 2037 1808 2067 ut

146 2089 214 2124 vid.
238 2088 285 2131 E)
309 2100 351 2125 eo
375 2091 505 2134 hymen
529 2089 564 2123 P
650 2082 724 2134 μίω
748 2091 804 2125 vel
831 2090 923 2125 meio
955 2089 1044 2135 qaid
1072 2090 1253 2135 siqnificet
1286 2090 1497 2131 obscurum,
1528 2090 1601 2124 nisi
1632 2090 1808 2125 tibicinem

145 2149 249 2181 notat
255 2158 269 2187 ;
293 2145 342 2180 ad
350 2148 517 2192 priorem
533 2157 672 2181 versum
695 2146 838 2181 trahere
854 2148 1063 2192 (hymenaee
1078 2146 1113 2181 io
1132 2145 1357 2192 Spenqetius‚
1381 2145 1501 2191 possis
1517 2147 1690 2190 hymeneo
1715 2148 1806 2188 meo)

145 2212 217 2235 non
241 2201 343 2242 lieet,·
372 2203 420 2244 cf.
448 2217 477 2238 ω
504 2202 600 2237 Tria.
625 2204 720 2238 1189
745 2201 957 2244 (Schoellius
983 2201 1060 2237 Cas.
1079 2213 1121 2248 p.
1146 2203 1232 2244 162)
1349 2204 1411 2236 801
1438 2202 1512 2236 hau
1541 2201 1736 2236 salubriter
1759 2202 1808 2235 A:

145 2258 243 2292 haud
267 2257 355 2293 sicio
381 2258 459 2297 t-tio
493 2257 572 2300 VE)
597 2258 632 2292 P
722 2261 786 2293 802
810 2258 901 2293 nihil
921 2257 956 2292 P
1044 2269 1110 2304 pro
1137 2258 1255 2303 cibost
1278 2258 1328 2292 A:
1359 2258 1488 2302 pericli
1512 2256 1547 2291 P
1637 2259 1700 2291 803
1727 2255 1815 2292 ina?

144 2312 258 2348 nitate
276 2313 318 2353 P,
343 2314 583 2359 iamnunitate
599 2316 641 2356 A,
659 2326 752 2350 corr.
771 2314 973 2349 Schoettz'us
995 2313 1117 2356 (Mero.
1138 2315 1221 2355 574)
1239 2316 1287 2358 csL
1307 2314 1356 2348 ad
1371 2314 1445 2347 129
1514 2313 1714 2359 iandudum
1730 2314 1762 2348 A

146 2371 211 2404 804
235 2369 340 2404 illaec
362 2369 447 2404 AP:
470 2370 555 2405 illae
579 2371 708 2406 Festus
731 2372 785 2406 27
789 2372 809 2405 7
919 2374 1148 2407 remorantur
1170 2370 1396 2413 remeligines
1420 2370 1499 2410 (sect
1520 2369 1737 2413 remiligines
1761 2370 1806 2409 A)

145 2425 189 2468 A,
211 2426 359 2462 Festus:
381 2431 583 2462 remoratur
608 2426 660 2469 P;
689 2427 738 2472 of.
764 2426 839 2462 Mil.
864 2428 986 2468 1030,
1017 2427 1131 2461 Fabia
1155 2437 1227 2461 rev.
1260 2426 1303 2460 cte
1321 2425 1414 2471 phil.
1440 2426 1550 2466 1894,
1574 2417 1647 2459 139
1661 2436 1714 2470 sq.

146 2483 210 2516 805
226 2482 392 2527 propedit
409 2485 459 2517 A:
475 2486 578 2518 tanto
596 2483 630 2518 P
709 2485 773 2518 806
799 2483 907 2519 etiam
925 2484 955 2528 si
974 2483 1152 2518 offendam
1170 2484 1210 2524 A,
1229 2482 1336 2518 etiam
1356 2482 1534 2516 offendam
1551 2480 1593 2522 P,
1611 2482 1761 2517 correxi

142 2539 355 2583 hymeneum
379 2538 414 2573 P
504 2539 535 2574 si
571 2540 631 2584 qui
671 2540 806 2583 [cimus
841 2541 1020 2584 prodeant
1048 2541 1096 2574 A:
1133 2550 1199 2573 om.
1227 2537 1261 2572 P
1373 2540 1436 2572 807
1463 2537 1645 2572 adiuuabo
1669 2539 1718 2579 A,
1755 2538 1805 2582 cf.

146 2593 250 2628 Truc.
270 2596 341 2630 559
433 2597 497 2630 808
522 2597 650 2640 hymen
675 2597 871 2638 hymenaeo
896 2598 1026 2640 hymen
1042 2597 1085 2638 A,
1109 2596 1238 2639 hymen
1262 2596 1392 2638 hymen
1417 2604 1460 2628 ae
1486 2603 1527 2628 eo
1552 2594 1682 2637 hymen
1706 2593 1742 2628 P

144 2652 209 2684 809
225 2651 305 2696 peri
320 2651 351 2686 A
436 2651 613 2697 dirtumPi
629 2652 826 2697 hymenaeo
846 2653 1026 2688 cantando
1043 2653 1085 2693 Α,
1104 2651 1260 2695 dirumpi
1278 2649 1458 2685 cantando
1475 2649 1688 2694 hymeneum
1707 2648 1742 2684 P

145 2708 209 2741 810
233 2707 408 2752 dirrumpi
426 2709 456 2742 A
527 2698 652 2753 copiae
675 2709 707 2743 A
777 2711 841 2743 812
867 2709 962 2753 quod
986 2709 1017 2742 A
1111 2709 1174 2742 813
1200 2706 1274 2742 exit
1290 2705 1377 2747 A,V
1469 2708 1534 2740 814
1558 2708 1703 2740 casinus
1728 2704 1805 2747 AP,

144 2762 194 2807 cf.
223 2764 296 2797 859
319 2762 572 2805 (Schoellius);
604 2764 728 2800 casina
752 2764 1002 2805 Loudinensts,
1028 2763 1126 2808 quod
1149 2773 1278 2797 nomen
1303 2761 1423 2797 versui
1445 2765 1574 2808 aptare
1595 2761 1709 2806 facile
1740 2765 1804 2803 est,

143 2819 325 2864 probabili
348 2820 556 2856 coniectura
580 2821 741 2865 difficile.
789 2821 861 2855 iam
876 2840 918 2845 —
935 2819 1063 2865 procul
1087 2830 1161 2854 non
1185 2823 1239 2854 est
1255 2818 1421 2859 tibicinis,
1445 2828 1525 2852 cum
1542 2828 1613 2863 quo
1629 2817 1702 2853 ioci
1722 2818 1807 2861 fieri

1466 2875 1533 2909 17*
