1998 3179
63 118 94 145 11
112 119 138 151 2,
152 119 229 152 9—3‚
242 119 259 146 3
773 115 1013 152 CVRCVLIO
1638 115 1686 152 31
1695 116 1718 153 9

269 233 315 270 da
345 232 397 271 mi
427 231 546 282 igitur
577 242 750 282 operam.
808 230 904 271 Coc.
954 229 1049 269 Tam
1079 230 1151 269 etsi
1182 242 1262 269 non
1295 230 1398 277 novi,
1429 229 1540 269 dabo.

267 299 394 339 CAPP.
444 298 526 337 Hac
556 305 674 337 nocte
703 298 743 336 in
774 297 922 337 somnis
950 298 1054 337 visus
1084 309 1171 336 sum
1201 297 1365 336 viderier

270 366 410 418 procul
438 366 574 405 sedere
604 365 723 416 longe
753 377 774 404 a
804 377 867 403 me
897 365 1182 416 Aesculapium,

269 446 397 485 neque
429 446 517 473 eum
549 434 595 472 ad
625 445 688 472 me
717 433 824 472 adire
854 445 982 483 neque
1012 444 1073 470 me
1103 431 1234 483 magni
1265 432 1438 482 pendere

269 501 441 540 visumst.
501 500 597 540 Coc,
647 500 743 539 Item
773 499 868 539 alios
898 499 992 538 deos
1023 500 1195 538 facturos
1225 498 1393 538 scilicet:

268 580 363 607 sane
395 568 450 607 illi
480 568 583 607 inter
613 580 654 606 se
684 571 909 616 congruont
938 566 1200 604 concorditer.

269 635 364 674 nihil
395 641 453 674 est
481 634 714 680 mirandum,
745 633 885 672 melius
915 633 946 672 si
978 633 1033 671 nil
1064 634 1106 672 fit
1135 632 1216 679 tibi,

269 714 437 753 namque
467 701 656 740 incubare
686 700 804 740 satius
834 706 872 739 te
902 700 1029 738 fuerat
1058 700 1150 747 Iovi,

265 769 332 820 qui
360 769 432 808 tibi
462 768 604 808 auxilio
636 768 674 806 in
707 768 792 807 iure
822 767 988 806 iurando
1018 767 1104 806 suit.

267 837 393 876 CAPP.
444 835 642 886 Siquidem
673 834 862 874 incubare
892 834 1012 873 velint
1042 834 1108 885 qui
1139 832 1435 885 periuraverint‚

266 904 375 942 locus
406 907 487 943 non
518 902 697 954 praeberi
728 902 832 953 potis
862 910 919 940 est
950 902 989 940 in
1022 900 1223 952 Capitolio.

266 971 362 1011 Coc.
412 970 497 1009 Hoc
526 970 698 1009 animum
731 969 907 1008 advorte:
940 981 1075 1020 pacem
1106 967 1154 1006 ab
1185 967 1416 1018 Aesculapio

267 1046 387 1089 petas,
420 1050 469 1076 ne
500 1038 599 1076 forte
629 1037 698 1076 tibi
729 1039 867 1076 evenat
896 1048 1080 1086 magnum
1112 1035 1269 1081 malum,

267 1106 372 1156 quod
403 1106 441 1144 in
475 1105 604 1156 quiete
634 1104 704 1143 tibi
734 1110 1011 1156 portentumst.
1071 1103 1198 1143 CAPP.
1248 1102 1354 1141 Bene
1386 1101 1490 1140 facis.

271 1172 335 1211 ibo
366 1180 482 1223 atque
512 1172 644 1210 orabo.
675 1194 728 1200 —-
760 1171 856 1211 Coc.
907 1170 1012 1216 Quae
1042 1184 1105 1210 res
1135 1171 1233 1209 male
1263 1177 1389 1209 vortat
1416 1168 1498 1208 tibi.
1530 1191 1583 1197 —

731 1260 1062 1300 PALINVRVS

270 1330 345 1368 Pro
377 1329 415 1368 di
446 1329 697 1376 immortales,
730 1341 846 1379 quem
878 1326 1109 1379 conspicio?
1141 1327 1227 1378 quis
1258 1327 1336 1366 illic
1367 1324 1453 1365 est?

269 1404 378 1436 estne
409 1396 472 1435 hic
502 1396 693 1447 parasitus
724 1396 790 1446 qui
821 1395 978 1435 missust
1007 1396 1046 1434 in
1079 1393 1256 1435 Cariam?

270 1465 366 1503 heus
396 1464 648 1508 Phaedrome,
681 1464 753 1509 exi,
785 1463 858 1509 exi,
890 1464 964 1509 exi,
995 1463 1167 1513 inquam,
1199 1462 1320 1501 ocius.

693 1553 1092 1593 PHAEDROMVS

268 1621 370 1668 Quid
400 1621 487 1661 istic
517 1621 727 1660 clamorem
760 1619 892 1660 tollis?
950 1621 1052 1661 PAL.
1102 1620 1315 1659 Parasitum
1346 1627 1455 1659 tuom

266 1688 376 1729 video
408 1696 632 1728 currentem
664 1689 782 1728 ellum
813 1701 938 1739 usque
968 1688 1006 1726 in
1039 1688 1164 1739 platea
1194 1687 1340 1727 ultima.

267 1757 361 1796 hinc
390 1757 652 1796 auscultemus
684 1756 776 1807 quid
806 1762 905 1807 agat.
965 1756 1134 1796 Pffln.
1186 1756 1288 1795 Sane
1318 1766 1473 1794 censeo.

745 1835 1034 1875 CVRCVLIO
1625 1832 1668 1871 Π
1700 1834 1723 1871 3

65 1902 159 1943 Date
190 1902 287 1942 viam
317 1902 422 1950 mihi,
455 1903 536 1942 noti
568 1901 712 1954 [atque]
742 1903 878 1954 ignoti,
910 1903 1004 1941 dum
1036 1915 1106 1954 ego
1138 1902 1200 1941 hic
1231 1902 1403 1940 officinm
1434 1913 1562 1940 meum

64 1970 184 2009 facio:
216 1970 337 2021 sugite
368 1982 517 2017 omnes,
547 1969 650 2009 abite
681 1977 720 2008 et
749 1970 796 2009 de
826 1969 884 2008 via
916 1970 1103 2017 decedite,

65 2050 115 2076 ne
145 2049 260 2088 quem
290 2037 331 2076 in
363 2049 480 2076 eursu
512 2037 638 2088 capite
668 2044 734 2076 aut
765 2037 896 2076 cubito
928 2044 995 2076 aut
1023 2043 1184 2088 pectore
1215 2036 1411 2075 offendam
1440 2043 1507 2075 aut
1537 2047 1654 2086 genu.

177 2138 242 2173 260
266 2136 402 2173 tuerier
424 2136 620 2172 Lambinus
637 2134 858 2182 ‘scripmrae
881 2137 1010 2172 veteris
1034 2137 1189 2172 obscura
1216 2137 1368 2182 vestiqia
1390 2140 1561 2176 secutus;
1583 2136 1726 2171 verbum

66 2192 204 2238 duplex
226 2203 271 2228 ne
294 2192 460 2234 moveris,
485 2192 536 2237 cf.
564 2191 672 2238 Epid.
702 2194 750 2227 62
774 2192 883 2228 Most.
908 2193 996 2228 270.
1026 2194 1104 2227 820
1129 2192 1234 2235 (Rud.
1259 2194 1370 2235 255):
1393 2192 1524 2237 ubique
1548 2190 1728 2226 antecedit

64 2249 188 2286 videor
204 2248 296 2291 (Ter.
312 2248 380 2284 Ad.
395 2249 471 2284 384
487 2249 608 2284 videre
624 2249 778 2292 videor);
800 2250 891 2294 fort.
910 2249 1031 2285 videre
1049 2259 1113 2293 ego
1185 2252 1248 2284 263
1266 2249 1383 2284 uisust
1395 2247 1478 2289 BE,
1494 2247 1592 2282 visus
1606 2250 1661 2282 est
1683 2245 1724 2288 V,

65 2305 116 2350 cf.
133 2306 198 2340 411
289 2307 467 2340 265—269
484 2305 613 2340 Atticis
636 2305 766 2341 adiecit
783 2305 938 2340 Plautus
960 2304 1147 2347 (Romanis
1170 2305 1419 2340 iusiurandum
1444 2303 1559 2343 Iocis,
1584 2302 1633 2347 cf.
1653 2301 1725 2337 Cic.

64 2361 109 2396 de
125 2361 188 2406 off.
207 2362 242 2403 3,
254 2362 341 2396 102.
358 2362 433 2396 104
440 2373 454 2402 ;
472 2373 501 2397 v.
518 2363 623 2405 269),
639 2373 711 2398 non
723 2363 812 2398 satis
828 2362 1030 2408 adiunqens
1044 2361 1231 2408 prioribus
1323 2363 1386 2395 265
1405 2360 1447 2395 fit
1465 2360 1517 2394 B:
1533 2359 1580 2394 sit
1602 2356 1669 2393 ΥΕ

66 2419 129 2451 267
153 2417 222 2453 tibi
245 2417 308 2463 qui
326 2417 567 2460 Camerarius,
591 2419 642 2463 cf.
659 2417 871 2465 Kaempfius
895 2418 940 2453 tle
956 2429 1068 2464 pron.
1086 2428 1187 2464 pers.
1206 2418 1255 2452 34
1276 2423 1311 2452 et
1334 2417 1384 2452 ad
1406 2428 1437 2453 v.
1455 2417 1531 2451 458
1621 2413 1724 2449 auxi-

65 2472 152 2508 lium
167 2473 204 2508 B
274 2476 330 2508 271
356 2474 408 2519 cf.
428 2473 550 2509 Herm.
567 2476 627 2517 18,
646 2476 719 2510 584
736 2479 769 2510 et
786 2476 834 2510 aa
849 2476 948 2510 Asin.
966 2474 1037 2509 794
1106 2474 1264 2518 eueniat,
1280 2474 1329 2518 cf.
1348 2473 1397 2508 act
1412 2470 1546 2507 Bacch.
1564 2471 1636 2505 144

66 2535 149 2564 ante
165 2531 231 2564 274
245 2539 399 2565 scaenae
422 2531 564 2566 initium
581 2531 738 2578 periisse
760 2531 850 2567 vidit
864 2530 1119 2566 Fleckeisenus
1210 2533 1276 2565 274
1299 2529 1502 2564 adnectitur
1518 2525 1726 2562 anteceden-

67 2584 160 2620 tibus
179 2595 337 2631 persona
361 2597 435 2621 non
459 2586 621 2622 indicata
711 2588 790 2632 quis
814 2587 994 2634 Pylades:
1025 2587 1086 2632 qui
1177 2589 1241 2621 275
1266 2586 1396 2620 missus
1420 2588 1476 2620 est
1567 2582 1727 2618 chariam

67 2639 145 2675 BV
234 2643 300 2676 276
323 2642 413 2678 heus
437 2644 542 2686 (exi)
567 2643 794 2679 Camerarius
886 2654 942 2679 ex.
967 2644 1016 2678 xi.
1041 2643 1088 2678 xi.
1116 2642 1185 2677 VE
1274 2644 1337 2676 277
1350 2652 1404 2686 sq.
1430 2641 1524 2685 Quid
1546 2651 1600 2685 sq.
1626 2637 1727 2673 Pali-

67 2707 170 2739 nuro,
192 2698 392 2742 parasitum
408 2709 464 2744 sq.
481 2710 569 2735 coco
588 2700 805 2742 tribuuntur,
831 2710 918 2735 sane
936 2710 1064 2735 censeo
1082 2699 1262 2734 Palinuro
1334 2700 1396 2731 277
1422 2697 1482 2742 qui
1552 2698 1617 2730 278
1641 2695 1726 2730 uide

68 2751 186 2794 (uideo
209 2752 251 2796 V)
265 2759 524 2799 occurrentem,
540 2767 637 2791 corr.
655 2755 882 2791 Camerarius
950 2756 1114 2791 eccillum
1128 2755 1347 2796 Muellerum
1364 2755 1411 2799 cf.
1430 2753 1565 2788 Baccle.
1583 2752 1658 2786 938
1689 2773 1703 2787 .

68 2809 133 2842 280
157 2818 336 2846 σνΒσπΙο
368 2821 567 2847 PARAsnvs
583 2830 592 2837 -
607 2822 838 2847 ADOLESCENS
855 2831 862 2838 ·
881 2822 1011 2847 sznvvs
1037 2810 1151 2846 BVE
1284 2813 1416 2856 [atque]
1448 2809 1637 2845 Bentleius

69 2864 131 2898 281
159 2865 335 2910 secedite,
365 2876 461 2902 corr.
485 2866 703 2903 Ritscltelius
817 2870 882 2903 282
912 2871 976 2903 aut
1005 2878 1099 2913 genu
1131 2879 1198 2905 om.
1225 2867 1276 2903 Βι

1732 304 1788 336 260

1733 639 1789 671 265

1735 979 1790 1011 270

1735 1410 1792 1441 275

1738 1916 1794 1948 280
