1998 3179
107 82 152 112 111
168 85 194 118 4,
210 84 312 113 17—-40
826 84 1052 121 EPIDICVS
1683 88 1763 126 363

277 197 378 238 Mn„
428 198 498 237 Pol
528 200 599 249 ego
631 199 753 250 magis
783 212 905 239 unum
938 211 1095 250 quaero,
1126 211 1231 239 meas
1261 200 1324 239 cui
1354 201 1586 252 praedicem,

276 278 392 317 quam
421 265 529 305 illum
561 267 628 318 qui
658 273 850 306 memoret
887 279 976 307 suas
1010 267 1118 307 mihi.
1177 268 1280 308 PER.
1330 268 1403 307 Hic
1436 281 1513 308 non
1547 276 1604 309 est
1634 269 1763 318 locus3

275 333 392 385 proin
424 339 468 373 tu
497 334 613 373 alium
646 347 810 385 quaeras
841 335 903 375 cui
933 341 1124 374 centones
1153 336 1308 375 sarcias.
1774 345 1832 377 455

274 408 390 452 atque
421 402 515 441 haec
543 403 743 442 stultitiast
771 414 833 442 me
862 403 916 441 illi
947 403 1037 441 vitio
1067 409 1221 442 vortere
1775 413 1830 445 431

276 476 432 520 egomet
462 470 566 521 quod
596 470 764 509 factitavi
795 471 835 509 in
868 471 1147 517 adulescentia,

272 549 360 576 cuin
393 537 624 577 militabam:
656 538 800 590 pugnis
829 538 1093 577 memorandis
1125 539 1220 577 meis

270 604 513 644 eradicabam
542 606 745 644 hominum
779 606 895 654 auris,
927 605 1084 656 quando
1116 618 1358 658 occeperam.
1776 617 1832 648 434

269 672 370 712 MIL.
419 673 604 712 Animum
635 674 804 719 advorte,
838 681 878 712 ut
909 674 1012 725 quod
1045 686 1116 725 ego
1148 674 1193 712 ad
1224 679 1262 712 te
1293 673 1456 713 advenio
1488 674 1703 727 intellegas.
1774 684 1832 716 456

230 765 232 767 >
269 752 393 778 meam
425 740 583 779 amicam
615 740 740 779 audivi
772 747 809 779 te
841 752 924 780 esse
954 746 1184 781 mereatum.
1243 741 1346 780 PER.
1396 741 1558 788 Amatae,

270 819 378 846 nunc
407 807 564 846 demum
595 808 674 847 scio
706 820 778 859 ego
810 808 916 847 hunc
947 808 1013 858 qui
1045 808 1115 847 sit:
1149 820 1266 859 quem
1298 808 1444 848 dudum
1474 808 1659 860 Epidicus

270 875 363 914 mihi
394 876 631 927 praedicavit
663 875 837 914 militem.
897 876 1138 922 adulescens,
1170 876 1260 915 itast

270 949 313 982 ut
343 943 451 989 dicis,
483 943 571 982 emi.
633 943 734 983 MIL.
785 942 880 982 Volo
912 949 950 982 te
980 943 1107 982 verbis
1138 943 1327 995 pauculis,
1774 953 1830 985 460

268 1012 299 1051 si
332 1010 399 1050 tibi
431 1011 641 1050 molestum
672 1023 752 1050 non
786 1017 855 1050 est.
915 1011 1018 1051 PER.
1068 1011 1154 1050 Non
1188 1011 1328 1062 edepol
1359 1011 1454 1057 scio,

267 1079 474 1118 molestum
507 1091 632 1118 necne
663 1080 725 1125 sit,
758 1079 832 1118 nisi
863 1079 959 1118 dicis
990 1079 1083 1130 quid
1114 1079 1218 1118 velis.

267 1147 368 1187 MIL.
417 1147 468 1186 Mi
498 1147 601 1186 illam
634 1153 675 1186 ut
705 1147 906 1194 tramittas,
938 1153 1142 1198 argentum
1174 1147 1360 1198 accipias:
1392 1147 1512 1187 adest.

268 1226 356 1253 nam
389 1215 480 1266 quid
512 1227 583 1266 ego
614 1215 718 1266 apud
747 1221 786 1254 te
814 1227 903 1254 vera
934 1227 1090 1266 parcam
1121 1213 1330 1266 proloqui?

270 1295 341 1333 ego
373 1282 475 1321 illam
506 1283 592 1321 volo
623 1283 738 1321 hodie
768 1283 896 1322 facere
927 1283 1105 1321 libertam
1136 1294 1277 1330 meam,
1775 1291 1831 1323 465

271 1350 362 1389 mihi
395 1350 617 1389 concubina
650 1362 748 1401 quae
779 1351 840 1389 sit.
901 1351 1003 1390 PER.
1055 1350 1109 1389 Te
1140 1350 1336 1389 absolvam
1371 1349 1500 1390 brevi:

267 1418 422 1469 argenti
455 1418 739 1469 quinquaginta
770 1418 822 1456 mi
854 1418 916 1457 illa
948 1424 1077 1469 empta
1108 1425 1166 1457 est
1195 1418 1331 1466 minis;

267 1486 299 1525 si
333 1486 532 1536 sexaginta
563 1485 657 1524 mihi
688 1485 999 1524 denumerantur
1029 1485 1171 1532 minae⁷

265 1560 352 1593 tuas
383 1553 595 1605 possidebit
626 1553 765 1593 mulier
797 1555 882 1592 faxo
916 1553 1052 1601 ferias3

264 1627 381 1672 atque
413 1622 463 1660 ita
493 1622 683 1673 profecto,
716 1628 759 1660 ut
789 1633 872 1660 eam
904 1634 949 1660 ex
981 1622 1054 1661 hoc
1086 1634 1276 1662 exoneres
1307 1634 1414 1673 agro.
1773 1629 1829 1661 470

264 1689 364 1729 M1L.
415 1689 536 1728 Estne
568 1696 695 1741 empta
727 1689 779 1728 mi
809 1689 892 1729 istis
922 1688 1104 1740 legibus?
1163 1690 1266 1730 PER.
1318 1689 1470 1729 Habeas
1500 1689 1602 1729 licet.

263 1756 365 1796 MIL.
416 1757 675 1796 Conciliavisti
706 1757 882 1809 pulchre.
944 1758 1047 1798 PER.
1098 1758 1218 1804 Heus,
1250 1759 1354 1798 foras
1386 1757 1539 1797 educite

266 1836 381 1875 quam
413 1825 684 1864 introduxistis
715 1825 924 1864 fidicinam.
985 1832 1102 1876 atque
1134 1825 1250 1864 etiam
1282 1826 1388 1874 fides,

263 1892 298 1931 ei
329 1904 427 1943 quae
458 1905 672 1940 accessere,
704 1892 775 1932 tibi
805 1893 942 1932 addam
973 1893 1078 1932 dono
1109 1894 1255 1944 gratiis.

262 1971 332 2011 age
364 1960 497 2011 accipe
530 1961 630 2000 hanc
661 1961 724 2000 sis.
785 1961 885 2001 Ma.
936 1961 1044 2007 Quae
1075 1967 1113 2000 te
1145 1961 1400 2014 intemperiae
1431 1960 1598 2000 tenent?
1773 1968 1828 2000 475

263 2039 359 2078 quas
388 2034 430 2067 tu
462 2028 556 2067 mihi
588 2029 772 2069 tenebras
804 2028 959 2068 trudis?
990 2029 1084 2080 quin
1117 2035 1159 2068 tu
1191 2029 1387 2069 fidicinam

204 2130 271 2162 454
294 2138 402 2172 quam
424 2128 526 2163 illum
544 2127 592 2163 Ρ.·
618 2140 688 2174 qua
712 2129 838 2172 [ill]um
864 2129 919 2164 vel
942 2132 1060 2173 qua[m
1085 2129 1180 2174 e]um
1197 2133 1227 2164 A
1343 2132 1408 2164 455
1432 2129 1538 2174 proin
1556 2130 1604 2163 A:
1628 2139 1697 2173 quo
1721 2128 1759 2162 in

93 2182 139 2226 E,
164 2195 267 2229 quae*
286 2184 349 2227 B1,
376 2185 462 2229 quin
479 2183 556 2219 1132
651 2185 785 2220 sarcias
802 2186 845 2229 Α,
862 2185 990 2221 fartias
1010 2186 1054 2227 B,
1081 2186 1205 2221 faruas
1231 2184 1297 2227 EI,
1316 2195 1408 2220 corr.
1427 2185 1622 2220 Lambinus
1640 2181 1759 2227 (non-

92 2239 184 2274 nulli
200 2239 272 2287 leqi
295 2236 473 2283 volmzl');
497 2241 547 2285 cf.
571 2240 646 2276 Cat.
670 2253 700 2275 r.
727 2253 755 2276 r.
781 2243 819 2284 2,
838 2243 883 2282 3‚·
911 2241 1114 2277 Gronovius
1137 2242 1216 2277 lect.
1236 2242 1291 2276 Pl.
1308 2243 1379 2277 154
1395 2253 1449 2288 sq.
1542 2244 1606 2276 431
1633 2240 1760 2277 stultia

91 2297 126 2331 st
149 2295 184 2330 B
299 2299 364 2331 432
389 2297 428 2332 in
453 2297 700 2333 adulescentia
732 2309 798 2332 om.
825 2296 900 2342 EI,
934 2298 984 2343 cf.
1003 2299 1077 2332 434
1191 2301 1258 2333 434
1281 2298 1466 2334 hominum
1491 2299 1544 2333 B:
1576 2298 1759 2333 hominum

93 2352 341 2389 adulescentia
364 2357 453 2396 (·am
469 2352 509 2395 I)
529 2352 589 2389 EI
676 2354 795 2390 aureis
912 2357 979 2389 456
1004 2355 1107 2390 venio
1134 2354 1168 2389 P
1280 2358 1343 2390 457
1370 2357 1469 2391 atate
1494 2355 1541 2397 B,
1567 2358 1687 2390 aetate
1712 2353 1757 2396 E,

91 2410 170 2444 atat
194 2408 220 2444 I
328 2413 394 2445 459
418 2410 631 2446 adulescens
655 2411 743 2446 itast
770 2411 815 2452 A,
840 2410 895 2445 Β2
922 2412 960 2445 in
985 2422 1078 2446 ras„-
1103 2411 1314 2447 adolescens
1340 2411 1453 2447 ntiast
1478 2411 1522 2455 E,
1548 2412 1758 2447 adolescens

93 2467 149 2500 est
172 2464 197 2500 I
307 2469 367 2501 461
396 2470 505 2502 nonst
524 2466 597 2501 BE
706 2470 772 2501 462
796 2477 910 2502 necne
937 2468 986 2503 sit
1001 2469 1052 2502 A:
1075 2479 1149 2503 non
1166 2470 1220 2503 est
1237 2468 1271 2502 P
1359 2468 1431 2503 nisi
1450 2467 1498 2501 P:
1523 2467 1614 2502 nihil
1638 2469 1669 2502 A

92 2521 188 2566 quod
203 2522 235 2557 A
327 2525 391 2558 463
417 2524 521 2558 adest
536 2524 580 2566 A,
604 2522 808 2570 Periplzam‘
831 2524 1007 2560 tribuens:
1031 2525 1167 2560 habeas
1186 2523 1219 2558 P
1240 2523 1457 2571 (Peripham'
1480 2523 1603 2559 tribuit
1621 2524 1667 2565 B)

91 2579 159 2612 464
181 2578 290 2614 verba
319 2580 368 2621 A,
399 2590 493 2614 corr.
528 2578 731 2626 Geppercus
762 2583 796 2614 et
827 2579 1013 2616 Goetzz'us:
1046 2591 1113 2616 om.
1145 2580 1180 2615 P
1292 2583 1356 2615 465
1388 2580 1496 2615 hodie
1526 2579 1605 2615 volo
1636 2579 1671 2614 P

94 2635 160 2668 466
181 2644 279 2679 pers.
294 2639 390 2681 spat.
416 2646 484 2670 om.
502 2637 533 2670 A
557 2640 598 2670 ut
620 2637 689 2671 vicl.
784 2639 850 2672 468
876 2637 906 2671 si
931 2648 1000 2672 om.
1019 2636 1134 2672 B¹EI
1222 2637 1303 2672 den.
1329 2637 1384 2672 vel
1399 2637 1471 2671 din.
1490 2636 1521 2670 A
1612 2639 1675 2672 471
1703 2640 1759 2673 est·

90 2692 238 2734 nempta
252 2690 284 2725 A
374 2692 462 2728 mihi
478 2693 528 2728 A:
552 2692 639 2727 mihi
663 2693 754 2728 haec
771 2691 841 2735 EI,
866 2693 932 2728 tibi
956 2694 1047 2728 haec
1068 2694 1100 2728 Β
1193 2697 1258 2728 472
1285 2698 1383 2729 totus
1399 2692 1618 2739 Periphanes
1634 2692 1669 2727 P

87 2750 179 2790 post
210 2748 276 2780 474
306 2757 430 2782 versus
460 2759 595 2784 vacuus
626 2749 664 2784 in
697 2749 728 2784 A
735 2762 750 2790 ;
787 2749 911 2784 titulus
942 2759 973 2784 v.
999 2750 1076 2784 437
1109 2750 1146 2784 z‘n
1177 2748 1212 2783 P
1238 2749 1424 2794 fidicinam
1455 2750 1528 2784 lam
1561 2749 1668 2785 habet

91 2803 157 2837 475
181 2803 218 2836 te
236 2812 302 2848 om.
322 2802 356 2837 P
444 2808 510 2839 476
535 2805 653 2849 trudis
670 2805 713 2849 A,
731 2804 767 2840 B
789 2805 867 2848 (sed
889 2808 924 2840 tr
947 2806 985 2840 in
1009 2817 1081 2841 ras.
1100 2808 1126 2840 2
1150 2809 1210 2849 m.)
1228 2805 1259 2847 I,
1285 2806 1387 2841 cudis
1413 2805 1450 2841 E
1456 2819 1471 2848 ,·
1494 2806 1609 2842 tradis
1636 2805 1757 2842 Vssz'n-

91 2857 191 2902 qim,
215 2859 377 2895 terebras
402 2858 571 2907 Scaliqer
594 2862 658 2906 (cf.
685 2861 965 2905 Taubmannus),
990 2862 1041 2907 cf.
1072 2861 1312 2898 Buecheler-us
1337 2862 1390 2896 Fl.
1419 2873 1507 2898 ann.
1523 2863 1608 2905 105,
1632 2863 1700 2898 113
