2018 3183
207 73 226 109 1
236 73 253 108 1
261 72 286 108 4
942 73 1123 108 PLAVTI
1679 75 1722 103 III
1733 77 1760 107 6.
1780 76 1864 104 3-2‘:

287 186 404 226 MEG.
455 186 600 225 Tamen
633 191 718 226 meo
751 187 905 238 quidem
938 188 1067 226 animo
1100 188 1298 239 aliquanto
1331 189 1447 228 facias
1476 189 1633 235 rectius,

224 273 228 277 «
288 255 317 294 si
352 241 509 293 n‘itidior
538 255 589 293 sis
620 254 708 292 finiat
740 254 899 305 nuptiis.

287 322 417 361 EVCL.
466 322 540 360 Pro
572 334 614 360 re
646 321 813 360 nitorem
846 328 883 359 et
914 322 1077 373 gloriam
1108 335 1180 374 pro
1213 323 1322 374 copia

289 389 354 440 qui
388 387 543 434 babent,
575 389 842 427 meminerunt
871 401 955 428 sese
987 389 1090 428 unde
1123 390 1277 429 oriundi
1310 391 1424 430 sient.

289 468 417 506 neque
449 456 525 506 pol,
558 455 777 506 Megadore,
810 456 902 495 mibi
935 469 1064 507 neque
1096 458 1307 509 quoiquam
1338 458 1501 510 pauperi

289 523 476 574 opinione
499 523 636 562 melius
666 534 728 562 res
758 530 903 563 structa
935 531 994 563 est
1025 524 1141 563 domi.

286 590 402 631 MEG.
453 589 575 629 Immo
606 596 664 630 est
692 588 820 645 (quod
851 592 942 631 satis
973 589 1066 646 est),
1098 598 1136 631 et
1165 592 1201 631 di
1234 592 1378 632 saciant
1407 599 1450 632 ut
1479 593 1552 633 siet

287 658 374 709 plus
405 658 571 710 piusque
599 656 684 713 (et)
714 658 813 698 istuc
843 659 1036 711 sospitent
1067 660 1170 711 quod
1203 673 1310 699 nunc
1340 661 1470 700 babes.

286 725 416 765 Ech.
467 725 563 765 Illud
595 726 690 765 mihi
723 726 883 765 verbum
917 740 995 766 non
1029 727 1156 779 placet
1181 723 1302 779 ‘quod
1337 741 1444 768 nunc
1474 723 1616 768 habes.2

286 800 362 831 tam
395 793 469 832 boc
499 793 571 832 scit
600 805 662 832 me
693 793 837 833 habere
869 806 983 846 quam
1016 802 1183 847 egomet.
1232 807 1331 834 anus
1363 797 1451 835 fecit
1482 797 1619 848 palam.

285 860 401 901 MEG.
454 860 553 906 Quid
586 868 625 900 tu
659 868 695 901 te
727 862 833 901 solus
864 875 884 901 e
915 869 1052 902 senatu
1083 861 1268 902 sevocas‘?

1877 265 1936 298 540

1878 602 1935 634 545

285 928 414 968 EVCL.
466 928 534 966 Pol
565 940 636 979 ego
668 935 712 968 ut
741 935 780 968 te
811 941 990 969 accusem
1020 931 1160 969 merito
1192 930 1418 970 meditabar.
1478 931 1594 972 MEG.
1646 931 1747 977 Quid
1779 929 1938 972 est?550

285 996 415 1036 EVCL.
466 995 568 1041 Quid
600 996 649 1034 sit
680 1009 742 1036 me
773 995 946 1047 rogitas?
978 997 1043 1047 qui
1075 998 1169 1036 mibi
1201 998 1329 1037 omnis
1359 998 1524 1049 angulos

286 1064 414 1101 furum
448 1063 654 1114 implevisti
687 1064 726 1102 in
759 1063 930 1118 aedibus
950 1064 1095 1103 misero
1125 1065 1232 1110 mibi,

286 1130 353 1181 qui
384 1130 436 1168 mi
469 1130 572 1168 intro
604 1130 708 1169 misti
741 1131 779 1169 in
813 1132 919 1171 aedis
949 1132 1188 1183 quingentos
1218 1144 1379 1183 coquos,

286 1210 374 1237 cum
406 1197 510 1236 senis
541 1197 735 1245 manibus,
767 1211 913 1250 genere
944 1200 1218 1252 Geryonacem

287 1277 385 1316 quos
415 1264 446 1303 si
477 1267 604 1316 Argus
634 1271 773 1313 servet,
807 1267 872 1317 qui
904 1267 1064 1307 oculeus
1094 1274 1199 1307 totus
1230 1268 1314 1314 suit,

286 1344 402 1384 quem
435 1332 631 1383 quondam
663 1332 747 1371 Ioni
781 1333 878 1372 luno
909 1335 1110 1374 custodem
1142 1335 1297 1382 addidit,

286 1401 317 1440 is
348 1411 563 1451 numquam
593 1406 733 1439 servet.
784 1407 986 1452 praeterea
1019 1402 1231 1449 tibicinam,

286 1479 385 1519 quae
416 1467 468 1506 mi
499 1467 741 1507 interbibere
771 1469 865 1516 sola,
895 1469 927 1508 si
955 1469 1046 1509 vino
1078 1477 1210 1517 scatat‚

285 1535 597 1575 Corinthiensem
629 1535 781 1575 fontem
816 1536 996 1575 Pirenam
1029 1544 1169 1589 potest.

284 1610 366 1642 tum
399 1602 606 1642 obsonium
639 1608 766 1642 autem
798 1627 854 1632 -—
883 1603 1000 1645 MEG.
1054 1605 1122 1644 Pol
1151 1605 1210 1644 vel
1241 1605 1385 1656 legioni
1416 1611 1473 1645 sat
1504 1611 1573 1643 est.
1621 1629 1628 1634 ·

285 1670 400 1710 etiam
431 1682 577 1720 agnum
608 1671 706 1710 misi.
765 1670 896 1711 EvCL.
947 1671 1034 1718 Quo
1066 1673 1221 1724 quidem
1255 1685 1356 1724 agno
1388 1678 1444 1711 sat
1475 1672 1554 1712 seio

284 1738 407 1789 magis
437 1738 642 1777 curionem
678 1750 873 1790 nusquam
903 1751 987 1778 esse
1019 1739 1134 1779 uliam
1167 1740 1334 1779 beluam.

283 1805 400 1846 MEG.
454 1805 550 1845 Volo
583 1818 654 1857 ego
689 1818 735 1845 ex
766 1813 803 1846 te
835 1807 935 1846 scire
967 1808 1033 1858 qui
1064 1809 1113 1847 sit
1142 1820 1266 1859 agnus
1297 1807 1420 1847 curio.

313 1930 378 1962 539
403 1938 481 1962 meo
509 1927 737 1962 Gulielmius.-
763 1939 782 1963 e
805 1939 884 1964 meo
997 1929 1323 1974 proceleumaticus
1351 1927 1474 1963 eodem
1503 1928 1640 1962 senarii
1664 1927 1742 1963 Ioco
1769 1926 1865 1962 Trin.

201 1986 290 2020 806.
314 1987 445 2027 tamen,
471 1985 634 2028 quumvis
657 1983 701 2019 dc
725 1984 818 2019 lua-u
843 1986 1048 2020 consentius
1170 1988 1235 2019 5-10
1259 1984 1357 2020 filiae
1472 1986 1537 2019 542
1561 1984 1787 2020 meminerint
1814 1983 1846 2018 B
1855 1997 1868 2025 ;

199 2040 343 2076 dicendi
364 2050 479 2085 qeuus
502 2040 618 2085 affine
647 2046 699 2074 est
725 2041 760 2075 ei
782 2040 826 2075 dc
850 2052 922 2086 quo
954 2042 1038 2076 (lixi
1060 2041 1109 2075 acl
1131 2053 1161 2077 v.
1177 2042 1260 2076 207
1395 2043 1458 2075 543
1485 2040 1652 2085 cuiquam
1685 2040 1714 2074 V
1718 2042 1742 2081 ²,
1767 2040 1867 2085 quic·

199 2108 306 2143 quam
332 2096 401 2131 BD
412 2096 441 2129 V
448 2097 457 2117 ¹
595 2099 660 2131 544
685 2097 816 2142 opione
841 2097 893 2132 Βι
1030 2100 1151 2134 tructa
1289 2101 1353 2133 545
1378 2097 1559 2144 supplevit
1590 2096 1778 2143 Vssinqius

200 2156 265 2189 546
289 2164 432 2199 pusque
456 2152 533 2187 BV
622 2154 704 2198 (et)
731 2154 771 2189 L.
865 2157 929 2189 548
954 2155 1014 2190 hic
1041 2168 1070 2195 ς,
1094 2155 1158 2190 sed
1181 2155 1346 2189 manibus
1369 2153 1476 2190 habet
1576 2154 1697 2199 palam
1720 2153 1809 2190 fecit
1834 2153 1868 2189 B

199 2214 265 2246 550
289 2212 330 2246 ut
353 2213 390 2245 te
413 2209 620 2244 Aciclalius:
644 2213 680 2244 te
709 2214 750 2245 ut:
842 2221 1028 2246 accussem
1051 2211 1081 2246 Β
1174 2215 1238 2246 553
1263 2210 1490 2246 intromisisti
1582 2210 1745 2254 aedibus,
1769 2221 1865 2245 corr.

199 2267 359 2314 Pylades
473 2276 580 2301 cocos
701 2269 767 2300 554
796 2267 987 2312 gerinaceo
1012 2267 1057 2310 I),
1089 2278 1307 2313 gerronaeeo
1343 2267 1426 2302 VB²
1541 2270 1605 2301 555
1631 2266 1778 2302 oculeus
1802 2266 1871 2308 (V)

203 2323 339 2359 Paulus
361 2320 664 2363 28,⁴Priscianus
680 2323 712 2364 1,
731 2324 824 2358 210:
849 2324 1019 2359 occulens
1041 2324 1085 2365 Β,
1110 2324 1292 2359 occulleus
1311 2323 1365 2365 D;
1388 2323 1571 2358 oculatum
1595 2325 1648 2358 Ar
1670 2342 1714 2347 ——
1739 2323 1868 2358 Festus

197 2382 270 2415 178
293 2391 344 2415 ea:
367 2378 503 2414 Plauto
528 2378 654 2423 adfert
779 2383 843 2414 556
869 2381 952 2415 item
977 2380 1201 2422 Priscianus,
1225 2380 1316 2415 Iuno
1342 2390 1411 2415 om.
1437 2379 1580 2414 Nonius
1603 2380 1697 2421 487;
1721 2379 1867 2415 additus

198 2437 277 2472 Ioni
301 2438 420 2480 Argus
444 2433 578 2470 Plauto
603 2436 727 2470 tribuit
752 2435 899 2472 Servius
915 2438 1003 2471 Aen.
1026 2438 1058 2478 6,
1079 2437 1129 2471 90
1222 2440 1285 2471 55ῖ
1311 2446 1465 2481 pruerea
1479 2435 1568 2470 BV¹
1662 2438 1727 2471 558
1751 2439 1870 2472 scatet

199 2493 269 2528 BD
281 2492 322 2535 V,
345 2495 486 2527 scateat
501 2503 531 2532 ς,
556 2501 652 2526 corr.
680 2490 914 2534 Gulielmius;
944 2492 1113 2527 Donatus
1143 2493 1192 2527 ad
1213 2493 1328 2528 Andr.
1347 2493 1371 2526 3
1387 2494 1425 2534 2,
1442 2492 1489 2527 16
1513 2497 1669 2527 tautum:
1693 2493 1731 2526 in
1757 2492 1866 2528 Aulu-

198 2549 306 2585 laria:
332 2548 552 2584 interbibere
576 2548 654 2583 sola
677 2548 748 2583 sibi
872 2552 937 2584 559
961 2549 1127 2594 pirenam
1159 2549 1284 2584 Valla.-
1310 2552 1345 2584 et
1369 2548 1548 2593 pirineum
1573 2548 1660 2589 BV,
1685 2552 1722 2584 et
1744 2549 1867 2594 perin-

199 2609 274 2641 tum
301 2606 332 2641 D
441 2607 620 2640 560-568
644 2615 769 2640 versus
792 2616 865 2640 uon
889 2611 975 2651 apte
999 2606 1134 2641 adiecti
1242 2608 1306 2640 560
1332 2605 1542 2641 obs-mium
1567 2604 1630 2646 B¹,
1657 2605 1869 2650 obsequium

200 2661 272 2696 DV
363 2661 461 2696 Mne.
481 2672 548 2696 om.
568 2661 638 2696 BD
729 2662 885 2697 uelleoni
901 2665 982 2698 sata
998 2665 1088 2703 (sab
1111 2662 1172 2703 ΒΞ)
1189 2666 1246 2697 est
1263 2661 1296 2696 B
1304 2661 1398 2702 ¹121]-
1420 2663 1472 2707 cf.
1500 2660 1689 2708 Vssinqius
1705 2662 1778 2701 (uel
1793 2662 1817 2697 i.
1835 2673 1866 2698 e·

198 2718 230 2752 si
248 2718 423 2764 leqionem
433 2728 589 2764 pascere
605 2718 744 2765 placet)
839 2722 899 2754 561
921 2722 1096 2764 agnoscat
1113 2718 1162 2753 B¹
1184 2722 1235 2758 (ut
1252 2718 1347 2759 vid),
1366 2718 1509 2753 Nonius
1524 2719 1599 2753 455
1689 2721 1755 2753 562
1772 2719 1866 2754 curi—

200 2783 302 2809 onem
321 2772 547 2809 Gulielmius:
570 2775 752 2810 curiosam
769 2775 887 2820 codd„
908 2776 1050 2811 Nonius
1140 2786 1333 2820 numquam
1351 2774 1494 2810 Nonius
1583 2777 1649 2811 563
1673 2775 1757 2811 uolo
1774 2775 1872 2811 scire

199 2840 264 2873 ego
289 2840 333 2864 ex
357 2836 392 2864 te
417 2829 559 2865 Nonius
585 2832 646 2873 86,
671 2831 720 2876 cf.
749 2830 961 2878 Ji'uempfius
985 2833 1030 2867 de
1047 2843 1156 2878 pron.
1175 2842 1276 2878 pers.
1303 2832 1353 2865 46
1445 2831 1609 2867 curiosus
1635 2831 1687 2867 13²

1878 1278 1937 1311 555

1879 1617 1938 1650 560
