2003 3168
215 64 237 100 6
951 63 1010 97 PL
1016 62 1131 97 AVTI
1683 61 1754 96 prol.
1767 62 1870 90 21—49

413 185 489 217 tam
522 178 605 223 etsi,
637 191 708 229 pro
740 178 904 229 imperio
935 177 1043 215 vobis
1073 176 1177 227 quod
1210 176 1355 214 (lictum
1387 177 1499 221 soret,

412 245 533 285 scibat
564 246 748 291 facturos,
783 245 928 296 quippe
959 245 1024 295 qui
1057 243 1299 282 intellexerat

413 314 535 352 vereri
568 325 634 351 vos
663 326 704 353 se
736 319 772 352 et
803 320 990 360 metuere,
1022 313 1071 350 ita
1105 319 1145 351 ut
1176 323 1341 362 aequom
1375 317 1429 350 est
1463 311 1612 359 loveni;

413 393 545 419 verum
580 381 755 431 profecto
788 381 862 419 hoe
893 387 1026 431 petere
1058 392 1119 418 me
1151 379 1327 431 precario

414 460 433 485 a
467 447 574 486 vobis
606 448 727 494 iussit,
760 447 913 494 leniter,
945 447 1056 486 (lictis
1086 447 1212 486 bonis.

410 515 555 553 etenim
587 514 661 561 ille,
694 514 804 554 cuius
835 515 911 554 huc
941 515 1046 553 iussu
1078 516 1204 561 venio,
1238 514 1410 566 luppiter

413 595 490 620 non
526 582 655 621 minus
685 594 800 632 quam
832 588 1003 621 vostrum
1036 582 1160 633 quivis
1192 581 1371 620 formidat
1403 582 1565 621 malum:

411 650 578 688 humana
611 657 730 688 matre
764 656 889 696 natus,
920 650 1089 688 humano
1123 656 1243 701 patre,

408 716 539 755 mirari
575 729 653 755 non
686 723 744 756 est
774 729 953 768 aequom,
985 717 1057 755 sibi
1089 717 1119 755 si
1153 717 1380 768 praetimet;

408 790 525 834 atque
558 797 629 836 ego
661 797 818 835 quoque
851 786 976 831 etiam,
1009 784 1074 835 qui
1108 785 1205 823 lovis
1237 797 1320 823 sum
1354 784 1466 831 filius,

409 852 643 902 contagione
675 853 749 891 mei
780 853 900 903 patris
931 858 1060 891 metuo
1094 852 1249 892 malum.

408 926 614 970 propterea
647 932 741 970 pace
772 921 933 958 advenio
971 927 1008 958 et
1039 932 1171 971 pacem
1204 920 1247 958 ad
1281 933 1347 959 vos
1377 921 1517 959 affero:
1549 930 1573 961 -ι-

407 987 544 1025 iustam
577 999 656 1025 rem
690 994 728 1025 et
758 988 905 1026 facilem
939 1001 1021 1027 esse
1054 995 1199 1026 oratam
1232 1000 1251 1026 a
1283 987 1391 1026 vobis
1421 988 1520 1035 volo,

408 1066 495 1091 nam
527 1054 624 1093 iusta
656 1054 703 1093 ab
734 1055 844 1093 iustis
875 1056 999 1094 iustus
1028 1067 1112 1094 sum
1146 1063 1277 1093 orator
1307 1055 1433 1094 datus.

409 1132 495 1159 nam
529 1121 668 1160 iniusta
700 1121 746 1160 ab
779 1122 888 1161 iustis
919 1122 1116 1173 impetrari
1152 1135 1229 1161 non
1262 1123 1387 1168 decet,

405 1188 502 1228 iusta
534 1195 661 1228 autem
692 1190 739 1228 ab
771 1190 924 1228 iniustis
955 1197 1088 1241 petere
1120 1190 1341 1241 insipientia
1373 1196 1451 1238 est3

405 1256 548 1308 quippe
581 1257 632 1295 illi
665 1257 787 1308 iniqui
820 1257 879 1295 ius
909 1257 1094 1308 ignorant
1125 1270 1252 1308 neque
1283 1264 1431 1296 tenent.

406 1337 512 1363 nunc
544 1325 617 1363 iam
649 1325 725 1364 huc
757 1326 931 1364 animum
963 1337 1100 1364 omnes
1131 1338 1229 1376 quae
1260 1325 1397 1376 loquar
1426 1325 1625 1364 advortite.

403 1391 553 1431 (lebetis
585 1392 679 1431 velle
711 1405 811 1443 quae
841 1393 1025 1432 velimus:
1056 1393 1271 1432 meruimus

404 1466 442 1498 et
472 1471 544 1510 ego
577 1466 614 1498 et
644 1467 755 1512 pater
786 1461 833 1499 de
863 1461 972 1500 vobis
1003 1467 1040 1500 et
1071 1474 1111 1500 re
1144 1461 1316 1512 publica;

404 1539 490 1565 nam
525 1527 615 1577 quid
647 1541 718 1579 ego
752 1541 964 1567 memorem
997 1531 1055 1578 (ut
1087 1529 1182 1568 alios
1214 1529 1251 1567 in
1284 1530 1493 1581 tragoediis

402 1594 489 1640 vidi,
523 1595 747 1646 Neptunum
782 1596 969 1635 Virtutem
1003 1596 1212 1635 Victoriam

404 1661 566 1700 Martem
599 1663 813 1710 Bellonam,
845 1677 1151 1703 commemorare
1183 1677 1282 1715 quae
1313 1664 1416 1704 bona

403 1729 510 1767 vobis
540 1731 737 1781 fecissent)
771 1732 857 1782 quis
888 1731 990 1770 bene
1022 1733 1132 1771 factis
1164 1745 1274 1771 meus
1306 1739 1428 1784 pater,

403 1796 564 1835 deorum
597 1805 781 1849 regnator
815 1813 836 1836 >ie
869 1799 1104 1839 architectus
1136 1799 1348 1839 omnibus?

401 1865 465 1902 sed
498 1877 582 1903 mos
613 1878 824 1917 numquam
858 1867 909 1905 illi
942 1867 1014 1906 suit
1045 1868 1143 1918 patri
1176 1880 1274 1915 mee,
1307 1877 1331 1908 ÷

404 1937 446 1970 ut
476 1932 745 1983 exprobraret*
761 1934 864 1984 quod
897 1934 1012 1973 bonis
1043 1936 1188 1973 faceret
1219 1936 1332 1984 lioni3

402 2006 553 2049 gratum
584 2000 793 2040 arbitratur
824 2015 907 2041 esse
938 2003 972 2041 id
1006 2015 1025 2041 a
1057 2003 1165 2042 vobis
1195 2003 1266 2042 sibi

400 2067 619 2119 meritoque
650 2069 757 2108 vohis
789 2069 890 2108 bona
922 2083 961 2109 se
994 2072 1119 2110 facere
1152 2084 1250 2122 quae
1282 2072 1384 2110 l'acit.

310 2199 352 2230 26
364 2207 416 2242 sq.
441 2197 626 2234 debilitant
644 2202 758 2236 locum
777 2203 839 2247 qui
854 2203 1018 2248 sequitur
1039 2204 1168 2249 86sq.,·
1189 2209 1316 2249 postea
1338 2204 1471 2240 adiecti
1487 2205 1653 2241 videntur
1675 2217 1707 2242 v.
1720 2207 1858 2242 26—38

197 2252 260 2297 (νβ.
278 2252 327 2287 ad
341 2263 372 2288 v.
390 2254 447 2296 33)
539 2257 581 2289 32
599 2256 675 2292 fero
693 2258 900 2300 Acae·clal1·ns;
924 2269 1047 2304 pacem
1073 2261 1136 2301 (sic
1154 2259 1198 2301 E)
1217 2260 1370 2296 aduenio
1394 2264 1431 2295 et
1454 2261 1500 2296 ad
1517 2272 1582 2298 uos
1599 2262 1710 2298 affero
1727 2263 1857 2302 Linde-

197 2319 350 2343 mannus
463 2313 504 2345 33
531 2312 583 2356 cs.
607 2312 803 2360 larissenus
825 2316 938 2360 symb.
956 2316 1023 2349 318
1035 2326 1110 2361 sq.;
1134 2316 1216 2350 item
1242 2316 1291 2351 ad
1314 2327 1343 2351 v.
1361 2320 1414 2351 50.
1440 2319 1484 2351 64
1599 2322 1641 2354 34
1658 2319 1755 2355 iusta
1782 2321 1856 2357 Bo-

199 2363 312 2399 thius:
335 2365 437 2409 iuste,
461 2366 510 2411 cf:
529 2366 578 2400 acl
596 2368 660 2401 100
752 2370 794 2401 36
819 2371 975 2412 peterest
999 2369 1205 2413 insipientia
1232 2370 1272 2405 0.
1291 2370 1536 2416 Bruymarms,
1562 2372 1614 2417 ⁶f·
1642 2374 1717 2415 152,
1743 2374 1854 2412 Poen.

199 2420 285 2454 1090
308 2420 438 2457 Pseud.
456 2424 546 2464 4463,-
570 2434 634 2458 nec
651 2424 813 2459 vitiosum
832 2424 972 2460 iniustis
1065 2429 1104 2459 37
1123 2425 1174 2460 illi
1194 2426 1254 2461 [με
1273 2427 1360 2461 nulli
1379 2427 1423 2469 B,
1440 2427 1530 2463 inilli
1547 2427 1637 2463 D¹E
1725 2433 1766 2466 38
1785 2432 1854 2468 iam

196 2476 262 2512 del.
281 2477 541 2521 Fleckeisenus,
559 2480 607 2524 cf.
626 2479 820 2526 Lanqemts
832 2482 944 2526 symb.
960 2482 1025 2515 288
1117 2482 1186 2517 huc
1203 2483 1254 2528 cf.
1268 2483 1494 2519 Abrahamus
1508 2485 1603 2520 stud.
1623 2485 1679 2521 Pl.
1697 2487 1765 2522 220

195 2543 333 2569 omnes:
359 2535 404 2569 ad
425 2545 467 2570 ea
488 2534 520 2570 E
613 2538 661 2582 cf.
682 2537 873 2572 Nor-denus
891 2549 977 2573 mus.
995 2537 1108 2573 Rlzen.
1127 2540 1180 2579 49,
1206 2540 1273 2574 204
1285 2550 1338 2586 sq.
1431 2544 1473 2576 39
1492 2542 1642 2579 uelimus
1659 2546 1696 2578 et
1713 2543 1763 2578 B²

195 2592 231 2623 41
263 2592 304 2624 ut
329 2611 368 2615 —
394 2595 437 2626 44
460 2592 630 2627 fecissent
653 2594 802 2628 secrevit
835 2593 1024 2640 Vssinqius
1117 2598 1159 2630 44
1184 2596 1261 2641 quis
1286 2598 1337 2642 cf.
1363 2595 1472 2633 Most.
1498 2600 1586 2633 1040
1678 2602 1720 2634 45
1737 2600 1853 2635 archi-

195 2648 327 2681 tectust
344 2646 495 2690 Parens,
519 2649 720 2685 hominibus
738 2649 948 2693 Palnwrus;
969 2651 1033 2686 sed
1056 2657 1088 2686 et
1107 2653 1266 2688 orationi
1288 2657 1322 2688 et
1345 2655 1542 2690 sententiae
1558 2655 1655 2691 deest
1672 2657 1854 2692 concinni-

195 2707 260 2737 tas.
303 2703 389 2738 talia
408 2705 685 2741 interciderunt:
709 2708 799 2751 <uos
815 2706 983 2742 fiorentes
1008 2708 1142 2752 fecerit,
1169 2710 1312 2754 populis
1329 2720 1447 2746 rerum
1464 2712 1642 2755 omnium>
1734 2716 1777 2748 46
1801 2715 1853 2760 cf.

193 2757 305 2793 Mero.
323 2761 410 2802 513‚·
442 2759 537 2796 Men.
564 2764 650 2804 750;
683 2763 746 2798 sed
777 2773 852 2798 mos
886 2774 1036 2809 nequam
1066 2764 1116 2798 illi
1147 2765 1215 2806 (vel
1245 2766 1318 2808 ille)
1348 2766 1418 2802 fuit
1441 2768 1535 2812 patri
1557 2778 1751 2814 numquam
1775 2781 1852 2807 meo

197 2813 407 2850 Redslobe’us
423 2817 466 2852 N.
479 2817 574 2863 phil.
592 2818 761 2854 rundsclz.
782 2820 879 2861 1892,
896 2822 919 2854 6·
1017 2823 1058 2854 47
1085 2822 1299 2866 exprobaret
1318 2822 1351 2857 B
1443 2827 1487 2860 49
1510 2824 1596 2860 fecit

1895 454 1934 487 25

1893 794 1931 826 30

1891 1133 1928 1166 35

1889 1472 1928 1505 40

1887 1817 1926 1850 45
