1998 3179
101 71 145 98 ΠΙ
156 72 183 106 3,
202 72 286 100 5—35
798 70 1070 107 BACOHIDES
1676 71 1755 109 145

99 185 229 225 minus
260 185 530 232 mirandumst,
561 185 669 225 illaec
700 191 802 225 aetas
832 186 862 225 si
894 186 987 236 quid
1016 186 1171 225 illorum
1203 185 1305 233 facit,

100 264 213 303 quam
246 252 277 292 si
308 265 387 291 non
420 253 546 291 faciat.
598 254 670 292 feci
700 256 772 304 ego
803 253 919 292 istaec
949 253 1079 292 itidem
1111 253 1149 292 in
1181 253 1455 292 adulescentia.
1764 259 1822 292 410

98 320 207 359 LYD.
256 320 301 359 Ei
333 320 438 367 mihi,
470 321 504 360 ei
535 321 641 368 mihi,
672 321 790 360 istaec
821 321 928 359 illum
960 320 1127 372 perdidit
1156 321 1377 360 assentatio.

100 399 187 426 nam
219 386 366 437 absque
395 392 432 424 te
462 391 574 432 esset,
606 387 676 436 ego
707 385 815 423 illum
845 384 1028 424 haberem
1059 390 1207 424 rectum
1239 385 1284 424 ad
1315 385 1515 436 ingenium
1547 384 1716 425 bonum:

99 466 206 493 nunc
235 460 398 505 propter
427 458 464 491 te
494 458 677 502 tuamque
708 464 847 503 pravos
877 453 999 491 sactus
1031 458 1089 491 est
1118 452 1298 491 fiduciam

97 521 344 561 Pistoclerus.
403 520 539 559 MNEs.
584 519 629 558 Di
660 518 911 565 immortales,
943 531 1072 558 meum
1102 519 1271 558 sodalem
1303 519 1364 558 hic
1397 519 1583 558 nominat.

97 588 189 639 quid
219 589 293 627 hoc
324 588 455 638 negoti
486 593 555 633 est,
588 586 841 625 Pistoclerum
873 586 1002 637 Lydus
1033 586 1136 636 quod
1169 598 1279 625 erum
1310 593 1387 625 tam
1419 585 1524 625 ciet?
1761 599 1818 632 415

95 656 216 696 PmL.
266 655 476 706 Paulisper,
510 654 626 706 Lyde,
658 661 716 692 est
746 653 862 692 libido
894 653 1043 692 homini
1075 666 1145 692 suo
1176 653 1307 692 animo
1339 654 1523 704 obsequi3

94 724 169 762 iam
199 723 321 762 aderit
350 728 516 773 tempus,
547 733 635 760 cum
666 733 751 760 sese
781 721 897 759 etiam
928 721 1010 771 ipse
1042 721 1178 759 oderit.
1225 733 1373 759 morem
1403 733 1535 772 geras3

94 791 184 829 dum
217 795 405 833 caveatur,
436 794 592 840 praeter
622 800 786 838 aequom
820 801 868 827 ne
901 788 993 838 quid
1023 787 1236 839 delinquat,
1267 788 1364 827 sine.

92 859 201 899 LYD.
250 857 335 896 Non
368 856 466 903 sino,
500 868 627 907 neque
659 855 838 907 equidem
869 855 979 894 illum
1009 868 1071 894 me
1102 856 1185 894 vivo
1217 856 1417 907 corrumpi
1449 855 1586 895 sinam.

92 925 156 964 sed
188 930 244 972 tu,
276 924 342 975 qui
372 936 444 975 pro
476 929 552 962 tam
584 931 769 974 corrupto
801 923 897 962 dicis
929 935 1084 962 causam
1116 923 1207 970 filio,
1759 936 1817 969 420

92 993 277 1032 eademne
309 997 389 1030 erat
420 991 512 1030 baec
543 991 746 1042 disciplina
775 990 857 1038 tibi,
890 1003 979 1030 cum
1010 997 1052 1030 tu
1084 991 1312 1031 adulescens
1343 990 1458 1030 eras?

93 1072 191 1111 nego
222 1059 291 1099 tibi
321 1060 396 1099 hoc
427 1060 541 1099 annis
572 1059 707 1110 viginti
738 1059 857 1099 fuisse
889 1059 1025 1111 primis
1057 1060 1206 1111 copiae,

89 1127 251 1179 digitum
282 1128 398 1179 longe
430 1140 450 1166 a
481 1127 704 1178 paedagogo
736 1127 873 1178 pedem
905 1133 947 1166 ut
977 1128 1138 1166 efferres
1167 1126 1338 1166 aedibus.

89 1201 177 1234 ante
209 1195 328 1234 solem
361 1195 600 1234 exorientem
634 1195 707 1233 nisi
739 1194 777 1233 in
809 1194 1038 1246 palaestram
1070 1207 1244 1241 veneras,

88 1263 263 1314 gymnasi
293 1263 490 1314 praefecto
521 1263 623 1301 haud
654 1262 858 1301 mediocris
889 1275 1037 1314 poenas
1066 1263 1272 1314 penderes.
1757 1273 1815 1305 425

87 1330 125 1369 id
157 1342 275 1381 quom
306 1330 510 1381 optigerat,
541 1331 615 1369 hoc
646 1330 758 1368 etiam
790 1330 836 1368 ad
868 1330 1010 1369 malum
1042 1330 1314 1369 accersebatur
1344 1330 1506 1370 malum:

88 1404 126 1436 et
155 1397 368 1449 discipulus
399 1404 438 1436 et
468 1397 650 1448 magister
680 1396 990 1448 perhibebantur
1021 1397 1203 1448 improbi.

87 1464 140 1503 ibi
172 1477 288 1504 cursu
318 1465 501 1503 luctando
533 1465 640 1503 hasta
672 1464 777 1503 disco
810 1464 983 1516 pugilatu
1014 1465 1090 1516 pila

86 1532 258 1572 saliendo
289 1544 373 1572 sese
405 1531 641 1571 exercebant
671 1532 791 1582 magis
823 1543 938 1582 quam
969 1538 1099 1571 scorto
1131 1538 1196 1571 aut
1226 1532 1359 1571 saviis:

86 1600 140 1639 ibi
170 1612 279 1639 suam
309 1605 474 1638 aetatem
505 1599 779 1646 extendebant,
811 1612 891 1638 non
925 1600 963 1638 in
997 1599 1201 1639 latebrosis
1232 1600 1338 1639 locis.
1757 1611 1814 1643 430

86 1668 176 1707 inde
206 1669 253 1707 de
284 1668 543 1719 hippodromo
576 1673 613 1707 et
643 1667 831 1719 palaestra
863 1667 929 1706 ubi
960 1668 1175 1707 revenisses
1205 1668 1377 1715 domum,

86 1735 295 1774 cincticulo
325 1735 577 1786 praecinctus
607 1735 644 1774 in
679 1735 770 1774 sella
802 1736 902 1787 apud
934 1735 1162 1786 magistrum
1195 1735 1390 1775 adsideres

87 1815 175 1842 cum
206 1802 326 1842 libro:
360 1815 449 1841 cum
480 1802 644 1854 legeres,
675 1803 707 1841 si
739 1814 855 1841 unam
888 1803 1127 1854 peccavisses
1163 1802 1361 1854 syllabam,

86 1871 197 1909 fieret
226 1870 376 1909 corium
407 1876 485 1909 tam
516 1870 756 1910 maculosum
789 1882 905 1921 quam
935 1877 994 1910 est
1025 1871 1187 1910 nutricis
1217 1871 1389 1922 pallium.

85 1938 222 1980 MNEs.
271 1938 437 1990 Propter
466 1951 529 1977 me
559 1938 656 1977 haec
686 1951 793 1977 nunc
823 1951 910 1977 meo
941 1938 1062 1977 sodali
1094 1939 1167 1977 dici
1199 1938 1415 1978 discrucior
1446 1939 1582 1987 miser;
1756 1948 1813 1979 435

86 2006 278 2045 innocens
308 2006 571 2057 suspicionem
602 2006 704 2045 hanc
734 2006 901 2046 sustinet
932 2018 1047 2046 causa
1078 2018 1173 2045 mea.

84 2073 206 2113 PHIL.
255 2073 341 2121 Alii,
373 2073 491 2125 Lyde,
524 2086 630 2112 nunc
661 2080 753 2113 sunt
782 2086 923 2112 mores.
982 2073 1092 2114 LYD.
1143 2073 1183 2112 ld
1215 2073 1393 2125 equidem
1425 2085 1497 2124 ego
1520 2079 1626 2112 certo
1648 2072 1742 2113 scio.

86 2153 174 2179 nam
205 2140 296 2180 olim
327 2141 462 2192 populi
492 2141 601 2192 prius
631 2141 822 2180 honorem
854 2140 1034 2192 capiebat
1063 2142 1260 2193 suffragio,

85 2220 199 2258 quam
229 2208 413 2260 magistro
444 2207 646 2248 desinebat
676 2221 758 2248 csse
789 2209 892 2248 dicto
924 2208 1159 2260 oboediens3

197 2375 258 2407 411
276 2373 369 2418 fort.
386 2373 583 2409 assentatio
596 2373 710 2409 istaec
722 2373 821 2408 illum
834 2374 1003 2418 perdidit,
1021 2377 1117 2408 certe
1122 2374 1294 2419 perfecto
1308 2384 1401 2419 opus
1413 2378 1465 2410 est
1556 2378 1620 2409 415
1638 2374 1742 2420 quid:

85 2428 180 2472 quod
204 2427 266 2464 CD
376 2430 467 2474 fort.
491 2440 552 2465 ero
668 2433 730 2465 417
757 2441 840 2474 qum
868 2430 900 2465 Β
1013 2440 1141 2475 gerans
1168 2430 1217 2465 B¹
1327 2433 1392 2465 418
1418 2441 1521 2475 equm
1546 2431 1592 2472 B,
1618 2442 1744 2476 equum

88 2483 147 2519 CD
237 2487 300 2520 421
328 2497 410 2530 qum
434 2486 481 2528 B,
506 2487 592 2531 quin
617 2486 650 2521 D
758 2489 822 2520 422
847 2487 938 2522 haec
965 2486 1009 2528 B,
1033 2489 1100 2522 hec
1120 2486 1191 2528 CD,
1217 2497 1310 2522 corr.
1333 2486 1477 2522 Merula
1569 2490 1634 2522 425
1658 2498 1745 2533 poe-

85 2549 151 2574 nas
174 2541 272 2576 haud
293 2542 484 2578 mediocris
508 2542 727 2578 Ritsclzelius
864 2545 930 2577 426
958 2554 1065 2588 quom
1090 2542 1266 2578 Botlzz'us:
1298 2543 1382 2588 quoi
1407 2543 1453 2586 B,
1479 2543 1562 2587 quio
1587 2542 1647 2587 12¹,
1672 2554 1742 2589 quo

89 2594 165 2629 092
254 2599 317 2631 427
343 2597 521 2643 dicipulus
547 2598 598 2633 B¹
689 2609 720 2634 v.
738 2599 824 2634 426.
850 2600 928 2633 427
948 2600 1013 2644 qui
1039 2604 1123 2645 post
1146 2610 1175 2634 υ.
1194 2600 1270 2634 423
1293 2603 1440 2646 ponunt
1468 2600 1633 2635 vitiosum
1664 2601 1745 2636 red—

86 2650 175 2685 dunt
198 2652 374 2698 optigerat
397 2657 440 2696 (v.
473 2654 697 2701 Vssinqius„
720 2666 827 2700 quam
845 2659 929 2701 apte
944 2666 1010 2690 suo
1029 2655 1107 2690 loco
1130 2656 1300 2701 leqautur
1323 2656 1489 2691 ostendat
1512 2655 1640 2702 Eurip.
1666 2656 1743 2692 Alc.

87 2708 168 2742 557.
190 2709 272 2750 959,
297 2708 432 2745 Phoen.
452 2712 499 2745 94
594 2713 658 2746 428
683 2714 763 2746 asta
785 2711 848 2746 BC
935 2711 1124 2756 pugillatu,
1150 2711 1200 2756 cf.
1234 2711 1415 2747 Vahlenus
1439 2711 1489 2747 ad
1514 2712 1583 2747 Cic.
1608 2711 1652 2747 de
1675 2712 1744 2758 leq.

82 2774 121 2809 p.
139 2764 207 2797 118
320 2767 384 2799 433
416 2776 497 2801 cum
526 2767 618 2802 libro
644 2777 725 2802 cum
748 2766 807 2801 L:
832 2777 912 2802 cum
942 2767 1072 2802 librum
1187 2768 1414 2812 peccauisset
1439 2767 1558 2803 B¹DC
1646 2768 1744 2804 silla—

87 2818 168 2854 bam
259 2822 325 2855 434
348 2820 451 2857 fleret
476 2822 535 2858 CD
628 2826 693 2858 438
719 2823 911 2868 capiebant

154 2885 277 2914 Plautus
294 2887 317 2915 I.
1433 2883 1472 2915 10
