1998 3179
95 106 139 134 IV
153 107 178 140 2,
197 107 297 135 67—93
829 106 1022 142 CAPTIVI
1671 109 1693 144 2
1700 108 1718 144 1
1727 107 1750 144 3

95 229 119 261 -1-
151 221 314 259 laridum
345 226 462 271 atque
493 220 627 272 epulas
657 221 778 260 foveri
809 221 947 260 foculis
978 220 1244 260 serventibus?

97 288 211 327 alium
243 288 369 339 pisces
400 289 680 340 praestinatum
712 288 846 328 abire?
905 289 1020 330 HEG.
1071 289 1142 328 Hic
1172 289 1335 339 vigilans
1369 289 1549 328 somniat.

95 356 201 396 ERG.
252 355 378 394 Alium
409 356 612 407 porcinam
643 362 757 407 atque
789 356 970 407 agninam
1003 362 1040 395 et
1070 356 1197 407 pullos
1228 355 1492 406 gallinaceos?

95 423 209 462 ΗΕΘ.
259 423 342 462 Scis
372 423 474 462 hene
495 436 589 470 esse,
621 423 651 462 si
673 424 721 462 sit
745 424 861 462 unde.
921 424 1028 463 EBG.
1059 433 1084 464 -1-
1117 424 1282 462 Pernam
1315 430 1430 475 atque
1462 425 1749 476 ophthalmiam,
1763 430 1820 463 850

95 490 295 537 horaeum,
326 490 549 530 scombrum
581 497 617 529 et
646 497 856 542 trygonum
889 497 927 528 et
956 496 1099 537 cetum,
1130 497 1167 529 et
1198 491 1351 530 mollem
1383 491 1567 530 caseum?

95 558 209 597 ΗΕΘ.
258 558 491 597 Nominandi
522 558 685 597 istorum
714 558 784 596 tibi
816 557 889 596 erit
918 558 1040 608 magis
1071 570 1185 608 quam
1217 558 1360 597 edundi
1391 560 1501 610 copia

95 625 158 663 hic
188 626 289 676 apud
320 637 394 672 me,
425 625 611 675 Ergasile.
670 625 778 664 EBG.
828 624 939 663 Mean
971 636 1034 662 me
1065 637 1179 663 causa
1210 625 1285 664 hoc
1317 639 1453 665 censes
1483 627 1641 666 dicere?

94 692 208 732 HEG.
259 693 339 731 Nec
371 692 468 730 nihil
497 692 612 730 hodie
644 704 717 730 nec
748 691 869 730 multo
901 692 989 742 plus
1019 697 1062 730 tu
1092 692 1155 731 hic
1186 693 1289 739 edes,
1322 706 1371 732 ne
1401 695 1543 733 frustra
1574 694 1638 734 sis.

94 759 208 810 proin
241 764 280 798 tu
313 759 368 798 tui
400 759 598 797 cottidiani
630 759 717 797 victi
748 765 923 796 ventrem
955 759 1000 797 ad
1033 772 1093 797 me
1124 760 1274 798 afferas.
1764 767 1820 799 855

93 826 199 866 EBG.
242 826 344 872 Quin
377 826 428 864 ita
459 826 606 872 faciam,
638 832 680 864 ut
710 823 838 879 <tu>te
861 826 992 877 cupias
1023 827 1151 865 facere
1172 833 1385 878 sumptum,
1417 829 1487 867 etsi
1511 841 1583 879 ego
1613 835 1752 867 vetem.

93 894 149 932 H.
170 891 337 945 Egone?
371 894 420 934 E.
451 893 576 932 Tune.
618 894 674 933 H.
697 894 795 931 Tum
819 900 858 931 tu
882 894 933 932 mi
950 893 1067 944 igitur
1088 907 1176 933 erus
1194 907 1246 934 es.
1293 896 1340 935 E.
1362 895 1485 934 Immo
1503 896 1753 936 benevolens.

93 961 156 999 vin
188 966 224 999 te
256 960 390 999 faciam
422 959 694 1000 fortunatum?
753 961 868 1001 Hm.
919 961 1045 1000 Malim
1079 974 1192 1012 quam
1225 963 1410 1002 miserum
1443 964 1611 1014 quidem.

93 1028 140 1068 E.
173 1027 274 1066 Cedo
293 1040 464 1067 manum.
505 1029 560 1068 H.
592 1028 662 1067 Em
686 1041 855 1068 manum.
898 1029 944 1069 E.
969 1029 1013 1067 Di
1032 1035 1066 1067 te
1086 1042 1221 1069 omnes
1237 1030 1430 1070 adiuvant.
1462 1031 1518 1072 H.
1538 1032 1600 1071 Nil
1614 1032 1752 1071 sentio.

93 1095 199 1135 EBG.
249 1095 334 1134 Non
368 1096 473 1134 enim
505 1109 544 1135 es
576 1096 614 1134 in
647 1096 850 1141 senticelo,
884 1109 928 1135 eo
961 1109 1040 1135 non
1073 1098 1207 1136 sentis.
1240 1098 1305 1137 sed
1337 1098 1427 1137 iube
1765 1104 1824 1137 866

92 1175 178 1201 vasa
209 1162 279 1201 tibi
310 1175 407 1214 pura
439 1163 617 1214 apparari
649 1163 693 1201 ad
727 1176 809 1202 rem
841 1164 1008 1202 divinam
1041 1165 1130 1211 cito,

93 1236 207 1281 atque
230 1242 371 1280 agnum
396 1231 525 1269 afferri
547 1230 750 1282 proprium
774 1231 972 1282 pinguem.
1024 1231 1138 1272 Hm.
1171 1230 1278 1270 Cur?
1327 1233 1434 1273 ERG.
1468 1234 1512 1273 Vt
1534 1236 1754 1275 sacrufices.

92 1297 148 1338 H.
181 1298 249 1337 Cui
272 1297 462 1337 deorum?
511 1299 558 1338 E.
590 1298 639 1336 Mi
661 1298 805 1345 hercle,
839 1310 927 1337 nam
949 1301 1020 1348 ego
1044 1312 1150 1338 nunc
1172 1299 1241 1338 tibi
1263 1312 1349 1338 sum
1370 1313 1546 1341 summus
1567 1302 1754 1355 Iuppiter,

92 1365 192 1404 idem
225 1377 295 1415 ego
327 1378 414 1404 sum
446 1365 567 1411 Salus,
600 1365 786 1410 Fortuna,
820 1366 916 1418 Lux,
948 1366 1120 1413 Laetitia,
1154 1366 1356 1406 Gaudium.

92 1433 205 1484 proin
238 1439 277 1472 tu
312 1434 426 1472 deum
458 1433 563 1472 hunc
595 1433 794 1471 saturitate
828 1434 944 1472 facias
975 1434 1227 1484 tranquillum
1266 1434 1347 1473 tibi.
1766 1442 1822 1475 865

92 1500 206 1541 Hm.
255 1500 415 1539 Esurire
447 1500 540 1538 mihi
572 1500 715 1538 videre.
774 1500 883 1540 Ena.
935 1501 986 1539 Mi
1018 1501 1175 1551 quidem
1206 1502 1347 1548 esurio,
1381 1516 1460 1542 non
1492 1503 1575 1542 tibi.

91 1566 205 1607 ΗΕΘ.
253 1567 338 1606 Tuo
369 1566 572 1613 arbitratu,
604 1567 714 1605 facile
746 1567 884 1618 patior.
944 1568 1053 1608 ERG.
1104 1568 1242 1615 Credo,
1275 1569 1500 1610 consuetu's
1531 1584 1640 1623 puer.

92 1634 204 1674 HEG.
244 1633 420 1686 Iuppiter
448 1639 486 1673 te
512 1635 628 1684 dique
650 1635 827 1685 perdant.
878 1635 926 1674 E.
967 1635 1020 1673 Te
1044 1635 1172 1674 hercle
1193 1659 1246 1664 ——
1269 1637 1320 1675 mi
1343 1649 1509 1687 aequom
1535 1646 1593 1678 est
1613 1640 1754 1690 gratias

91 1713 204 1752 agere
235 1701 284 1740 ob
318 1701 521 1750 nuntium;
554 1707 702 1740 tantum
737 1714 809 1753 ego
841 1715 948 1741 nunc
979 1709 1093 1754 porto
1127 1716 1145 1742 a
1178 1710 1294 1755 portu
1326 1704 1395 1743 tibi
1427 1705 1541 1745 boni:

93 1781 199 1808 nunc
229 1775 270 1808 tu
299 1769 393 1808 mihi
423 1769 566 1821 places.
626 1770 742 1810 Hm.
793 1770 876 1816 Abi,
908 1770 1075 1817 stultu's,
1107 1783 1194 1810 sero
1226 1777 1315 1822 post
1345 1779 1499 1824 tempus
1529 1775 1648 1815 venis.
1764 1782 1821 1814 870

90 1838 196 1877 ERG.
245 1836 368 1888 Igitur
398 1837 488 1876 olim
521 1837 552 1877 si
583 1838 835 1885 advenissem,
866 1838 988 1889 magis
1018 1844 1061 1877 tu
1092 1845 1172 1877 tum
1206 1839 1306 1878 istuc
1336 1839 1508 1889 diceres3

91 1917 197 1944 nunc
227 1905 328 1944 hanc
358 1905 540 1944 laetitiam
572 1905 706 1957 accipe
737 1918 756 1944 a
788 1918 861 1952 me,
894 1918 1008 1956 quam
1044 1907 1141 1945 fero.
1188 1919 1275 1945 nam
1307 1907 1427 1947 filium

92 1979 197 2011 tuom
229 1973 344 2011 modo
376 1973 416 2012 in
447 1979 563 2025 portu
594 1974 904 2024 Philopolemum
938 1974 1073 2020 vivom,
1105 1974 1248 2014 salvom
1282 1982 1319 2014 et
1349 1977 1534 2027 sospitem

205 2074 269 2106 847
293 2072 480 2107 lammam
498 2073 541 2115 (ri
564 2080 670 2114 erus.)
693 2073 735 2114 B,
760 2073 958 2108 laridarum
978 2073 1012 2107 E
1100 2075 1253 2110 laridum
1278 2078 1386 2120 atque
1410 2077 1538 2121 epulae
1561 2089 1634 2113 non
1659 2084 1755 2116 recte

91 2131 374 2174 componuntur,·
402 2128 556 2163 laridum
590 2139 633 2163 ac
663 2140 794 2174 pernas
819 2128 1021 2164 Sclzoellius
1045 2130 1107 2175 (cf.
1137 2132 1222 2165 903.
1251 2132 1358 2173 9073,-
1390 2133 1453 2166 sed
1475 2133 1560 2169 illae
1583 2145 1655 2169 non
1682 2140 1753 2170 tam

89 2189 185 2219 recte
219 2184 388 2219 dicuntur
421 2186 544 2229 foveri
574 2186 605 2230 f.
630 2185 660 2231 f.
687 2196 794 2231 quam
826 2186 966 2231 epulae.
1014 2197 1152 2221 versum
1185 2187 1409 2223 intercidisse
1439 2190 1576 2225 conicio
1612 2192 1753 2236 qualem

89 2240 236 2285 <pernas
261 2241 406 2276 detrudi
422 2242 633 2286 pendentes,
658 2242 911 2287 praetruncari
932 2243 1139 2287 tegoribus>
1163 2243 1317 2278 laridum
1410 2248 1474 2279 849
1499 2246 1588 2280 mire
1609 2249 1754 2292 positus

90 2296 183 2331 inter
205 2297 324 2342 pisces
340 2302 376 2332 et
389 2298 542 2343 piscium
567 2309 712 2344 ymera,
737 2298 800 2332 sed
816 2299 895 2333 loco
913 2299 1049 2334 moveri
1073 2300 1198 2344 nequit
1290 2302 1352 2335 850
1379 2312 1513 2346 pernae
1538 2303 1635 2337 domi
1657 2309 1752 2347 sunt,

83 2352 186 2398 pisce
209 2363 301 2399 opus
324 2356 379 2389 est
401 2355 570 2399 (peream,
594 2365 812 2398 muraenam,
839 2355 1012 2400 sepiolam
1039 2355 1236 2402 eleqerunt)
1364 2359 1586 2402 ophthalmia
1700 2362 1751 2406 cf.

90 2408 232 2444 oculata
254 2408 349 2444 Ptin.
376 2411 437 2452 32,
460 2411 532 2445 149
636 2413 695 2445 851
725 2408 770 2447 τὰ
797 2413 932 2458 ταρίχη
956 2416 1136 2447 recensel:
1161 2408 1318 2458 ὡραῖον,
1344 2411 1554 2460 σκάιιβρον,
1577 2413 1753 2453 θύννειον

89 2463 214 2501 Athen.
240 2466 274 2507 3,
297 2467 396 2500 120ε
408 2477 463 2512 sq.
556 2468 722 2512 horreum
756 2467 797 2509 V,
821 2469 989 2503 horreum
1016 2467 1051 2503 E
1147 2469 1344 2513 trigonum3
1375 2471 1558 2515 trygonem
1583 2471 1752 2515 Bantius,

89 2524 197 2565 atque
219 2521 312 2556 mira
331 2526 386 2557 est
400 2522 516 2557 media
537 2523 720 2569 producta
814 2527 877 2559 855
895 2525 949 2559 tui
967 2527 1008 2560 tu
1026 2523 1242 2559 Priscianus
1260 2526 1292 2566 1,
1317 2527 1396 2560 258
1488 2527 1672 2563 coetitiani
1690 2530 1753 2574 (ex

90 2575 217 2614 cott.?)
241 2576 288 2618 B,
313 2578 530 2622 quottidIani
556 2578 600 2621 Ε,
626 2580 798 2614 cotidiani
832 2580 872 2621 V,
900 2579 1011 2615 Prisc.
1112 2580 1255 2615 Nonius
1279 2583 1355 2616 484
1381 2586 1419 2623 (s.
1444 2583 1532 2618 uicti
1557 2588 1599 2618 ut
1622 2584 1751 2628 Prisc.)

88 2642 153 2676 pro
177 2632 266 2668 uicti
290 2634 491 2678 quotidiani
515 2639 677 2671 uentrem
702 2637 749 2671 ad
773 2647 829 2671 me
846 2636 990 2672 adferas
1084 2640 1147 2671 856
1173 2638 1253 2682 (tu)
1276 2638 1460 2673 Bentleius
1552 2642 1618 2675 859
1644 2642 1750 2678 credo

99 2686 166 2722 VE
282 2691 457 2726 adiuumt
481 2692 528 2734 B,
551 2693 727 2729 adiuuent
760 2692 789 2727 V
792 2692 828 2727 E
940 2696 1004 2728 862
1029 2694 1216 2739 proprium
1241 2694 1446 2729 vindicatur
1470 2697 1562 2731 actis
1585 2696 1752 2733 ludorum

89 2744 326 2780 saecularium
350 2758 380 2782 v.
399 2748 473 2782 103
485 2759 551 2793 sq„
576 2749 627 2793 cf.
654 2748 895 2784 Mommsenus
919 2754 953 2784 et
969 2748 1172 2784 Schoellz'us
1197 2749 1332 2796 ephem.
1355 2752 1470 2796 epiqr.
1492 2753 1527 2793 8,
1552 2754 1636 2787 261.
1659 2754 1752 2797 sort.

90 2800 198 2842 (tibi)
215 2801 335 2837 afferri
428 2807 493 2839 864
509 2805 681 2840 fortunax
705 2805 774 2841 VE
863 2808 927 2840 865
946 2806 1068 2840 diuum
1087 2806 1243 2841 Bollu'us
1333 2809 1397 2841 866
1415 2808 1577 2852 equidem
1595 2809 1751 2852 Merula,

87 2856 177 2901 fort.
195 2858 386 2903 miquidem
410 2865 578 2908 correpta
597 2862 722 2908 prima
816 2864 878 2897 867
904 2862 948 2897 H.
973 2883 1018 2887 —
1042 2862 1087 2898 E.
1108 2861 1282 2908 Pylades:
1307 2863 1352 2898 H.
1379 2868 1463 2899 unte
1487 2865 1594 2903 credo
