2003 3199
699 633 1031 666 ARGVMENTVM
1066 634 1082 664 I

387 742 431 781 In
463 743 599 781 faciem
631 754 765 780 versus
795 741 1092 792 Amphitruonis
1122 740 1312 792 Iuppiter,

275 811 368 850 dum
401 809 544 850 bellum
577 816 731 861 gereret
761 822 848 848 cum
882 808 1064 848 Telobois
1095 808 1283 855 hostibus,

272 878 501 917 Alcmenam
534 890 697 916 uxorem
728 877 830 928 cepit
860 877 1090 916 usurariam.

273 945 489 984 Mercurius
520 946 683 984 formam
717 944 850 983 Sosiae
880 944 980 983 servi
1011 944 1111 993 gerit

272 1013 465 1052 absentis:
497 1014 557 1052 his
587 1013 771 1052 Alcmena
802 1012 995 1063 decipitur
1025 1012 1135 1050 dolis.
1751 1019 1769 1049 5

269 1087 475 1131 postquam
507 1081 657 1119 rediere
687 1080 765 1119 veri
795 1079 1027 1130 Amphitruo
1059 1086 1096 1117 et
1127 1079 1248 1127 Sosia,

273 1155 438 1199 uterque
469 1148 708 1187 deluduntur
738 1148 776 1186 in
810 1148 953 1186 mirum
983 1147 1154 1185 modum.

272 1217 366 1255 hinc
398 1216 580 1266 iurgium,
612 1215 802 1254 tumultus
831 1215 945 1253 uxori
976 1221 1014 1253 et
1044 1214 1138 1261 viro,

273 1284 401 1322 donec
432 1296 519 1322 cum
551 1284 700 1322 tonitru
730 1295 824 1321 voce
854 1283 968 1321 missa
1002 1294 1047 1320 ex
1078 1282 1233 1320 aethere

274 1350 492 1389 adulterum
524 1363 565 1389 se
596 1350 772 1401 Iuppiter
801 1350 1006 1388 confessus
1037 1356 1105 1388 est.
1753 1358 1789 1391 10

691 1532 1028 1565 ARGVMENTVM
1065 1533 1100 1563 ΙΙ

268 1641 412 1683 Amore
443 1648 579 1692 captus
609 1642 841 1680 Alcumenas
872 1641 1048 1692 Iuppiter

270 1708 430 1751 Mutavit
458 1722 543 1748 sese
574 1710 612 1748 in
646 1711 808 1747 sormam
840 1709 923 1748 eius
955 1709 1144 1759 coniugis,

269 1775 343 1818 Pro
376 1777 497 1827 patria
536 1777 768 1828 Amphitruo
800 1778 892 1815 dum
924 1776 1099 1815 decernit
1130 1789 1218 1815 cum
1249 1776 1438 1816 hostibus.

268 1843 407 1886 Habitu
439 1845 654 1884 Mercurius
684 1845 717 1883 ei
748 1844 939 1884 subservit
970 1845 1112 1886 Sosiae,

269 1910 300 1954 ls
330 1913 571 1951 advenientis
601 1925 753 1951 servum
786 1925 829 1951 ac
861 1913 1061 1951 dominum
1095 1914 1236 1951 frustra
1267 1913 1395 1951 hahet.

265 1979 417 2022 Turbas
449 1981 558 2019 uxori
590 1981 666 2019 ciet
695 1980 941 2032 Amphitruo,
974 1987 1089 2030 atque
1120 1981 1287 2019 invicem

267 2045 434 2099 Raptant
463 2061 534 2099 pro
567 2049 750 2087 moechis.
811 2048 1000 2099 Blepharo
1035 2054 1169 2099 captus
1200 2049 1345 2087 arbiter

265 2113 354 2156 Vter
384 2116 434 2155 sit
465 2129 545 2154 non
578 2117 661 2167 quit
691 2116 922 2167 Amphitruo
953 2116 1179 2154 decernere.

267 2180 430 2225 Omnem
463 2196 544 2222 rem
577 2190 758 2222 noscunt.
819 2184 996 2233 geminos
1027 2184 1239 2222 Alcumena
1273 2184 1446 2222 enititur.
1477 2194 1502 2225 ἦ·

175 2314 319 2340 INCIPIT
343 2314 550 2340 PROLOGVS
575 2315 616 2339 m
639 2315 937 2340 AiuPffl'rmoxEM
962 2315 1100 2340 PLAVTI
1125 2315 1249 2353 ΡΟΕΤΕΞ
1273 2305 1319 2345 Β,
1348 2318 1417 2340 0111.
1442 2306 1513 2341 DE

179 2365 191 2395 1
220 2363 470 2406 amphitrionis
500 2361 580 2404 BD,
612 2363 868 2407 amphytrionis
895 2361 939 2403 E,
970 2366 1005 2397 et
1035 2362 1088 2397 sic
1115 2363 1329 2408 plerumque
1346 2362 1525 2403 (Loemz'us
1549 2362 1718 2398 Goetzius

60 2418 185 2463 praef.
218 2418 307 2460 VII)
423 2421 441 2451 2
467 2418 662 2462 thelobois3
687 2419 740 2454 sic
763 2419 819 2453 vel
843 2419 951 2453 telob.
977 2418 1108 2463 ubique
1134 2418 1212 2459 DE,
1238 2419 1342 2454 teleb.
1372 2419 1405 2453 B
1430 2431 1460 2454 v.
1487 2421 1562 2452 414.
1588 2421 1654 2454 418

64 2478 81 2506 3
100 2474 333 2516 alcumenam,
352 2478 371 2509 5
389 2475 596 2518 alcumena3
620 2476 712 2519 fort.
731 2485 749 2509 e
767 2476 946 2521 corripuit
962 2474 1190 2520 (Vssz'uqius)
1285 2479 1301 2508 Τ
1320 2475 1538 2510 deluduntur
1556 2488 1590 2512 ςι
1617 2475 1715 2510 delu-

63 2530 195 2565 duntur
220 2531 308 2566 dolis
401 2531 575 2565 immirum
600 2531 674 2566 DE

173 2596 397 2622 AMPfflTmo.
421 2596 691 2622 ARGVMENTVM
712 2588 744 2622 B
840 2591 854 2623 1
874 2589 1080 2622 alcumenae
1103 2587 1168 2627 D²;
1192 2588 1242 2632 cf.
1262 2598 1291 2622 v.
1306 2589 1382 2622 436.
1400 2589 1467 2621 872
1565 2593 1583 2621 3
1602 2589 1717 2623 cernit

62 2642 186 2677 B¹DE
301 2647 319 2678 8
346 2644 395 2688 cf.
421 2646 494 2688 [να.
516 2645 557 2677 19
671 2648 690 2678 9
716 2645 918 2679 alcumena:
945 2645 1006 2678 illa
1035 2643 1188 2678 Rothius

1399 2893 1440 2925 l*
