2018 3183
254 72 337 111 346
993 71 1171 107 PLAvn
1737 74 1751 102 1
1769 73 1795 107 1.
1808 52 1915 115 ist-58

252 188 290 228 id
323 187 419 227 adeo
451 194 657 239 argentum
687 186 735 226 ab
766 187 915 226 danista
946 186 1047 239 apud
1079 186 1233 226 Thebas
1263 187 1428 239 sumpsit
1457 187 1630 234 faenore,

252 256 291 296 in
328 255 410 295 dies
440 256 643 306 minasque
673 245 1028 306 argenti-singulas
1060 255 1243 294 nummis.
1302 255 1377 295 ΕΡ.
1429 254 1568 306 Papae.

250 324 328 364 ΤΗ.
378 313 428 362 Et
457 323 489 362 is
519 323 668 362 danista
698 322 852 362 advenit
883 335 961 361 una
992 325 1081 362 cum
1113 335 1172 371 eo,
1204 323 1270 374 qui
1301 328 1508 374 argentum
1540 323 1647 374 petit.
1942 330 1980 362 55
2016 365 2018 369 ,

250 391 325 431 ΕΡ.
376 391 422 429 Di
443 390 694 437 immortales,
725 396 768 429 ut
789 402 862 442 ego
884 390 1014 429 interii
1034 389 1204 430 basilice.
1264 391 1342 431 ΤΗ.
1393 390 1494 436 Quid
1517 389 1622 429 iam?
1643 397 1710 430 aut
1731 390 1822 442 quid
1845 397 1915 435 est,

364 456 554 510 Epidice?
611 458 686 499 ΕΡ.
737 457 908 497 Perdidit
1037 470 1110 497 me.
1170 458 1248 499 TH.
1299 456 1422 504 Quis?
1480 458 1554 499 ΕΡ.
1607 458 1674 498 Ille
1713 459 1778 510 qui
1816 470 1918 498 arma

1470 525 1650 579 perdidit.

250 594 329 635 ΤΗ.
361 593 457 633 Nam
481 594 572 645 quid
595 592 675 633 ita?
733 594 807 635 ΕΡ.
859 593 955 640 Quia
988 592 1145 633 cottidie
1177 594 1259 646 ipse
1290 594 1336 633 ad
1368 606 1430 633 me
1461 594 1509 633 ab
1542 594 1698 646 legione
1730 593 1918 646 epistulas

452 662 629 701 mittebat
659 685 710 690 —
742 663 808 702 sed
840 668 987 701 taceam
1019 668 1224 714 optumum
1256 668 1326 709 est,

363 731 451 782 plus
480 731 581 770 scire
610 730 748 770 satiust
778 743 894 782 quam
924 731 1031 782 loqui
1062 743 1214 770 servom
1245 731 1458 770 hominem.
1520 743 1562 769 ea
1591 729 1777 782 sapientia
1809 735 1878 769 est.
1940 736 1979 768 60

249 799 327 839 ΤΗ.
368 799 507 838 Nescio
530 798 668 851 edepol
690 799 782 851 quid
803 806 844 838 tu
866 799 1024 839 timidus
1045 812 1098 847 es,
1121 799 1304 851 trepidas,
1327 799 1499 851 Epidice,
1522 799 1573 838 ita
1590 798 1734 838 voltum
1757 804 1867 837 tuom
1892 806 1917 837 ἦ·

249 867 382 907 videor
412 867 541 907 videre
571 867 852 907 commeruisse
883 867 946 907 hic
976 880 1038 906 me
1070 867 1231 906 absente
1262 868 1301 906 in
1333 873 1370 906 te
1400 866 1544 918 aliquid
1576 867 1678 906 mali.

247 935 323 975 ΕΡ.
354 935 467 974 Potiu
487 938 531 974 ut
545 933 731 973 molestus
749 946 797 972 nc
813 930 914 972 sies?
944 932 1022 972 ΤΗ.
1052 931 1173 971 Abeo.
1217 932 1292 973 ΕΡ.
1324 932 1425 978 Asta,
1443 932 1550 971 abire
1567 932 1658 971 hinc
1677 944 1757 971 non
1778 931 1917 971 sinam.

247 1003 325 1043 ΤΗ.
377 1002 477 1049 Quid
502 1014 609 1041 nunc
629 1013 691 1040 me
713 999 888 1040 retines?
947 1000 1022 1041 ΕΡ.
1073 1001 1236 1039 Amatne
1267 1003 1379 1039 istam
1403 1012 1517 1050 quam
1545 1000 1639 1039 emit
1668 1000 1715 1039 de
1746 997 1918 1052 praeda?

1364 1068 1442 1108 ΤΗ.
1493 1065 1648 1119 Rogas?

248 1138 413 1190 deperit.
472 1138 547 1178 ΕΡ.
599 1137 810 1188 Detegetur
841 1137 989 1176 corium
1022 1137 1069 1175 de
1100 1142 1211 1188 tergo
1243 1149 1343 1175 meo.
1384 1145 1409 1177 ÷
1948 1143 1987 1175 65

248 1207 326 1247 ΤΗ.
377 1206 551 1257 Plusque
581 1211 683 1244 amat
713 1217 829 1256 quam
860 1211 899 1244 te
930 1217 1115 1256 umquam
1147 1204 1297 1243 amavit.
1356 1204 1431 1244 ΕΡ.
1481 1204 1657 1256 luppiter
1689 1210 1726 1242 te
1750 1202 1918 1255 perduit.

453 1274 532 1314 ΤΗ.
583 1273 691 1312 Mitte
723 1273 921 1319 nunciam,
1040 1285 1130 1312 nam
1161 1272 1225 1312 ille
1255 1285 1318 1312 me
1348 1272 1470 1312 vetuit
1499 1273 1657 1311 domum

455 1342 602 1389 venire,
634 1341 678 1380 ad
712 1341 988 1381 Chaeribulum
1020 1341 1134 1380 iussit
1164 1341 1241 1380 huc
1271 1341 1310 1380 in
1343 1353 1602 1392 proxumum;

249 1410 301 1449 ibi
335 1422 495 1449 manere
525 1410 649 1458 iussit,
681 1423 726 1449 eo
758 1416 963 1449 venturust
992 1409 1112 1461 ipsus.
1171 1409 1248 1450 ΕΡ.
1299 1409 1400 1455 Quid
1431 1407 1512 1448 ita?
1571 1408 1649 1449 ΤΗ.
1701 1407 1854 1448 Dicam:

249 1481 339 1529 quia
371 1483 520 1530 patrem
553 1477 661 1528 prius
693 1477 904 1516 convenire
935 1490 975 1517 se
1007 1490 1087 1517 non
1122 1477 1198 1516 volt
1229 1489 1359 1528 neque
1391 1476 1625 1529 conspicari,
1945 1485 1983 1517 70

249 1548 367 1596 quam
398 1544 436 1584 id
468 1550 687 1596 argentum,
719 1545 824 1596 quod
855 1544 1020 1584 debetur
1050 1557 1122 1596 pro
1154 1544 1230 1592 illa,
1262 1544 1588 1583 denumeraverit.

248 1613 322 1653 ΕΡ.
373 1612 432 1652 Eu
464 1613 602 1665 edepol
633 1625 697 1652 res
727 1612 987 1652 turbulentas.
1047 1612 1125 1652 ΤΗ.
1176 1611 1285 1651 Mitte
1316 1624 1377 1651 me
1409 1620 1451 1650 ut
1481 1624 1564 1651 eam
1598 1612 1794 1652 nunciam.

363 1773 405 1805 53
440 1770 592 1815 sumpsti
626 1769 694 1804 VE
807 1773 850 1804 54
880 1781 975 1815 pape
1006 1770 1057 1812 B,
1087 1781 1178 1815 eape
1211 1769 1242 1805 V
1243 1768 1280 1804 E
1394 1772 1434 1804 55
1460 1768 1538 1814 qui:
1569 1771 1679 1813 atque
1714 1767 1919 1815 Seyffertus

247 1827 404 1868 (Goetzii
421 1827 549 1873 praef.
566 1828 632 1870 22)
726 1829 768 1861 56
794 1826 854 1871 dei
871 1828 902 1862 A
994 1827 1162 1862 basilisce
1188 1825 1266 1867 VE,
1291 1825 1428 1861 balisce
1456 1825 1488 1859 B
1582 1827 1623 1859 57
1651 1835 1723 1860 non
1747 1824 1919 1861 reductus

247 1884 285 1919 in
309 1884 341 1918 A
432 1883 592 1929 perdidit
615 1894 731 1927 arma,
757 1893 852 1918 corr.
879 1881 1039 1929 Pylades
1132 1884 1174 1918 58
1198 1893 1282 1917 nam
1307 1883 1358 1917 A:
1381 1891 1468 1915 num
1494 1879 1528 1915 P
1618 1881 1751 1917 cotidie
1785 1880 1855 1917 VE

248 1940 422 1985 epistolas
515 1941 556 1973 59
573 1950 626 1985 sq.
651 1945 690 1974 ut
713 1950 828 1986 supra
852 1939 1014 1974 discribit
1031 1943 1074 1981 A,
1099 1939 1273 1975 Mittebat
1289 1938 1448 1983 —loqui
1469 1938 1474 1983 Ι
1495 1938 1647 1974 Servum
1671 1958 1714 1963 —-
1740 1948 1779 1973 es
1799 1939 1806 1983 1
1828 1938 1918 1974 Tre-

247 1997 353 2042 pidas
378 2016 421 2022 -
446 2006 571 2031 comm.
597 1998 661 2030 etc.
687 1995 722 2030 P
744 1996 808 2041 (cf.
835 1996 885 2031 ad
908 1997 958 2031 45
971 1999 1038 2043 sq.)
1132 1999 1174 2031 59
1201 1996 1385 2031 obtumum
1419 1994 1488 2029 VE
1577 1997 1620 2029 60
1646 1995 1760 2030 satius
1785 1997 1842 2030 est

250 2055 289 2087 61
318 2052 442 2087 nescio
468 2051 536 2096 ede
561 2072 604 2076 —
628 2053 736 2086 etiam
760 2054 791 2087 A
886 2053 990 2097 quid:
1016 2053 1113 2099 quod
1146 2052 1179 2088 V
1200 2058 1234 2088 et
1262 2056 1432 2098 sequente
1455 2062 1529 2086 ras.
1547 2052 1566 2085 1
1591 2051 1660 2086 litt.
1680 2051 1726 2090 B,
1752 2051 1813 2097 qui
1840 2050 1877 2086 E

248 2108 398 2143 timidus
423 2119 461 2144 es
483 2108 515 2142 Β
523 2120 536 2142 .·
559 2108 701 2143 timides
727 2108 768 2150 V,
795 2120 863 2145 om.
883 2109 926 2154 Ε,
951 2111 1004 2145 sic
1019 2120 1142 2146 versus
1161 2110 1229 2155 fit,·
1253 2108 1442 2144 delendum
1457 2108 1583 2154 potius
1599 2108 1772 2152 trepidas,
1791 2107 1919 2144 deinde

245 2165 340 2210 sort.
364 2164 403 2199 in
425 2164 526 2200 voltu
542 2167 604 2201 tuo
699 2167 741 2199 62
766 2165 918 2210 vide[o]r
941 2166 1106 2210 11111111·-
1129 2167 1238 2202 etiam
1256 2167 1310 2207 A,·
1333 2165 1384 2210 cf.
1405 2164 1454 2199 ad
1471 2164 1572 2200 Caro.
1589 2165 1670 2199 260
1763 2166 1804 2199 63
1826 2165 1918 2210 fort.

247 2223 359 2266 poten
382 2222 414 2256 A
492 2221 540 2256 sis
621 2224 722 2257 assta
746 2222 781 2256 B
862 2223 949 2257 huic
983 2221 1053 2257 VE'
1117 2223 1213 2258 inter
1238 2225 1281 2257 64
1305 2226 1340 2257 et
1369 2224 1411 2256 65
1436 2222 1474 2256 in
1498 2222 1529 2256 A
1555 2226 1627 2255 tres
1651 2231 1775 2256 versus
1797 2220 1920 2257 breves

246 2278 542 2320 intercesserunt,
574 2279 637 2324 qui
670 2278 741 2324 leqi
764 2283 968 2324 izequeunt;
992 2279 1137 2325 primus
1167 2278 1294 2314 ultima
1326 2277 1434 2314 verba
1466 2288 1591 2313 versus
1617 2277 1665 2312 64
1690 2278 1920 2313 continuasse

247 2334 390 2370 videtur
498 2337 540 2369 65
566 2335 678 2380 deper
701 2339 736 2370 et
760 2335 798 2370 in
819 2335 894 2379 fine
918 2345 1005 2379 —go
1030 2345 1109 2370 meo
1135 2341 1175 2369 ut
1199 2335 1269 2370 vid.
1295 2336 1327 2370 A
1442 2334 1585 2369 Nonius
1607 2335 1686 2369 278
1709 2334 1839 2379 degere
1863 2336 1919 2370 est

250 2391 460 2426 detrahere:
488 2391 543 2426 Pl.
569 2391 607 2426 in
632 2392 676 2426 Ε.
702 2392 844 2436 degitur
869 2392 1005 2427 corium
1030 2392 1075 2426 de
1098 2395 1199 2435 tergo
1224 2401 1304 2426 meo
1395 2392 1486 2436 fort.
1513 2391 1664 2435 degetur
1686 2390 1849 2436 (igitur),
1866 2391 1916 2436 cfl

247 2446 502 2482 Fleckeisenus
532 2459 615 2482 ann.
641 2449 728 2490 119,
757 2449 830 2483 767
843 2459 896 2493 sq.
1012 2450 1055 2483 66
1079 2448 1232 2493 plusque
1262 2458 1336 2483 am·
1361 2454 1396 2482 et
1427 2447 1599 2493 p[erd]uit
1620 2448 1669 2488 A,
1693 2446 1822 2482 deinde
1846 2451 1919 2484 tres

248 2514 373 2539 versus
397 2515 551 2549 quorum
578 2505 705 2540 cercius
737 2504 852 2540 brevis
874 2504 993 2550 fuisse
1016 2503 1174 2547 videtur,
1199 2504 1328 2539 deinde
1350 2505 1428 2547 (68)
1455 2503 1585 2548 1.1[<.3¹.1]ir
1610 2514 1872 2548 —proigumum

248 2559 436 2606 discriptio
461 2561 499 2595 in
524 2561 559 2595 P
579 2565 622 2604 (v.
647 2565 711 2605 s.).·
734 2562 933 2605 Detegetur
949 2581 992 2585 —-
1009 2561 1146 2596 amavit
1166 2562 1172 2606 1
1193 2561 1296 2606 Iupp.
1314 2581 1359 2587 —
1376 2560 1518 2596 domum
1540 2563 1544 2605 Ι
1567 2550 1699 2596 Venire
1718 2560 1884 2596 —iussit
1909 2561 1915 2605 Ι

248 2616 304 2651 Eo
331 2637 372 2642 —
397 2620 538 2662 patrem
561 2621 628 2654 etc.
722 2620 763 2653 68
790 2617 1012 2653 cheribolum
1105 2620 1145 2652 67
1174 2617 1335 2663 tripodia
1365 2622 1401 2652 et
1423 2618 1573 2652 dimeter
1598 2617 1731 2661 trocli„
1762 2619 1804 2652 68
1833 2617 1916 2664 trip.

248 2676 283 2708 et
307 2673 390 2708 dim.
415 2674 536 2716 iamb„
559 2674 625 2710 sed
646 2674 785 2711 incerta
879 2677 920 2710 69
944 2674 997 2709 ibi
1020 2685 1054 2709 m
1079 2693 1121 2698 —
1146 2678 1181 2709 et
1205 2673 1286 2708 dica,
1310 2677 1349 2708 ut
1372 2673 1441 2708 vid.
1467 2674 1498 2708 A
1590 2675 1768 2709 uenturus
1793 2675 1849 2709 est

250 2733 292 2764 70
317 2741 382 2775 qu·
406 2735 440 2765 et
463 2741 578 2776 neque
603 2732 807 2778 conspIcari
825 2732 855 2766 A
947 2742 986 2767 se
1011 2731 1212 2775 convenire,
1231 2740 1328 2764 corr.
1347 2729 1505 2775 Pylades
1597 2733 1638 2765 71
1665 2741 1729 2775 qu·
1745 2733 1915 2765 et-mera-

250 2777 345 2822 uerit
361 2788 392 2823 A
484 2788 776 2832 dinumeraverit,
801 2788 850 2833 cf.
870 2789 953 2824 353.
972 2789 1049 2822 367
1138 2791 1154 2821 7
1161 2789 1180 2822 2
1205 2797 1241 2822 e-
1259 2789 1270 2829 (
1274 2786 1399 2833 potius
1423 2797 1530 2832 quam
1547 2787 1583 2828 h)
1601 2789 1635 2821 et
1659 2786 1822 2821 -nciam
1840 2788 1870 2820 A
1885 2828 1900 2832 ι

250 2853 295 2878 eu
318 2842 369 2885 P,
394 2844 426 2879 A
449 2848 490 2879 ut
513 2845 603 2880 vich:
636 2846 708 2880 heu
734 2845 784 2879 B2
876 2844 1106 2880 turbulentus
1140 2842 1210 2879 VE
1297 2847 1377 2887 post
1403 2845 1445 2877 72
1469 2842 1506 2877 in
1531 2844 1561 2878 A
1587 2845 1612 2877 5
1640 2853 1764 2879 versus
1795 2843 1917 2878 breves
