1998 3179
102 83 116 111 1
137 87 163 119 1,
178 85 263 113 1-10

801 925 1067 966 EPIDICVS
1701 927 1723 965 Ι
1746 929 1767 965 1

103 998 222 1045 Heus,
255 996 497 1037 adulescens.

792 1083 1077 1123 THESPRIO

646 1150 741 1197 Quis
771 1157 1052 1202 properantem
1083 1153 1144 1189 me
1175 1150 1430 1202 reprehendit
1459 1149 1606 1201 pallio?

102 1222 177 1261 ΕΡ.
227 1219 454 1259 Familiaris.
514 1219 591 1259 ΤΗ.
642 1218 795 1264 Fateor,
829 1230 918 1257 nam
951 1217 1039 1257 odio
1072 1230 1112 1257 es
1143 1218 1307 1257 nimium
1338 1217 1588 1256 familiariter.

460 1287 536 1327 ΕΡ.
584 1286 749 1338 Respice
779 1298 883 1333 vero,
914 1285 1117 1337 Thesprio.
1176 1285 1254 1326 ΤΗ.
1306 1285 1379 1333 Oh,

461 1354 721 1407 Epidicumne
752 1366 824 1405 ego
856 1352 1092 1405 conspicor?

460 1423 535 1462 ΕΡ.
586 1422 684 1461 Satis
714 1428 820 1461 recte
851 1421 974 1460 oculis
1004 1422 1138 1461 uteris.
1800 1429 1819 1460 5

458 1491 536 1530 ΤΗ.
587 1490 709 1529 Salve.
769 1490 844 1529 ΕΡ.
894 1489 939 1527 Di
971 1489 1065 1528 dent
1096 1501 1194 1540 quae
1223 1488 1329 1528 velis.

102 1560 236 1597 venire
267 1557 410 1597 salvom
443 1557 606 1609 gaudeo.
665 1557 744 1597 ΤΗ.
795 1557 895 1602 Quid
928 1555 1133 1595 ceterum?
1191 1556 1266 1597 ΕΡ.
1318 1556 1431 1602 Quod
1463 1569 1508 1595 eo
1541 1555 1708 1595 adsolet:

103 1625 460 1665 cenatihidabitur.
509 1625 588 1665 ΤΗ.
610 1625 809 1677 Spondeo.
859 1624 934 1665 ΕΡ.
957 1623 1089 1670 Quid?
1138 1624 1217 1665 ΤΗ.
1239 1624 1299 1663 Me
1316 1630 1582 1676 accepturum,
1600 1623 1630 1663 si
1648 1622 1770 1663 dabis.

102 1694 177 1734 ΕΡ.
227 1693 328 1739 Quid
359 1697 402 1733 tu
433 1692 542 1745 agis?
574 1700 615 1732 ut
645 1691 774 1732 vales?
806 1692 1026 1743 exemplum
1058 1693 1191 1733 adesse
1222 1692 1420 1744 intellego.
1481 1703 1591 1743 euge.

103 1761 373 1813 corpulentior
402 1761 532 1800 videre
563 1768 677 1812 atque
708 1761 890 1800 habitior.
949 1761 1028 1800 ΤΗ.
1081 1760 1180 1800 Huic
1211 1761 1344 1812 gratia.
1805 1768 1840 1800 10

458 1829 534 1869 ΕΡ.
582 1829 705 1874 Quam
738 1829 894 1879 quidem
924 1835 962 1867 te
992 1828 1069 1867 iam
1099 1828 1163 1867 diu

459 1895 674 1948 perdidisse
706 1896 891 1948 oportuit.
1791 1900 1841 1936 11⁸

101 1964 146 2004 T.
167 1964 294 2004 Minus
309 1964 384 2003 iam
402 1964 596 2003 furtificus
612 1976 698 2003 sum
716 1976 831 2014 quam
848 1964 1025 2002 antehac.
1057 1963 1105 2002 E.
1124 1962 1222 2008 Quid
1241 1960 1322 2001 ita?
1352 1961 1397 2002 T.
1415 1960 1537 2013 Rapio
1555 1959 1770 2012 propalam.

216 2108 394 2144 EPm10vs
421 2119 601 2144 THEsPRm
619 2119 725 2144 SERVI
742 2120 816 2144 Dvo
836 2109 877 2151 P,
903 2119 1082 2143 TEESPRIO
1100 2117 1267 2142 EP1D10vs
1284 2106 1315 2141 A
1408 2106 1452 2140 cle
1474 2116 1627 2140 scaenae
1651 2105 1775 2140 melfis

103 2163 153 2209 cf.
179 2175 268 2198 mus.
292 2163 406 2199 Rlzen.
433 2165 496 2206 40,
521 2166 588 2199 181
601 2175 655 2210 sq.
743 2169 756 2199 1
786 2165 857 2200 ΤΗ.
885 2176 952 2200 om.
977 2166 1008 2199 A
1093 2163 1286 2210 prehendit
1310 2162 1345 2197 P
1427 2165 1458 2196 3.
1483 2165 1504 2196 4
1528 2166 1563 2197 et
1587 2165 1618 2196 5.
1646 2163 1665 2195 6
1691 2172 1776 2196 con-

103 2220 222 2266 iunqit
245 2219 281 2254 P
348 2225 366 2256 5
393 2221 481 2256 satis
507 2231 574 2256 om.
600 2220 635 2255 P
699 2224 798 2257 recte
815 2222 866 2256 A:
891 2223 989 2258 certe
1006 2218 1060 2260 P;
1084 2219 1133 2264 cf.
1153 2219 1234 2254 Cist.
1255 2219 1328 2254 545
1351 2218 1428 2253 Mil.
1451 2219 1521 2253 799
1547 2217 1638 2256 (Cas.
1657 2218 1751 2260 260)
1762 2229 1777 2258 ,-

102 2274 215 2311 Merc.
232 2277 308 2311 186
399 2281 417 2310 7
444 2277 488 2312 E.
514 2288 580 2312 om.
598 2279 629 2312 Α
721 2288 763 2313 eo
789 2276 882 2318 (ΑΡ)
907 2276 974 2312 del.
995 2275 1165 2316 Guz’etus,·
1189 2275 1239 2320 cf.
1267 2275 1344 2311 Cas.
1373 2275 1442 2309 518
1469 2273 1571 2310 Cure.
1597 2274 1693 2315 344,·
1716 2272 1776 2308 lzz'c

101 2332 222 2367 nescio
246 2343 295 2367 an
317 2332 559 2368 subaudiatur
582 2333 770 2374 accedere,
797 2333 847 2377 cf.
876 2333 974 2367 Trin.
994 2334 1069 2367 378
1094 2332 1153 2367 all.
1247 2334 1266 2366 8
1292 2341 1441 2366 acumen
1466 2334 1537 2365 non
1561 2330 1675 2365 sentio
1685 2343 1699 2372 ,·
1723 2330 1775 2364 sic

104 2387 207 2433 loqui
230 2388 415 2424 videntur.-
440 2390 526 2434 quid
551 2392 708 2425 ceterum
733 2390 830 2434 quod
855 2401 896 2425 eo
918 2389 1060 2426 adsolet
1084 2391 1161 2432 (A):
1179 2384 1288 2423 ‘cena
1304 2387 1372 2423 tibi
1389 2384 1572 2422 dabitur’?
1597 2386 1641 2420 E.
1661 2396 1771 2431 spon-

103 2445 184 2479 deo.
227 2445 296 2480 ΤΗ.
322 2445 434 2489 quid?
457 2445 505 2480 E.
531 2457 585 2481 me
603 2449 848 2491 accepturum,
873 2447 904 2481 si
922 2446 1025 2480 dabis
1118 2448 1138 2479 9
1158 2444 1272 2479 tribus
1289 2443 1450 2478 versibus
1466 2443 1517 2477 A:
1540 2441 1626 2487 quid
1647 2443 1651 2484 Ι
1672 2444 1713 2476 tu
1735 2462 1771 2466 -—

103 2501 201 2536 vales
223 2502 228 2543 Ι
248 2502 400 2546 exempl.
421 2523 460 2526 —
480 2513 603 2545 eugae‚
629 2503 678 2547 cf.
696 2504 766 2544 203·
793 2507 947 2538 ceterum
965 2512 1105 2537 versum
1121 2501 1219 2545 facit
1241 2504 1305 2534 ant
1329 2509 1491 2544 eugepae
1514 2498 1773 2539 (Camerarius)

104 2560 169 2590 aut
191 2556 318 2592 adesse
342 2558 542 2602 exemplum
635 2559 730 2594 vales
756 2561 806 2594 A:
830 2559 921 2594 uelis
948 2558 983 2593 P
1072 2557 1223 2602 exempl.
1250 2567 1283 2591 a.
1309 2555 1333 2590 i.
1361 2554 1595 2600 Tleesprz'onis
1619 2553 1662 2598 P,
1686 2554 1769 2588 item

96 2623 261 2658 persona
285 2619 423 2648 mutata
448 2619 532 2649 ante
556 2625 668 2659 eugae
684 2617 728 2657 Α,
752 2626 848 2650 corr.
874 2614 1063 2660 Vssinqius
1087 2613 1278 2659 (Thesprio
1296 2611 1417 2646 debuit
1434 2610 1629 2654 intellege);
1656 2610 1771 2645 adest.

104 2668 147 2703 E.
173 2669 341 2714 intellego
368 2668 544 2705 Gruterus
658 2674 699 2706 10
723 2671 891 2706 Donatus
916 2669 1010 2704 Eun.
1036 2671 1081 2709 2,
1105 2671 1151 2710 2,
1176 2669 1217 2702 11
1251 2666 1495 2711 corpulentior
1518 2666 1641 2701 hercle
1665 2669 1774 2710 atque

103 2725 263 2760 habitior
345 2726 504 2762 habitior
514 2732 664 2773 praeter
677 2727 862 2762 Donatum
877 2725 1016 2760 Paulus
1028 2726 1104 2759 102
1122 2725 1238 2759 locum
1256 2734 1330 2758 non
1349 2723 1526 2763 indicans,
1544 2732 1645 2768 corp.
1659 2721 1775 2768 qloss.

107 2783 139 2822 5,
169 2782 233 2816 72:
256 2782 385 2817 abilior
401 2784 444 2824 A,
469 2783 596 2828 agilior
612 2782 668 2823 P;
691 2783 741 2828 cf.
762 2785 839 2818 Ter.
869 2781 962 2816 Eun.
982 2782 1053 2815 315
1146 2783 1197 2815 11.
1227 2782 1282 2815 11ἐι
1307 2779 1497 2824 coninnqit
1515 2774 1549 2812 P
1644 2780 1681 2812 12
1707 2779 1772 2812 Ar.

105 2835 204 2872 Plut.
229 2839 303 2874 372
334 2841 417 2883 μῶν
441 2836 486 2875 οὗ
509 2838 698 2885 κέκλοφας
728 2835 814 2876 ἀλλ’
841 2832 1029 2885 ἵρπακαςς
