2018 3183
245 84 326 122 204
981 81 1162 117 PLAVTI
1701 81 1748 109 m
1759 82 1786 116 4.
1804 82 1907 111 59-ae

244 201 381 239 Tam-1).
435 199 574 247 Pergin
608 210 760 238 servom
792 210 853 236 me
884 196 1121 248 exprobrare
1153 208 1249 242 esse,
1282 196 1318 235 id
1350 195 1452 247 quod
1484 196 1520 235 vi
1551 196 1680 236 hostili
1711 195 1881 248 optigit?

245 267 390 306 Amsr.
423 265 537 305 Enim
561 267 633 304 iam
659 277 812 316 nequeo
836 264 1044 303 contineri.
1083 264 1128 303 T.
1165 263 1281 310 Heus,
1303 263 1420 302 audin
1443 263 1535 315 quid
1553 262 1634 303 ait?
1656 264 1751 315 quin
1774 262 1905 315 fugis?

246 337 322 375 iam
354 334 430 373 illic
462 334 524 372 hic
556 346 628 372 nos
660 332 864 371 insectabit
895 331 1098 383 lapidibus,
1131 331 1206 370 nisi
1237 331 1358 370 illunc
1388 331 1499 371 iubes

246 401 539 453 comprehendi.
598 400 744 439 Amstr.
795 400 969 439 Crucior.
1027 399 1166 438 Tn-D.
1211 399 1358 437 Ardent
1389 399 1514 438 oculi:
1548 399 1589 438 tit
1619 411 1730 450 opus,
1763 399 1906 451 Hegi03

247 470 356 508 viden
389 475 431 507 tu
463 468 515 506 illi
548 467 732 506 maculari
764 480 908 519 corpus
939 474 1061 505 totum
1094 466 1253 506 maculis
1283 464 1446 505 luridis?
1917 473 1974 506 595

246 543 327 576 atra
358 536 446 574 hilis
475 535 594 586 agitat
624 535 836 573 bominem.
896 535 1041 574 Amsr.
1093 535 1142 573 At
1173 534 1237 585 pol
1268 541 1317 581 te,
1349 534 1379 573 si
1412 533 1475 573 hic
1505 533 1627 585 sapiat
1657 546 1790 580 senex,

246 605 309 655 pix
343 610 423 642 atra
455 603 574 653 agitet
604 603 704 654 apud
737 603 961 641 carnificem
993 609 1139 653 tuoque
1170 602 1285 653 capiti
1318 602 1501 641 inluceat.

246 673 384 711 TYND.
435 671 513 710 lam
545 670 797 709 deliramenta
829 670 1014 720 loquitur,
1045 669 1174 710 laruae
1205 670 1407 708 stimulant
1437 670 1575 708 virum.

246 740 377 780 hercle
410 740 487 790 qui,
519 738 549 777 si
581 739 687 777 hunc
718 737 998 789 comprehendi
1030 737 1201 783 iusseris,
1232 738 1358 788 sapias
1386 739 1523 789 magis.

246 808 392 847 AmsT.
443 806 617 852 Crucior,
648 806 813 857 lapidem
847 818 925 844 non
960 804 1103 843 habere
1135 808 1207 849 me,
1241 812 1283 843 ut
1313 805 1365 844 illi
1398 806 1595 856 mastigiae
1921 809 1979 842 600

249 875 454 915 cerebrum
488 875 693 921 excutiam,
726 873 792 923 qui
824 885 883 910 me
915 872 1096 910 insanum
1129 872 1257 910 verbis
1288 873 1501 912 concinnat
1532 874 1625 914 suis.

246 944 384 982 TYND.
434 942 560 980 Audin
595 942 760 993 lapidem
794 937 1041 990 quaeritare?
1100 940 1244 979 Ams‘r.
1295 940 1409 978 Solus
1439 947 1476 979 te
1506 940 1630 979 solum
1661 940 1764 988 volo,

247 1011 384 1061 Hegio.
444 1010 559 1050 Hm.
610 1009 731 1048 Istinc
762 1008 937 1058 loquere,
969 1007 999 1045 si
1031 1007 1123 1057 quid
1157 1008 1222 1055 vis,
1255 1007 1405 1057 procul.
1456 1013 1585 1046 tamen
1619 1009 1782 1048 audiam.

247 1080 385 1118 Tys-D.
435 1079 610 1127 bamque
642 1076 779 1127 edepol
810 1075 842 1114 si
872 1074 1020 1113 adbites
1050 1074 1227 1125 propius,
1259 1087 1302 1113 os
1333 1074 1534 1113 denasabit
1563 1074 1631 1113 tibi

248 1147 458 1185 mordicus.
517 1146 661 1184 Ams'r.
714 1144 849 1193 Neque
879 1143 943 1194 pol
978 1155 1037 1182 me
1071 1143 1266 1188 insanum,
1299 1141 1432 1191 Hegio,
1464 1154 1549 1181 esse
1581 1142 1734 1181 creduis
1922 1147 1980 1180 605

250 1227 377 1265 neque
409 1214 526 1252 fuisse
558 1223 756 1262 umquam,
791 1223 917 1261 neque
950 1223 1032 1249 esse
1064 1209 1244 1248 morbum
1277 1221 1392 1260 quem
1424 1209 1509 1248 istic
1540 1215 1728 1248 autumat.

247 1294 383 1321 verum
413 1281 444 1320 si
477 1279 569 1331 quid
601 1279 742 1318 metuis
773 1291 792 1317 a
825 1291 898 1323 me,
931 1278 1020 1316 iube
1054 1290 1113 1316 me
1146 1277 1303 1316 vinciri:
1335 1276 1434 1321 volo,

250 1350 341 1389 dum
372 1349 458 1388 istic
489 1348 619 1386 itidem
652 1346 856 1385 vinciatur.
915 1346 1052 1386 Tmn.
1105 1345 1226 1383 Immo
1260 1344 1363 1382 enim
1394 1356 1499 1391 vero,
1531 1343 1667 1395 Hegio,

250 1418 348 1463 istic,
377 1416 442 1467 qui
474 1416 562 1461 volt,
595 1415 799 1454 vinciatur.
860 1414 1005 1452 Ams‘r.
1057 1413 1158 1451 Tace
1190 1412 1318 1451 modo.
1365 1424 1438 1463 ego
1471 1419 1520 1457 te,
1553 1412 1791 1452 Philocrates

250 1485 355 1531 salse,
387 1484 524 1523 faciam
557 1490 598 1522 ut
628 1495 742 1520 verus
773 1482 885 1520 hodie
918 1481 1113 1532 reperiare
1143 1480 1361 1532 Tyndarus.
1924 1484 1982 1518 610

250 1553 339 1604 quid
366 1552 416 1590 mi
439 1549 631 1590 abnutas?
662 1551 800 1589 TYND.
824 1549 908 1587 Tibi
933 1561 1004 1599 ego
1027 1546 1205 1587 abnuto?
1236 1547 1286 1588 A.
1310 1547 1409 1593 Quid
1433 1553 1533 1597 agat,
1555 1548 1584 1587 si
1603 1547 1706 1588 absis
1728 1547 1912 1599 longius?

248 1621 366 1660 Hm.
398 1618 497 1666 Quid
522 1617 604 1658 ais?
627 1619 718 1669 quid
742 1618 770 1656 si
795 1619 926 1656 adeam
951 1617 1055 1655 hunc
1073 1614 1285 1655 insanum?
1315 1615 1453 1655 Tnff).
1476 1615 1617 1667 Nugas.
1640 1616 1912 1663 ludificabitur,

248 1688 393 1741 garriet
424 1687 515 1738 quoi
551 1698 676 1736 neque
709 1698 777 1736 pes
810 1696 991 1735 umquam
1026 1696 1153 1734 neque
1185 1690 1303 1734 caput
1333 1692 1567 1734 compareat.

250 1761 480 1795 ornamenta
514 1754 676 1793 absunt:
709 1753 877 1798 Aiacem,
910 1753 1015 1790 hunc
1047 1764 1135 1790 curn
1168 1752 1283 1798 vides,
1315 1751 1441 1801 ipsum
1473 1750 1592 1788 vides.
1923 1755 1981 1788 615

249 1825 364 1863 ΗΙ-ῑα.
409 1822 524 1862 Nihili
557 1821 667 1860 facio.
701 1827 827 1859 tamen
861 1820 988 1858 adibo.
1047 1819 1185 1858 Tam-12.
1235 1819 1349 1857 Nune
1381 1831 1452 1869 ego
1485 1818 1648 1857 omnino
1680 1819 1817 1867 occidi,

250 1904 359 1931 nunc
391 1903 461 1941 ego
494 1890 597 1928 inter
627 1900 780 1928 sacrum
813 1900 1027 1937 saxumque
1058 1893 1131 1933 sto,
1166 1899 1238 1926 nec
1268 1887 1360 1938 quid
1392 1886 1530 1925 faciam
1561 1887 1654 1925 scio.

249 1959 364 1998 Hm.
416 1958 472 1997 Do
504 1957 574 1995 tibi
607 1968 778 2007 operam,
811 1955 1124 2006 Aristophontes,
1156 1955 1186 1994 si
1219 1954 1311 2006 quid
1342 1960 1400 1993 est
1432 1954 1535 2005 quod
1566 1965 1628 1993 mc
1658 1953 1764 1994 velis.

248 2028 394 2066 AmsT.
446 2025 501 2063 Ex
534 2037 593 2063 me
625 2023 775 2062 audibis
807 2035 892 2062 vera
926 2036 1023 2074 quae
1057 2035 1163 2061 nunc
1194 2022 1286 2061 salsa
1319 2022 1495 2073 opinare,
1527 2022 1664 2074 Hegio.

249 2096 315 2134 sed
349 2096 421 2133 hoc
454 2092 636 2144 primum,
668 2104 728 2130 me
761 2091 992 2142 expurigare
1024 2089 1092 2129 tihi
1125 2090 1222 2135 volo,
1255 2101 1316 2128 me
1347 2089 1537 2129 insaniam
1925 2096 1982 2130 620

251 2174 379 2213 neque
411 2168 546 2200 tenere
578 2171 706 2210 neque
737 2159 789 2197 mi
822 2171 906 2197 esse
939 2158 1058 2196 ullum
1090 2157 1285 2202 morbum,
1319 2157 1391 2196 nisi
1425 2158 1527 2208 quod
1559 2157 1699 2197 servio.

365 2284 430 2317 592
455 2282 549 2316 enim
576 2280 752 2316 Bothius:
777 2279 870 2315 enim
895 2289 979 2314 vero
1102 2279 1211 2313 audin
1236 2279 1322 2323 quid
1350 2279 1400 2313 B2
1423 2280 1459 2313 in
1483 2290 1574 2313 ras:
1600 2279 1726 2323 inquid
1760 2278 1830 2313 ΥΕ

250 2343 316 2375 594
339 2339 381 2375 fit
405 2350 496 2384 opus
520 2339 540 2373 i.
560 2349 588 2374 e.
615 2339 779 2384 γίγνεται
805 2337 848 2373 τὸ
876 2333 1000 2382 ἔργον,
1025 2336 1075 2381 cf.
1103 2337 1176 2370 558
1288 2339 1349 2370 597
1377 2339 1458 2371 atra
1481 2336 1555 2380 pix,
1579 2346 1673 2371 corr.
1699 2334 1916 2370 Lindeman-

249 2407 318 2431 ηας
419 2396 511 2440 fore.
537 2398 601 2430 tuo
626 2404 718 2438 quae
823 2396 886 2427 599
911 2393 979 2427 ΗΕ.
1004 2392 1136 2427 Hercle
1160 2392 1244 2437 quid
1271 2392 1301 2427 si
1325 2393 1421 2427 hunc
1447 2391 1700 2436 comprehendi
1724 2391 1916 2427 iusserim?

250 2453 316 2488 ΤΥ.
336 2453 456 2498 sapias
472 2452 585 2496 magis
603 2451 678 2492 (sed
695 2450 816 2486 hercle
838 2449 922 2484 VE:
940 2450 1024 2494 quid
1039 2449 1089 2483 B'-'
1106 2450 1141 2483 in
1160 2460 1244 2489 ras„
1261 2449 1378 2484 deleto
1394 2454 1562 2494 sequente
1579 2448 1691 2492 quid),
1708 2448 1857 2483 correxi

250 2513 312 2545 601
333 2509 503 2544 concinat
588 2510 653 2543 606
672 2518 775 2552 quem
792 2517 860 2540 om.
878 2505 929 2540 3¹
1015 2508 1078 2540 607
1099 2506 1237 2540 uincire
1255 2504 1290 2540 B
1383 2507 1446 2540 608
1465 2504 1617 2540 uitiatur
1644 2503 1683 2546 V,
1702 2503 1739 2538 Ε
1751 2515 1802 2540 ex
1819 2515 1915 2540 corr.

248 2569 327 2609 (609
346 2565 522 2601 uintiatur
548 2563 626 2606 ΥΕ)
706 2574 794 2598 uero
812 2573 879 2598 om.
900 2562 949 2597 Β1
1031 2565 1096 2597 609
1112 2564 1148 2598 te
1167 2562 1235 2596 B2:
1252 2572 1320 2596 om.
1414 2563 1476 2596 611
1497 2561 1583 2605 quid
1599 2580 1642 2586 ——
1658 2561 1802 2606 longius
1821 2560 1916 2607 Tyn-

248 2623 340 2658 daro
365 2623 637 2663 continuantur,
662 2631 756 2655 corr.
783 2619 994 2665 Lessinqius
1106 2618 1248 2662 longius
1267 2617 1394 2664 priori
1414 2618 1534 2653 versui
1556 2616 1730 2653 adhaeret
1761 2617 1793 2652 V
1794 2616 1831 2652 Ε

250 2683 314 2715 613
341 2679 408 2715 HE.
435 2679 506 2713 B2:
529 2680 598 2713 ΑΒ,
633 2676 710 2718 VE,
736 2677 818 2711 item
847 2677 926 2710 616.
956 2676 1026 2710 618
1163 2677 1229 2709 614
1254 2677 1360 2719 quod,
1386 2685 1481 2709 corr.
1506 2673 1705 2716 Acidaliae,
1737 2673 1788 2718 cf.
1814 2673 1915 2709 Asin.

255 2738 325 2772 729
418 2738 483 2770 615
515 2737 718 2771 ortamenta
753 2733 785 2769 V
785 2732 820 2768 E
847 2733 909 2778 (cf.
936 2731 1152 2768 Ribbeckius
1185 2738 1279 2777 traps.
1303 2732 1383 2777 frq.
1400 2742 1442 2777 1).
1462 2732 1497 2773 3)
1591 2733 1655 2766 616
1687 2729 1790 2774 nihil,
1819 2740 1916 2765 corr.

249 2792 446 2827 Lambinus
538 2795 601 2826 617
627 2801 711 2835 ergo
738 2789 807 2825 VE
895 2790 946 2834 cf.
967 2789 1046 2825 Cas.
1067 2790 1141 2825 970
1233 2791 1298 2823 619
1323 2790 1391 2823 ΑΒ.
1411 2787 1481 2822 B':
1506 2798 1574 2823 om.
1592 2787 1657 2833 (cf.
1675 2787 1725 2822 ad
1743 2787 1826 2826 613)

251 2852 315 2884 620
332 2850 423 2884 haec
449 2848 488 2890 V,
506 2849 530 2881 ὶῖ
546 2848 580 2883 Ε
670 2858 871 2893 expurgare
964 2850 1022 2882 621
1042 2847 1182 2893 prioris
1197 2855 1314 2891 neque
1324 2846 1544 2892 posicionem
1564 2844 1703 2880 notavit
1722 2843 1917 2879 Lambinus
