1998 3179
117 93 161 121 111
179 92 320 125 4,35-61
814 87 1082 124 MERCATOR
1692 87 1772 124 461

118 206 162 247 C.
202 206 283 254 Dic,
313 206 401 257 quis
430 204 552 244 emit?
609 205 658 245 E.
699 203 837 243 Nescio
869 203 1012 243 hercle.
1071 203 1114 243 C.
1155 203 1227 241 Em
1258 202 1461 242 istucinest
1491 214 1650 253 operam
1681 202 1772 241 dare
1786 207 1842 239 620

118 273 270 312 bonum
291 271 491 312 sodalem?
530 273 634 312 EVT.
665 271 767 318 Quid
788 283 850 310 me
871 271 999 310 facere
1020 269 1106 309 vis?
1146 270 1283 310 CHAR.
1316 270 1422 309 Idem
1444 270 1549 321 quod
1571 281 1632 308 me
1654 269 1772 315 vides,

119 347 163 379 ut
191 352 341 392 pereas.
403 340 498 391 quin
528 339 809 392 percontatu's‚
837 338 1008 378 hominis
1039 350 1138 389 quae
1170 339 1288 377 facies
1318 338 1421 378 foret

120 408 188 458 qui
217 407 320 446 illam
352 407 528 447 emisset:
561 420 607 446 eo
638 407 669 446 si
699 413 813 458 pacto
844 413 977 457 posset
1006 406 1226 457 indagarier

119 473 289 514 mulier?
319 475 395 514 heu
427 487 488 513 me
518 475 717 514 miserum.
776 473 880 513 Evm.
931 473 1042 512 Flere
1073 473 1227 520 omitte,
1259 472 1360 512 istuc
1392 471 1497 523 quod
1527 484 1634 511 nunc
1665 471 1774 523 agis]

120 543 226 582 EvT.
276 541 378 588 Quid
409 554 480 593 ego
511 540 618 580 feci?
675 541 812 581 CHAR.
861 540 1067 580 Perdidisti
1100 551 1160 578 me
1192 546 1230 579 et
1259 539 1374 578 fidem
1406 551 1559 579 mecum
1590 545 1709 579 tuam.
1787 543 1844 575 625

119 610 225 649 EVT.
274 609 320 647 Di
340 609 472 648 sciunt
492 609 646 660 culpam
666 620 792 647 meam
819 608 944 647 istanc
974 620 1055 646 non
1087 619 1171 647 esse
1204 607 1333 646 ullam.
1392 606 1529 647 CHAR.
1579 606 1775 658 Eugepae,

119 677 212 715 deos
242 675 416 715 absentis
445 675 554 714 testis
584 687 799 715 memoras:
831 679 899 726 qui
929 687 1002 726 ego
1033 674 1134 714 istuc
1164 675 1319 713 credam
1351 673 1449 713 tihi?

118 743 223 783 Evzr.
264 742 360 788 Quia
381 742 451 781 tibi
472 742 512 781 in
536 754 653 781 manu
671 748 728 781 est
749 742 853 793 quod
870 742 1017 789 credas,
1040 754 1111 793 ego
1135 742 1238 793 quod
1260 741 1396 789 dicam,
1418 741 1455 780 id
1477 741 1528 780 nii
1550 741 1589 780 in
1608 747 1775 780 manust.

118 810 256 850 CHAR.
304 809 362 849 De
391 809 485 849 istac
516 812 558 849 re
589 817 750 860 argutus
781 822 833 857 es,
865 816 908 850 ut
936 821 1007 861 par
1037 809 1121 860 pari
1154 809 1405 860 respondeas,

119 877 166 916 ad
196 877 375 916 mandata
405 877 564 916 claudus
595 889 734 916 caecus
764 884 895 917 mutus
925 889 1088 916 mancus
1119 876 1267 916 debilis.
1787 879 1843 911 630

119 944 374 996 promittebas
404 950 443 984 te
474 957 518 984 os
547 944 745 984 sublinere
774 958 862 984 meo
894 945 1014 996 patri:
1047 951 1203 995 egomet
1233 944 1380 983 credidi

118 1012 267 1051 homini
298 1012 413 1051 docto
444 1024 526 1051 rem
557 1013 753 1059 mandare,
786 1013 818 1052 is
848 1012 965 1064 lapidi
996 1012 1139 1051 mando
1172 1012 1352 1050 maximo.

118 1079 223 1119 Evm.
263 1078 365 1125 Quid
386 1091 458 1130 ego
479 1078 676 1118 facerem?
707 1080 843 1120 CHAR.
883 1079 982 1125 Quid
1005 1086 1046 1118 tu
1068 1078 1243 1118 faceres?
1265 1091 1354 1118 men
1378 1076 1521 1129 rogas?
1542 1078 1777 1129 requireres,

118 1147 308 1198 rogitares
339 1146 425 1197 quis
455 1152 556 1186 esset
585 1153 652 1186 aut
681 1148 785 1186 unde
816 1154 928 1194 esset,
960 1159 1036 1198 qua
1067 1147 1262 1199 prosapia,

119 1214 264 1254 civisne
295 1220 397 1254 esset
427 1226 476 1253 an
507 1215 753 1266 peregrinus.
813 1215 917 1255 EVT.
969 1215 1098 1254 Civem
1129 1227 1214 1254 esse
1244 1214 1377 1253 aibant
1406 1214 1590 1253 Atticum.
1789 1216 1843 1248 635

119 1281 255 1323 CHAR.
306 1281 377 1321 Vbi
408 1281 602 1321 habitaret
630 1282 827 1321 invenires
857 1282 1003 1329 saltem,
1035 1282 1066 1321 si
1098 1294 1241 1321 nomen
1273 1281 1426 1332 nequis.

118 1349 223 1389 EvT.
273 1349 394 1388 Nemo
417 1349 543 1388 aiebat
564 1349 677 1389 scire.
736 1350 873 1390 CHAR.
924 1351 972 1388 At
1002 1349 1136 1389 saltem
1167 1349 1336 1388 hominis
1367 1349 1505 1388 faciem
1537 1349 1778 1400 exquireres.

118 1417 223 1457 EvT.
259 1417 362 1456 Feci.
393 1417 530 1457 CHAR.
570 1416 652 1463 Qua
668 1419 792 1456 forma
809 1430 894 1457 esse
911 1416 1066 1456 aiebant
1080 1413 1272 1470 <igitur>?
1301 1417 1406 1457 EVT.
1447 1416 1529 1468 Ego
1547 1416 1671 1456 dicam
1686 1416 1776 1456 tibi:

119 1497 273 1532 canum,
303 1497 452 1532 varum,
482 1484 736 1532 ventriosum‚
768 1484 1063 1532 bucculentum,
1094 1483 1351 1531 breviculum,

119 1551 318 1603 subnigris
350 1552 485 1599 oculis,
518 1551 700 1602 oblongis
729 1552 852 1600 malis,
883 1563 1044 1603 pansam
1077 1551 1374 1602 aliquantulum.
1790 1553 1846 1585 610

118 1619 255 1661 CHAR.
304 1620 392 1660 Non
412 1619 611 1658 hominem
634 1619 740 1667 mihi,
772 1619 838 1658 sed
862 1619 1116 1658 thensaurum
1140 1619 1272 1658 nescio
1305 1631 1420 1670 quem
1453 1631 1644 1659 memoras
1676 1619 1778 1659 mali.

120 1688 310 1739 numquid
342 1693 400 1727 est
431 1687 536 1739 quod
567 1688 672 1727 dicas
701 1686 804 1726 aliud
835 1686 883 1725 de
913 1684 1009 1725 illo?
1067 1687 1170 1727 EVT.
1220 1686 1403 1735 Tantum,
1436 1686 1541 1738 quod
1571 1687 1702 1727 sciam.

120 1755 259 1807 edepol
289 1768 339 1795 ne
369 1755 432 1794 ille
463 1754 646 1806 oblongis
677 1754 786 1794 malis
817 1753 909 1792 mihi
941 1753 1046 1794 dedit
1077 1766 1261 1806 magnum
1292 1755 1451 1794 malum.

122 1835 200 1862 non
232 1835 392 1874 possum
423 1822 578 1867 durare,
610 1828 799 1862 certumst
829 1821 1024 1861 exulatum
1055 1821 1148 1860 hinc
1179 1821 1237 1861 ire
1267 1834 1341 1862 me.

120 1891 188 1929 sed
219 1902 335 1941 quam
366 1889 514 1941 capiam
546 1889 749 1937 civitatem,
781 1889 923 1941 cogito,
953 1889 1220 1941 potissimum:
1789 1890 1845 1922 645

120 1958 307 2010 Megares‚
338 1957 545 2004 Eretriam,
577 1957 822 2002 Corinthum,
855 1956 1088 2002 Chalcidem,
1120 1956 1286 2004 Cretam,
1319 1956 1502 2009 Cyprum,

119 2047 203 2082 kias
225 2046 337 2093 symb.
362 2048 447 2087 158)
539 2046 639 2092 apud
663 2046 861 2080 Varronem
885 2050 1056 2081 secuntur
1079 2051 1255 2092 corrupta
1279 2047 1349 2082 hoc
1373 2046 1497 2081 eadem
1522 2049 1577 2082 est
1600 2046 1638 2081 in
1657 2046 1779 2083 Corol-

117 2103 212 2139 laria
227 2103 377 2139 Neuius.
418 2103 558 2139 diuidia
574 2104 619 2138 ab
636 2103 831 2138 diuidendo
849 2106 926 2144 etc„
951 2102 1049 2147 quod
1063 2107 1183 2137 utrum
1201 2102 1250 2137 ad
1266 2102 1477 2138 vocabulum
1495 2114 1542 2138 an
1568 2102 1616 2138 acl
1639 2113 1778 2138 versum

116 2161 334 2206 pertinuerit
356 2161 526 2201 nescitur,
552 2160 602 2203 cs.
622 2158 836 2194 Ribbeekius
853 2158 875 2193 l.
893 2168 922 2193 s,
1005 2160 1070 2193 622
1095 2162 1355 2204 percunctatus
1436 2159 1557 2203 pacies
1575 2158 1690 2194 BCD¹

119 2218 184 2251 623
202 2227 263 2251 eos
282 2216 317 2251 B
387 2219 453 2251 624
468 2215 555 2250 fiere
624 2216 720 2260 quod
742 2225 840 2250 nunc
856 2214 943 2258 agis,
960 2214 1038 2249 soil.
1053 2214 1153 2258 flere,
1177 2212 1518 2250 subauditae-‘Itane
1534 2225 1608 2249 rem
1626 2210 1710 2260 aqe'

121 2275 184 2307 625
210 2283 269 2308 cn.
292 2283 430 2318 praem.
500 2283 577 2307 eff:
602 2282 635 2306 E.
657 2270 724 2306 BC
812 2273 876 2305 626
895 2271 939 2304 Ε.
958 2281 1026 2305 om.
1044 2270 1112 2306 BC
1177 2271 1305 2317 eugipe
1324 2271 1396 2313 CD,
1421 2282 1510 2315 euge
1534 2281 1628 2316 pape
1645 2271 1704 2309 B,-
1728 2271 1779 2315 cf.

119 2328 312 2364 Richterus
329 2330 365 2364 z'n
382 2327 540 2363 Studem.
559 2327 653 2362 stud.
670 2328 701 2368 1,
720 2328 795 2361 525
870 2328 934 2361 627
953 2327 1113 2362 absentis
1130 2329 1241 2362 testes
1259 2327 1305 2369 B,
1323 2329 1491 2363 absentes
1507 2328 1609 2363 testis
1629 2327 1689 2363 CD

120 2387 185 2420 628
210 2385 312 2430 quia:
342 2384 537 2431 respondet
569 2385 676 2430 quasi
705 2384 767 2428 qui
795 2383 1054 2429 siqrzz‘fieavere't
1086 2394 1170 2425 cur,
1203 2395 1282 2419 cum
1314 2384 1492 2421 Charinus
1521 2385 1678 2420 voluerit
1707 2395 1779 2430 quo

118 2441 224 2477 modo
248 2441 347 2486 (quin
371 2440 538 2482 Pistoris,
563 2441 685 2487 vulqo)
799 2439 887 2474 mihi
911 2450 954 2475 ea
978 2439 1030 2484 in,
1053 2450 1146 2475 corr.
1173 2439 1330 2476 Botlze’us
1354 2441 1549 2486 (scriptura
1574 2441 1657 2476 hinc
1681 2446 1782 2476 orta.-

120 2497 209 2566 Πξίῗιί
231 2531 281 2574 in)
381 2534 446 2567 629
471 2541 511 2566 re
534 2530 620 2577 (tu)
644 2529 864 2565 Bitschele‘us
969 2531 1033 2564 630
1059 2530 1196 2565 debiles
1221 2533 1254 2566 B
1276 2535 1359 2565 ante
1382 2541 1475 2565 corr.
1579 2534 1640 2565 631
1669 2531 1780 2566 subli-

119 2599 216 2623 mere
241 2588 302 2624 CD
393 2599 457 2633 ego
482 2599 538 2623 me
563 2587 781 2623 Ritsclzelius
873 2589 938 2621 632
963 2587 1147 2622 mandaris
1170 2587 1281 2633 lepidi
1305 2588 1434 2623 mando
1456 2591 1496 2630 B,
1521 2588 1703 2623 mandaris
1727 2588 1780 2623 la-

119 2644 197 2689 pidi
223 2643 300 2686 OD,
332 2655 427 2680 corr.
454 2645 681 2681 Camerarius
796 2645 860 2678 633
891 2646 933 2677 tn
966 2653 1034 2677 om.
1070 2642 1129 2678 CI)
1242 2655 1298 2679 me
1329 2655 1402 2679 non
1426 2647 1459 2681 B
1480 2648 1563 2679 ante
1594 2655 1689 2680 corr.

119 2710 328 2745 requereres
349 2700 385 2735 B
476 2703 541 2735 635
567 2700 713 2736 aiebant
805 2701 870 2733 638
895 2698 975 2733 fora
1002 2697 1035 2732 B
1127 2698 1283 2743 (igitur)
1300 2699 1518 2735 Rz'tsclzelz'us
1611 2703 1675 2736 639
1701 2702 1782 2737 uia·

120 2768 200 2792 rum
224 2756 260 2792 B
356 2759 421 2792 640
444 2768 597 2802 pansum
624 2755 684 2792 CD
775 2757 836 2789 641
864 2755 1073 2790 thesaurum
1100 2753 1160 2789 CD
1252 2758 1316 2790 646
1348 2766 1490 2800 megare
1514 2758 1700 2794 seretriam
1724 2760 1781 2795 B.-

119 2823 262 2858 megare
291 2812 470 2848 feretriam
497 2812 575 2854 OD,
609 2813 662 2858 cf.
687 2811 787 2847 Pers.
813 2811 886 2845 137
999 2809 1189 2845 chalcitam
1214 2810 1260 2854 B,
1295 2812 1484 2849 calchitam
1512 2813 1593 2856 CD,·
1617 2814 1779 2860 formam

119 2868 233 2913 facile
255 2867 450 2914 defendas,
474 2869 538 2904 sed
560 2868 611 2912 cf.
639 2869 712 2902 939
