1998 3179
110 82 139 117 ,V
157 83 184 115 5,
199 83 284 111 9—30
791 79 1092 115 MENAECHMI
1689 79 1770 116 419

112 197 201 248 quia
232 208 341 252 rogo,
372 195 470 248 palla
501 201 544 234 ut
574 195 768 234 referatur
794 207 952 251 rursum
983 194 1029 233 ad
1060 206 1223 245 uxorem
1255 205 1395 240 meam,

111 263 205 302 mihi
235 264 277 303 se
303 259 359 303 'ait
390 263 553 302 dedisse.
613 264 661 301 e‘u
692 262 832 314 edepol
864 264 912 301 ne
943 274 1015 313 ego
1046 261 1164 301 homo
1193 261 1279 300 vivo
1310 261 1440 301 miser.

49 363 53 367 ,
109 330 210 382 ΞΕΝ.
230 330 358 370 Audin
377 335 477 382 quae
494 328 698 382 loquitur?
727 329 845 371 MED.
867 330 917 368 Se
934 329 1120 375 miserum
1137 329 1349 381 praedicat.
1380 328 1479 370 SEN.
1502 329 1625 369 Adeas
1641 330 1768 369 velim.

108 398 226 451 MED.
278 398 412 437 Salvos
442 398 505 445 sis,
537 397 801 437 Menaechme.
861 409 1018 448 quaeso,
1050 408 1119 442 cur
1149 402 1304 448 apertas
1334 395 1565 436 brachium?
1769 402 1828 436 910

114 479 192 505 non
226 472 268 505 tu
299 466 387 514 scis,
419 471 610 517 quantum
640 465 703 505 isti
733 464 872 504 morbo
904 476 1012 504 nunc
1042 470 1110 503 tuo
1141 464 1259 503 facias
1288 463 1408 502 mali?

110 533 225 574 ΜΕΝ.
255 533 362 580 Quin
383 540 425 573 tu
447 539 485 572 te
506 531 744 586 suspendis?
774 532 873 573 SEN.
905 531 1054 583 Ecquid
1075 529 1227 571 sentis?
1257 531 1373 571 MED.
1405 531 1550 577 Quidni
1576 531 1770 572 sentiam?

111 614 192 641 non
225 607 356 654 potest
384 601 481 640 haec
511 612 575 640 res
605 600 766 639 ellebori
799 598 996 651 ÷iungere
1021 596 1295 650 *optinet-iera
1316 620 1334 626 -ν
1412 612 1425 627 2

108 669 175 708 sed
194 669 286 720 quid
303 669 370 715 ais,
388 666 669 707 Menaechme?
700 667 816 707 ΜΕΝ.
841 657 1039 712 Quidvis?
1069 666 1189 706 MED.
1211 666 1280 704 Dic
1297 665 1476 705 mihihoc
1487 667 1591 717 quod
1601 673 1639 706 te
1651 679 1768 717 rogo:

107 736 236 775 album
269 746 321 775 an·
350 728 476 775 atrum
506 736 641 774 vinum
671 733 814 786 potas?
872 734 989 775 ΜΕΝ.
1038 734 1140 779 Quin
1172 740 1214 773 tu
1246 734 1278 773 is
1309 734 1349 772 in
1380 733 1518 773 malam
1551 732 1737 773 crucem?
1766 740 1823 773 915

92 792 224 844 vMED.
247 803 326 842 Iam
343 803 472 842 hercle
489 809 667 855 occeptat
682 802 856 842 insanire
873 801 1097 854 primulum.
1118 815 1140 839 *
1157 801 1274 842 ΜΕΝ.
1295 801 1397 848 Quin
1409 808 1523 841 turne
1535 802 1768 853 interrogas,

108 883 352 922 purpureum
383 883 524 923 panem
556 883 605 910 an
636 870 850 923 puniceum
881 870 1027 910 soleam
1058 882 1131 921 ego
1162 882 1246 910 esse
1278 882 1327 909 an
1359 868 1539 910 luteum?

107 939 306 978 soleamne
338 951 422 978 esse
452 939 531 979 avis
559 950 798 990 squamosas,
829 938 947 990 piscis
976 935 1200 989 pennatos?
1258 937 1357 978 ΞΕΝ.
1410 937 1548 989 Papae,

108 1006 224 1045 audin
256 1013 299 1045 tu
329 1013 372 1046 ut
401 1006 656 1046 deliramenta
686 1004 888 1058 loquitur?
920 1005 1012 1056 quid
1042 1017 1172 1044 cessas
1201 1005 1293 1044 dare
1696 1011 1764 1044 919.
1779 1011 1837 1044 920

109 1074 281 1124 potionis
311 1074 457 1126 aliquid
486 1074 596 1126 prius
627 1086 743 1126 quam
774 1073 943 1126 percipit
973 1071 1154 1113 insania?

108 1141 225 1182 ΜΕΕ.
276 1141 391 1181 Mane
420 1142 550 1190 modo,
581 1142 696 1181 etiam
727 1141 992 1193 percontabor
1022 1141 1106 1180 alia.
1166 1141 1267 1181 SEN.
1318 1139 1472 1179 Occidis
1502 1140 1693 1180 fabulans.

109 1208 227 1250 MED.
280 1209 349 1248 Dic
379 1209 472 1249 mihi
503 1209 598 1249 hoc:
630 1209 759 1248 solent
787 1209 858 1248 tibi
889 1220 1072 1260 umquam
1105 1208 1206 1247 oculi
1238 1208 1325 1247 duri
1356 1206 1472 1247 fieri?

112 1276 227 1316 ΜΕΝ.
277 1275 407 1322 Quid?
440 1284 479 1316 tu
512 1289 573 1316 me
604 1277 797 1316 lucustam
829 1288 966 1316 censes
997 1289 1093 1320 esse,
1125 1276 1242 1315 homo
1275 1276 1554 1327 ignavissime?

108 1343 226 1384 MED.
279 1345 346 1384 Dic
376 1346 491 1384 mihi:
525 1358 573 1384 en
605 1357 789 1396 umquam
820 1345 1005 1384 intestina
1035 1344 1104 1383 tibi
1137 1350 1312 1396 crepant,
1345 1343 1449 1395 quod
1481 1341 1656 1383 sentias?
1781 1349 1837 1382 925

108 1412 224 1453 ΜΕΝ.
276 1413 347 1452 Vbi
378 1421 487 1453 satur
516 1425 615 1461 sum,
647 1413 752 1452 nulla
784 1413 998 1464 crepitant3
1030 1412 1186 1463 quando
1219 1412 1362 1458 esurio,
1395 1418 1477 1450 tum
1509 1418 1686 1462 crepant.

107 1479 225 1520 ΜΕΙ).
276 1479 360 1519 Hoc
391 1480 547 1532 quidem
580 1480 719 1532 edepol
750 1480 824 1519 hau
856 1492 928 1531 pro
959 1478 1290 1529 insanolverbum
1323 1478 1527 1530 respondit
1558 1478 1664 1517 mihi.

109 1547 395 1598 perdormiscin
425 1560 551 1599 usque
582 1548 628 1587 ad
660 1547 817 1587 lucem?
847 1548 986 1587 facilen
1020 1554 1061 1586 tu
1093 1547 1240 1586 dormis
1272 1544 1451 1586 cubans?

107 1615 224 1655 ΜΕΝ.
274 1615 556 1663 Perdormism,
587 1616 618 1655 si
650 1615 790 1655 resolvi
819 1618 1027 1667 argentum
1059 1615 1120 1654 cui
1153 1614 1276 1653 debeo
1309 1638 1363 1643 -

221 1774 287 1807 908
312 1773 386 1807 heu
411 1772 463 1807 B2
555 1774 620 1806 909
644 1771 713 1807 M.:
738 1776 832 1817 spat.
858 1771 893 1806 B
985 1771 1048 1806 sed
1073 1769 1189 1806 B¹CD
1281 1771 1317 1806 S.
1342 1782 1410 1806 om.
1503 1773 1604 1807 ateas
1631 1770 1682 1806 B2

108 1831 174 1863 910
199 1828 248 1863 M.
274 1839 342 1863 om.
413 1831 477 1864 912
503 1828 601 1863 ΜΕΝ.
629 1839 697 1864 om.
768 1828 803 1864 S.
828 1827 1035 1864 Acidalius:
1059 1828 1156 1863 Man.
1227 1827 1326 1862 Mm).
1349 1826 1556 1862 Acidalz'us:
1579 1827 1678 1862 ΜΕΝ.

109 1887 175 1920 913
198 1883 299 1919 Mn).
325 1884 362 1919 B
452 1885 610 1929 unguine
634 1884 686 1920 θ’
709 1884 979 1925 (Lac-lunanum
1004 1895 1063 1930 op.
1087 1885 1125 1926 2,
1148 1885 1236 1927 189)
1260 1884 1324 1919 vix
1346 1887 1452 1925 recte,
1477 1884 1527 1928 cf.
1562 1883 1772 1928 Vssz‘nqius‚·

107 1952 137 1976 v.
159 1942 247 1976 920.
276 1941 361 1976 950.
400 1941 523 1985 ingere
543 1953 572 1982 ς,
598 1940 696 1986 quod
718 1940 839 1976 debuit
861 1940 985 1985 iugero
1011 1941 1076 1981 (ste
1092 1939 1419 1976 Sonnensclzeinius
1442 1939 1544 1975 class.
1569 1950 1639 1975 rev.
1658 1940 1770 1981 1892,

109 1998 220 2040 448),·
239 1997 330 2042 fort.
348 2007 422 2034 uno
439 2007 558 2039 onere,
583 1997 635 2041 cf.
653 1996 749 2032 Plat.
766 1995 926 2042 Eetthycl.
943 1997 1051 2032 2991]
1073 1993 1283 2042 ἐλλεβόρου
1304 1990 1428 2041 ἅμαξα
1453 1994 1680 2037 (Schoeneus)

109 2057 174 2088 914
198 2054 343 2088 nomina
369 2064 438 2088 om.
531 2054 740 2088 menachme
767 2052 800 2087 Β
891 2056 928 2089 te
952 2064 1021 2089 om.
1047 2053 1083 2088 B
1176 2056 1241 2088 915
1265 2053 1318 2088 sic
1342 2052 1524 2097 ascriptus
1547 2051 1586 2086 in
1610 2051 1646 2086 B
1661 2063 1770 2086 manu

108 2109 309 2146 recentiore
332 2111 373 2153 (s.
398 2107 632 2153 XIIIJXIV)
658 2108 707 2143 ad
733 2108 960 2145 Curculionis
984 2121 1013 2145 v.
1031 2111 1132 2145 242:
1155 2110 1275 2146 album
1300 2118 1349 2143 an
1372 2110 1492 2144 atrum
1515 2108 1640 2143 uinum
1664 2110 1770 2152 potas

109 2166 195 2211 quid
218 2165 285 2201 tibi
309 2165 449 2210 quesito
475 2175 566 2210 opus
591 2166 657 2208 est,
680 2164 818 2200 scilicet
840 2165 1078 2212 interroqatio
1103 2166 1247 2208 eadem,
1272 2164 1435 2211 quaestio
1459 2165 1622 2205 varana,-
1647 2164 1698 2209 of.
1723 2163 1772 2198 ad

109 2234 138 2259 v.
159 2223 236 2257 923
326 2224 391 2257 916
415 2222 514 2257 MED.
533 2221 740 2257 Ace'dalz'us:
763 2232 830 2256 om.
924 2224 1075 2267 occepta
1093 2221 1208 2258 B¹CD
1299 2220 1387 2266 quin
1411 2222 1450 2256 tu
1467 2230 1574 2264 rogas
1592 2219 1749 2255 Botbz'us
1758 2232 1773 2260 ;

109 2279 277 2314 lacunam
306 2279 434 2314 statuit
463 2277 699 2320 thschelius,
728 2277 989 2323 probabiliter,
1025 2278 1094 2313 nisi
1124 2278 1223 2324 quod
1253 2288 1284 2313 v.
1313 2278 1383 2312 915
1412 2276 1531 2323 qualis
1566 2276 1772 2311 Curculioni

109 2335 292 2381 ascriptus
323 2335 361 2370 in
392 2334 428 2369 B
457 2333 590 2380 leqe'tur
620 2333 824 2380 explendae
853 2334 1018 2369 adhibere·
1048 2345 1121 2369 non
1153 2333 1265 2370 debet.
1314 2333 1402 2369 talia
1434 2331 1700 2368 interciderint:
1734 2331 1769 2367 S.

109 2392 196 2438 quin
217 2395 259 2428 tu
284 2390 420 2436 occipis
447 2390 452 2435 Ι
480 2400 610 2425 curare
633 2390 738 2425 eum?
762 2390 862 2425 MRD.
888 2390 975 2435 quin
998 2393 1038 2426 tu
1061 2391 1259 2436 respondes
1283 2389 1398 2424 mihi?
1490 2391 1554 2423 918
1580 2398 1770 2433 quamosas

111 2447 184 2491 CD,
199 2459 306 2494 quam
322 2457 424 2484 ossas
443 2447 504 2489 B2,
522 2457 628 2492 quam
645 2456 728 2482 ossa
741 2446 791 2481 B¹
809 2446 897 2488 (scil.
916 2451 1157 2491 squamossas)
1249 2449 1327 2481 919.
1339 2447 1403 2481 920
1422 2445 1548 2481 auditu
1566 2444 1681 2480 B¹CD

110 2507 173 2540 921
199 2504 251 2550 cf.
275 2503 405 2551 Amph.
436 2505 501 2539 719
616 2505 681 2538 922
705 2514 757 2538 ΜΕ
782 2503 855 2539 alia
881 2504 934 2545 B,
959 2514 1054 2538 corr.
1081 2515 1099 2540 ς
1213 2502 1349 2548 occipis
1375 2501 1426 2536 B‘2
1538 2501 1698 2536 fabulam
1724 2500 1771 2543 B,

110 2560 219 2596 falam
239 2559 312 2602 CD,
337 2571 433 2596 corr.
451 2560 638 2596 Acidalius
730 2562 794 2595 923
820 2558 869 2594 ad
887 2559 1112 2595 Curculionis
1129 2570 1158 2595 v.
1175 2560 1257 2594 222
1274 2558 1473 2604 ascriptum
1499 2558 1535 2591 in
1553 2557 1588 2591 B
1607 2564 1649 2597 (υ.
1667 2568 1696 2592 s.
1721 2557 1771 2592 ad

115 2619 213 2657 915).·
238 2617 354 2653 solent
376 2617 444 2652 tibi
468 2616 564 2652 oculi
588 2616 669 2652 duri
692 2616 773 2652 fieri
797 2626 971 2652 censesne
993 2616 1170 2651 locustam
1194 2626 1273 2650 esse
1342 2617 1409 2649 924
1432 2614 1610 2649 lacustam
1630 2612 1680 2647 Β2

37 2675 40 2677 ’
113 2677 177 2709 925
201 2673 289 2708 mihi
312 2684 357 2710 en
381 2683 547 2718 umquam
565 2672 707 2708 Nonius
722 2674 801 2707 255
809 2687 819 2706 .-
843 2683 899 2708 me
922 2672 982 2707 hie
1007 2671 1077 2709 (111*
1096 2672 1154 2714 13¹)
1178 2681 1371 2715 numquam
1391 2668 1517 2713 B¹CD‚
1540 2669 1625 2704 mihi
1643 2679 1769 2705 anum-

113 2740 220 2775 quam
246 2729 296 2764 B²
385 2729 452 2765 tibi
476 2740 545 2765 om.
571 2728 714 2764 Nonius
806 2731 871 2763 926
895 2731 983 2764 tunc
1007 2727 1150 2762 Nonius
1241 2729 1304 2761 927
1333 2727 1432 2761 haud
1457 2727 1508 2762 Β2
1598 2728 1662 2761 928
1687 2736 1769 2771 per-

113 2785 373 2822 dormiscanius
391 2796 460 2830 que
527 2795 581 2820 m:
597 2784 721 2821 facilin
738 2787 815 2826 (·en
832 2784 903 2825 B2)
927 2784 969 2827 B,
994 2783 1118 2819 facilin
1137 2783 1198 2819 CD
1267 2782 1447 2818 obdormis
1465 2782 1681 2818 Ritsolzelz'ns

114 2853 255 2888 curans,
280 2852 376 2877 corr.
401 2841 594 2877 Acidalius

1428 2898 1497 2931 27*
