2018 3183
225 77 306 114 160
968 77 1148 112 PLAVTI
1659 79 1703 107 IV
1715 80 1741 113 7,
1764 79 1854 113 15-8,
1873 80 1892 108 2

308 200 351 233 ut
382 200 659 244 pergraecetur
690 200 832 237 tecum,
864 192 1110 230 tervenesice.

307 262 465 302 CHRYS.
511 258 542 298 O
574 258 702 304 stulte,
734 257 864 303 stulte,
896 256 1024 295 nescis
1056 269 1162 296 nuuc
1193 257 1325 296 venire
1357 263 1415 306 te;

307 336 423 379 atque
456 328 493 367 in
527 338 645 378 eopse
676 325 803 364 adstas
833 323 972 375 lapide,
1005 329 1046 363 ut
1077 335 1218 375 praeco
1250 324 1461 376 praedicat.
1899 334 1955 367 825

305 396 400 436 Nm.
450 394 680 446 Responde:
714 393 801 444 quis
832 404 894 430 me
924 390 1083 431 vendit?
1142 392 1300 432 CHRYs.
1352 392 1476 438 Quem
1510 393 1546 432 di
1578 393 1743 445 diligunt

305 464 536 503 adulescens
566 461 744 509 moritur,
775 460 866 499 dum
897 460 996 499 valet
1027 460 1146 499 sentit
1176 460 1288 512 sapit.

306 531 411 570 hunc
443 531 474 570 si
505 530 607 569 ullus
637 529 732 568 deus
763 534 921 573 amaret,
954 528 1041 579 plus
1072 528 1185 567 annis
1216 528 1363 575 decem,

307 599 395 650 plus
425 599 499 637 iam
530 597 666 648 viginti
697 603 892 635 mortuom
924 608 1007 635 esse
1040 597 1234 648 oportuit:

305 666 423 705 terrai
455 666 584 705 odium
615 664 799 711 ambulat,
831 665 906 703 iam
940 664 991 703 nil
1025 664 1123 715 sapit
1898 671 1956 705 820

306 746 378 773 nec
409 734 538 781 sentit,
570 733 705 772 tantist
736 732 908 783 quantist
939 732 1084 782 fungus
1115 731 1284 783 putidus.

306 802 399 842 Nm.
451 802 538 841 Tun
571 807 697 840 terrae
728 813 789 839 me
821 801 953 839 odium
985 812 1069 838 esse
1101 797 1307 838 autumas?
1339 799 1518 839 abducite
1550 799 1656 838 hunc

305 870 408 909 intro
440 876 557 920 atque
589 868 818 919 adstringite
850 867 895 906 ad
925 867 1145 906 columnam
1179 867 1344 906 sortiter.

305 949 520 988 numquam
552 937 706 975 auferes
737 936 829 975 hinc
859 947 1010 974 aurum.
1068 934 1226 974 CHRYs.
1276 923 1324 974 Ᾰῑ
1354 934 1421 985 qui
1453 935 1525 974 iam
1562 934 1682 974 dabis.

302 1005 396 1046 Nm.
448 1004 587 1044 Dabo?
646 1004 804 1044 Cum-s.
855 1005 980 1054 Atque
1012 1002 1141 1041 orabis
1171 1015 1232 1041 me
1265 1002 1419 1053 quidem
1451 1002 1554 1041 ultro
1586 1009 1627 1040 ut
1658 1003 1843 1049 auferam,
1899 1008 1955 1041 825

305 1085 393 1112 cum
426 1073 535 1112 illum
566 1073 753 1111 rescisces
785 1071 1077 1110 criminatorem
1108 1082 1237 1109 meum

305 1147 452 1192 quanto
482 1140 521 1179 in
555 1139 703 1191 periclo
734 1145 773 1178 et
803 1144 947 1189 quanta
978 1138 1017 1176 in
1050 1137 1224 1188 pernicie
1260 1137 1344 1176 siet.

303 1215 385 1247 111111
416 1208 636 1247 libertatem
668 1207 852 1258 Chrysalo
883 1205 1096 1257 largibere;

303 1289 375 1328 ego
407 1276 502 1315 adeo
534 1288 749 1327 numquam
782 1275 985 1326 accipiam.
1044 1273 1138 1313 Nm.
1188 1273 1269 1319 Dic,
1300 1273 1492 1312 scelerum
1523 1278 1653 1324 caput,

302 1345 376 1390 dic.
410 1356 487 1395 quo
518 1344 558 1383 in
591 1343 738 1395 periclo
771 1349 827 1382 est
859 1355 969 1381 meus
1000 1342 1264 1381 Mnesilochus
1294 1339 1425 1380 filius?
1897 1346 1954 1379 830

301 1412 460 1453 CHRYS.
512 1413 684 1463 Sequere
716 1412 788 1450 hac
819 1424 893 1457 me,
925 1412 1012 1449 faxo
1044 1410 1118 1449 iam
1151 1410 1262 1450 scies.
1322 1409 1416 1450 Nm.
1468 1409 1555 1455 Quo
1587 1406 1792 1460 gentium?

302 1481 461 1521 ΘΗΜ-5.
483 1480 580 1519 Tres
596 1492 697 1519 unos
714 1492 864 1531 passus.
895 1479 989 1518 Nm.
1013 1478 1078 1517 Vel
1095 1478 1242 1517 decem.
1274 1477 1432 1518 szxs.
1450 1477 1624 1529 Agedum
1641 1483 1696 1524 tu,
1713 1477 1883 1524 Ammo,

302 1549 429 1588 forem
460 1549 561 1588 hanc
590 1547 802 1600 pauxillum
835 1548 961 1598 aperi;
995 1546 1156 1598 placide,
1190 1559 1239 1585 ne
1271 1558 1409 1597 crepa;

305 1623 363 1656 sat
395 1622 464 1656 est.
515 1616 657 1655 accede
688 1616 764 1654 huc
795 1622 849 1654 tu.
895 1614 1007 1654 viden
1041 1612 1291 1653 convivium?

301 1684 395 1724 Nm.
445 1683 564 1723 Video
597 1683 851 1723 exadvorsum
882 1682 1140 1722 Pistoclerum
1172 1689 1210 1720 et
1240 1680 1484 1720 Bacchidem.
1896 1683 1952 1716 835

300 1751 459 1791 CHRYS.
511 1751 586 1797 Qui
617 1757 711 1791 sunt
740 1751 778 1790 in
812 1751 912 1790 lecto
944 1750 1010 1789 illo
1041 1748 1192 1789 altero?
1251 1750 1344 1789 Nm.
1397 1748 1530 1788 Interii
1563 1749 1693 1789 miser.

300 1820 459 1860 CHRYS.
509 1820 707 1859 Novistine
737 1817 967 1858 hominem?
1024 1818 1118 1858 Nm.
1163 1818 1270 1857 Novi.
1330 1818 1487 1858 CHRYS.
1533 1817 1602 1857 Dic
1632 1817 1747 1857 sodes
1776 1815 1882 1863 mihi,

300 1887 430 1926 bellan
462 1887 615 1926 videtur
644 1887 774 1939 specie
805 1885 975 1926 mulier?
1035 1887 1128 1926 Nm.
1179 1886 1409 1925 Admodum.

299 1955 458 1995 Omns.
509 1954 607 2000 Quid
639 1955 755 2002 illam,
787 1955 1087 1994 meretricemne
1119 1967 1203 1994 esse
1235 1952 1400 1994 censes?
1457 1953 1550 1994 Nm.
1601 1950 1817 2005 Quippini?

299 2021 457 2063 ΘΗΜ-5.
500 2023 658 2062 Frustra
681 2036 733 2062 es.
792 2023 886 2063 Nm.
927 2022 1023 2068 Quis
1044 2022 1164 2073 igitur
1180 2020 1412 2062 obsecrost?
1470 2021 1630 2062 CHRYS.
1669 2020 1952 2060 lnveneris.840

300 2103 345 2129 ex
378 2102 437 2129 me
471 2091 626 2142 quidem
657 2091 773 2130 hodie
804 2102 1018 2141 numquam
1049 2091 1119 2130 fies
1150 2090 1304 2129 certior.

847 2202 1237 2243 CLEOMACHVS
1769 2201 1834 2241 IV
1855 2203 1879 2241 8

298 2283 475 2322 Meamne
506 2283 569 2321 hic
601 2282 876 2330 Mnesilochus,
908 2282 1088 2322 Nicobuli
1119 2282 1232 2329 filius.

297 2363 369 2403 per
398 2351 473 2390 vim
506 2356 548 2390 ut
578 2350 745 2390 retineat
775 2349 1009 2389 mulierem?
1041 2362 1140 2401 quae
1171 2351 1266 2389 haec
1295 2347 1480 2388 sactiost?

327 2507 390 2540 813
415 2507 648 2550 pergregetur
764 2507 827 2540 815
852 2505 890 2540 in
914 2515 956 2540 eo
981 2505 1060 2549 ipso
1173 2506 1237 2539 816
1263 2504 1417 2549 diligunt
1440 2504 1477 2538 di
1503 2504 1563 2540 CD
1677 2503 1880 2541 Menander

209 2561 288 2606 [ν’-ᾳ.
312 2562 386 2596 125
402 2559 446 2595 K.
474 2557 518 2597 ὃν
544 2560 580 2597 οἳ
604 2560 694 2597 θεοὶ
719 2564 891 2606 φιλοῦσιν
923 2557 1160 2606 ἀποθνῄσκει
1187 2560 1271 2602 νέος
1364 2562 1428 2594 820
1458 2563 1554 2596 terre
1645 2560 1736 2605 fort.
1761 2561 1879 2607 (iam)

212 2617 334 2653 odium
425 2619 491 2652 824
516 2627 758 2662 numququam
784 2616 818 2651 B
910 2621 949 2652 at
979 2617 1086 2662 (pol)
1111 2616 1309 2652 Muellerus
1424 2618 1488 2650 826
1513 2627 1596 2661 qum
1621 2616 1656 2652 B
1746 2618 1878 2654 reccis-

211 2683 271 2708 ces
300 2674 347 2708 B¹
442 2676 505 2707 827
531 2674 692 2718 periculo
784 2674 937 2718 pernitie
963 2672 1062 2715 BD‘2,
1091 2673 1271 2718 pormittie
1298 2671 1374 2708 CD¹
1467 2675 1530 2706 828
1556 2672 1714 2717 lagibere
1739 2673 1790 2709 B¹

213 2732 276 2764 830
294 2729 456 2775 periculo
477 2730 509 2765 B
601 2732 664 2765 833
690 2729 884 2775 pausillum
908 2730 949 2771 B,
973 2729 1209 2774 pauxillulum
1228 2729 1384 2775 Pylades
1476 2732 1599 2774 crepet
1614 2729 1790 2776 Anqelius
2015 2727 2018 2746 ³

212 2788 276 2820 839
302 2785 475 2830 quippeni
613 2789 677 2821 840
703 2785 840 2821 frustra
864 2797 902 2821 es
920 2798 954 2822 ς.·
979 2786 1130 2821 frustres
1270 2788 1334 2821 842
1360 2785 1489 2820 Mans.
1524 2796 1728 2823 nmononvs
1752 2797 1878 2822 sunnx.
2015 2783 2018 2802 ¹

211 2844 388 2877 cffiwsn‘..
415 2853 442 2877 s.
467 2843 497 2877 B
522 2842 663 2886 (deinde
679 2854 821 2889 praem.
848 2846 995 2886 onnon),
1019 2851 1188 2877 mennon.
1213 2846 1384 2878 cneomm
1409 2852 1486 2877 ems
1504 2842 1566 2885 D2,
1589 2853 1658 2878 om.
1681 2841 1757 2878 CD¹
2013 2855 2018 2895 fl

2012 2898 2018 2952 ξ

2011 2954 2017 2991 l
