1998 3179
77 80 106 109 11
124 82 150 114 2,
164 82 265 110 27-56
755 79 1056 116 MENAECHMI
1657 80 1738 118 395

80 194 197 235 ΜΕΝ.
245 195 380 245 Neque
410 194 540 234 hercle
572 206 644 246 ego
676 193 812 241 bahem
844 207 973 246 neque
1003 200 1041 234 te
1073 195 1159 246 quis
1189 195 1306 234 homo
1337 195 1389 235 sis
1419 195 1514 235 scio.

82 261 183 302 CYL.
233 262 320 301 Non
352 262 427 302 scis
457 262 544 314 quis
573 274 646 313 ego
676 262 762 309 sim,
793 262 860 313 qui
890 263 959 302 tibi
989 263 1213 315 saepissime

80 329 271 382 cyathisso
303 330 404 381 apud
438 342 520 375 nos,
554 329 710 380 quando
741 328 883 381 potas?
941 330 1070 370 MEss.
1120 330 1165 369 Ei
1195 330 1302 377 mihi,

79 408 198 447 quom
230 397 327 436 nihil
357 403 414 437 est
445 397 510 448 qui
541 396 594 436 illi
624 397 775 436 homini
805 397 1019 437 diminuam
1050 406 1179 449 caput.

78 463 195 505 ΜΕΝ.
244 465 331 504 Tun
364 465 598 517 cyathissare
628 465 722 503 mihi
752 465 866 511 soles,
898 465 965 516 qui
995 471 1085 504 ante
1116 467 1222 504 hunc
1252 467 1353 506 diem
1750 472 1807 504 305

78 531 338 582 Epidamnum
372 543 585 583 numquam
616 531 690 571 vidi
723 544 851 583 neque
883 531 999 571 veni?
1063 532 1164 573 ΟΥΕ.
1215 532 1370 584 Negas?

79 598 197 640 ΜΕΝ.
245 599 354 650 Nego
386 599 517 639 hercle
547 611 652 638 vero.
712 599 813 639 Cn.
863 600 950 638 Non
982 606 1024 638 tu
1055 599 1095 638 in
1128 600 1250 639 illisce
1280 601 1442 641 aedibus

76 674 102 707 ÷
142 665 321 706 habitas?
378 667 494 707 ΜΕΝ.
544 667 589 706 Di
621 666 707 706 illos
736 666 927 714 homines,
960 667 1027 718 qui
1058 667 1135 707 illic
1166 668 1353 716 habitant,
1386 669 1585 721 perduint.

77 733 179 774 CYL.
229 734 379 774 Insanit
408 735 471 774 hic
501 735 670 785 quidem,
702 734 768 785 qui
800 734 883 786 ipse
915 735 1014 774 male
1044 735 1137 775 dicit
1166 735 1252 775 sibi.

78 802 210 848 audin,
242 801 521 841 Menaechme?
580 802 697 843 ΜΕΝ.
747 801 847 847 Quid
878 801 964 841 vis?
1022 803 1123 843 ΟΥΕ.
1176 803 1216 842 Si
1247 816 1309 843 me
1341 804 1534 850 consulas,
1752 810 1808 844 310

79 881 281 909 nummum
313 869 420 910 illum
453 882 567 921 quem
601 870 694 909 mihi
726 869 871 909 dudum
904 871 1114 922 pollicitu’s
1144 872 1234 911 dare
1265 896 1319 900 —

78 948 168 976 nam
198 942 242 976 tu
273 936 429 988 quidem
460 937 590 976 hercle
620 943 727 978 certo
760 951 840 977 non
872 938 1005 978 sanu’s
1034 939 1139 985 satis,

76 1003 341 1053 Menaechme,
373 1004 439 1057 qui
471 1017 579 1045 nunc
610 1005 718 1058 ipsus
748 1006 846 1045 male
878 1005 982 1046 dieas
1012 1006 1083 1046 tihi
1116 1030 1169 1035 -

79 1071 224 1120 iubeas,
255 1073 287 1112 si
316 1073 454 1124 sapias,
484 1073 691 1124 porculum
722 1074 864 1112 adferri
896 1073 977 1113 tibi.
1671 1083 1738 1116 314.
1752 1082 1808 1116 315

78 1140 185 1182 ΜΕΞ.
237 1141 296 1180 Eu
325 1141 457 1180 hercle
488 1142 688 1180 hominem
721 1142 896 1189 multum,
929 1149 966 1181 et
997 1142 1173 1181 odiosum
1206 1143 1312 1181 mihi.

77 1208 178 1249 CYL.
229 1209 335 1248 Solet
365 1209 482 1248 iocari
513 1221 630 1260 saepe
660 1221 812 1248 mecum
845 1209 934 1248 illoc
965 1202 1093 1248 niodo.

78 1289 193 1328 quam
224 1277 279 1316 vis
308 1276 495 1316 ridiculus
525 1284 594 1324 est,
627 1276 692 1316 ubi
724 1289 820 1316 uxor
853 1290 931 1316 non
964 1277 1084 1316 adest.

77 1345 169 1396 quid
201 1345 256 1383 ais
285 1343 358 1383 tu?
416 1345 533 1384 ΜΕΝ.
584 1344 685 1390 Quid
715 1345 784 1392 vis,
816 1345 989 1396 inquam.
1049 1345 1150 1385 ΟΥΕ.
1201 1346 1310 1385 Satin
1343 1346 1417 1386 hoc
1451 1347 1554 1398 quod
1587 1348 1691 1387 vides

78 1413 205 1452 tribus
235 1412 342 1452 vobis
374 1419 657 1464 opsonatumst‚
689 1425 737 1452 an
771 1426 922 1464 opsono
953 1413 1131 1465 amplius,
1752 1427 1809 1459 320

77 1480 146 1519 tibi
179 1487 217 1519 et
247 1481 414 1532 parasito
446 1486 485 1519 et
514 1479 696 1519 mulieri?
755 1481 870 1520 ΜΕΝ.
921 1482 1025 1527 Quas
1056 1481 1126 1533 [tu]
1159 1481 1353 1520 mulieres.

77 1559 177 1599 quos
207 1554 248 1587 tu
279 1548 469 1600 parasitos
499 1546 687 1599 loquere?
746 1548 874 1588 MEss.
920 1547 1029 1593 Quod
1064 1554 1099 1587 te
1132 1556 1243 1600 urget
1273 1549 1412 1589 scelus.

77 1615 144 1667 qui
174 1615 266 1655 huic
295 1616 347 1655 sis
378 1614 593 1655 molestus?
652 1616 754 1656 ΟΥΕ.
805 1616 906 1662 Quid
937 1615 1006 1655 tibi
1039 1629 1190 1655 mecum
1224 1623 1281 1656 est
1313 1616 1397 1657 rei'?

77 1696 149 1734 ego
181 1689 219 1722 te
251 1696 329 1723 non
366 1683 473 1722 novi:
505 1696 593 1722 cum
627 1684 699 1723 hoc
732 1696 847 1735 quem
882 1684 968 1723 novi
1001 1684 1167 1723 fabulor.

77 1750 206 1792 MEss.
255 1751 340 1790 Non
374 1752 512 1803 edepol
543 1754 584 1790 tu
617 1753 733 1791 homo
764 1764 883 1791 sanus
914 1765 968 1799 es,
999 1758 1106 1791 certo
1138 1753 1232 1792 scio.
1753 1767 1809 1798 325

77 1818 179 1859 ΟΥΕ.
230 1819 308 1858 Iam
339 1832 433 1871 ergo
464 1821 559 1859 haec
590 1820 801 1860 madebunt
831 1821 937 1866 sam,
972 1820 1026 1859 nil
1057 1821 1284 1860 morabitur.

77 1887 193 1938 proin
226 1893 267 1926 tu
299 1899 348 1926 ne
379 1899 456 1938 quo
488 1887 603 1927 abeas
634 1888 789 1938 longius
819 1888 866 1926 ab
897 1888 1069 1927 aedibus.

79 1955 269 2006 numquid
300 1953 384 1994 vis?
442 1955 558 1996 ΜΕΝ.
609 1955 656 1995 Vt
686 1968 750 1995 eas
780 1956 982 1995 maximam
1016 1956 1151 1995 malam
1185 1968 1356 1996 crucem.

78 2021 179 2063 CYL.
230 2023 290 2062 Ire
321 2023 452 2062 hercle
482 2023 635 2062 meliust
667 2029 705 2062 te
735 2023 890 2063 interim
922 2031 1037 2075 atque
1069 2023 1313 2070 accumbere,

79 2090 169 2129 dum
203 2102 276 2142 ego
306 2091 402 2129 haec
432 2103 589 2142 appono
621 2091 665 2130 ad
700 2090 858 2130 Volcani
889 2091 1124 2131 violentiam.
1751 2105 1809 2138 330

79 2157 142 2196 ibo
175 2158 279 2197 intro
311 2164 350 2197 et
380 2159 503 2198 dicam
536 2165 573 2198 te
604 2159 666 2198 hic
697 2159 847 2199 adstare
880 2159 1025 2205 Erotio,

190 2282 252 2314 301
281 2290 346 2323 ego
372 2291 440 2314 om.
466 2279 501 2314 P
590 2280 651 2325 qui
667 2280 699 2315 Α
792 2283 856 2315 302
883 2281 953 2316 scis
977 2280 1089 2315 AB2.·
1113 2281 1162 2316 sis
1179 2279 1214 2314 P
1303 2281 1483 2314 303-342
1506 2278 1604 2314 deest
1620 2280 1650 2313 A

79 2337 143 2370 303
161 2335 308 2371 ciatisso
393 2339 489 2372 totas
510 2335 622 2373 B¹CD
707 2339 773 2370 304
796 2347 877 2380 qum
896 2335 943 2378 B,
961 2347 1041 2372 cum
1060 2335 1120 2372 CD
1204 2335 1436 2371 dimminuam
1453 2334 1488 2370 B
1573 2337 1638 2370 305
1654 2337 1742 2371 tunc

83 2390 195 2427 B¹CD
286 2393 484 2437 cyatissare
511 2393 564 2427 B.-
597 2392 792 2428 cratissare
818 2391 878 2428 ΟΒ
971 2395 1037 2427 306
1063 2393 1100 2428 C.
1128 2405 1164 2429 ςε
1200 2393 1262 2427 ΜΕ
1354 2394 1418 2426 307
1446 2391 1495 2425 Μ.
1521 2401 1589 2426 om.
1615 2391 1651 2426 B

80 2450 145 2483 308
168 2448 280 2484 habes
305 2447 509 2494 Seyffertus
615 2459 684 2494 que
708 2448 825 2484 B‘CD
939 2448 1096 2493 perdunt
1123 2449 1155 2483 B
1164 2448 1237 2484 ¹01>
1352 2450 1417 2483 300
1442 2447 1618 2491 equidem,
1643 2458 1738 2483 corr.

81 2503 269 2540 Bentleius
358 2505 436 2549 ipse
460 2517 496 2542 ς.·
526 2505 565 2540 id
590 2516 628 2540 se
719 2507 785 2540 310
810 2507 874 2541 aut
903 2505 941 2540 in
971 2516 1078 2540 mena
1100 2506 1168 2540 hec
1191 2515 1247 2540 me
1273 2503 1388 2540 B¹CD
1481 2506 1542 2538 311
1562 2514 1616 2549 sq.
1642 2504 1743 2549 quod

79 2570 184 2594 suum
199 2571 399 2596 sermonem
414 2562 651 2597 excusatione
667 2561 773 2607 quasi
788 2561 1054 2607 interrumpens
1072 2561 1267 2597 titubanter
1282 2560 1455 2606 loquitur,
1473 2569 1619 2594 causam
1635 2558 1744 2596 habet

80 2625 205 2651 servus
227 2627 312 2653 erae
335 2618 491 2653 amatori
512 2618 692 2652 insaniam
716 2617 946 2664 exprobrans
1038 2620 1104 2652 316
1128 2628 1174 2653 eu
1197 2616 1445 2652 Camerarius:
1466 2617 1507 2650 tu
1598 2618 1662 2651 317
1687 2615 1740 2652 Io-

82 2671 159 2707 cari
226 2672 288 2708 illo
315 2673 374 2708 00
443 2676 507 2709 319
525 2684 627 2720 pers.
653 2685 722 2710 om.
794 2674 863 2719 Qui
887 2673 963 2715 BC,
988 2673 1075 2717 Quis
1098 2673 1126 2708 D
1195 2673 1343 2718 inquam
1366 2672 1416 2717 cf.
1439 2671 1524 2706 648.
1559 2670 1741 2708 Vahlenus

81 2730 203 2763 Herm.
224 2729 280 2770 17,
300 2730 369 2764 619
460 2732 525 2765 320
550 2731 654 2766 nobis
678 2730 713 2765 B
806 2731 1020 2766 obsonatust
1112 2731 1173 2764 321
1202 2732 1266 2770 [tu]
1291 2727 1450 2773 Pylades
1542 2730 1607 2763 322
1631 2740 1739 2774 para-

82 2783 168 2819 titos
261 2787 326 2820 325
351 2786 443 2822 Mas.
462 2799 498 2823 s:
525 2786 584 2822 Me
602 2787 643 2822 ci
659 2786 720 2830 D²‚
738 2797 807 2821 om.
827 2787 861 2822 B
954 2788 1017 2820 327
1045 2786 1179 2821 habeas
1271 2785 1316 2820 ab
1340 2783 1475 2829 <hisce>
1493 2785 1649 2821 Brixz'us

81 2841 147 2875 328
165 2850 226 2876 eas
243 2841 315 2887 (in)
333 2841 385 2876 ΒΞ
475 2845 540 2877 329
565 2843 695 2878 avertit
711 2842 937 2879 maledictum
954 2842 1018 2877 sed
1033 2846 1133 2877 cavet
1148 2852 1192 2876 ne
1209 2840 1401 2876 maledicat
1491 2844 1557 2876 330
1574 2851 1658 2886 ergo
1678 2842 1742 2877 BC
