1998 3179
89 86 142 121 11,
165 87 256 120 19-2‚
275 87 292 114 2
825 83 1020 119 CAPTIVI
1668 84 1749 121 185

363 199 602 251 odiosicique
632 204 672 238 et
699 198 865 238 multum
896 197 1247 239 incommodestici.

362 273 401 307 et
430 267 493 306 hic
525 266 681 318 quidem
711 265 854 314 hercle,
886 266 960 306 nisi
991 266 1058 317 qui
1088 265 1274 318 colaphos
1304 264 1458 317 perpeti

362 340 492 386 potest
521 334 714 386 parasitus
743 333 950 385 frangique
981 334 1086 373 aulas
1117 333 1156 372 in
1183 339 1313 385 caput,

360 401 447 455 [vel]
478 403 535 442 ire
566 409 673 442 extra
703 407 855 454 portam
886 401 1150 453 Trigeminam
1179 401 1225 440 ad
1256 412 1413 440 saccum
1443 400 1545 440 licet.
1780 408 1817 441 90

359 471 464 521 quod
494 470 588 509 mihi
620 482 669 509 ne
700 469 863 517 eveniat,
894 482 975 508 non
1007 469 1158 508 nullum
1187 468 1410 520 periculum·
1438 474 1508 507 est.

362 549 452 577 nam
483 543 691 589 postquam
721 548 833 575 meus
863 548 931 575 rex
962 542 1021 575 est
1049 536 1197 587 potitus
1226 535 1396 576 hostium
1426 558 1481 565 —

360 605 411 645 ita
442 617 551 644 nunc
580 603 812 654 belligerant
841 603 967 642 Aetoli
999 615 1089 642 cum
1119 603 1242 651 Aleis;

363 685 450 712 nam
482 671 630 711 Aetolia
659 671 756 710 haec
787 676 856 717 est,
887 671 966 710 illic
995 676 1054 710 est
1083 676 1220 722 captus
1250 670 1290 709 in
1323 669 1445 716 Alide,

362 740 665 791 Philopolemus,
695 738 812 778 huius
842 738 1030 790 Hegionis
1060 738 1162 777 filius
1779 746 1817 778 95

360 807 479 854 senis,
510 807 577 858 qui
607 806 671 845 hic
700 806 858 853 habitat,
889 818 988 856 quae
1018 806 1130 845 aedes
1162 803 1411 843 lamentariae

358 874 453 914 mihi
484 880 588 923 sunt,
619 886 716 926 quas
748 874 1100 925 quotienscumque
1131 872 1332 924 conspicio
1362 872 1458 917 sseo3

360 954 467 982 nunc
495 942 559 981 hic
590 941 744 993 occepit
773 947 979 993 quaestum
1008 941 1116 980 hunc
1146 940 1199 980 fili
1230 940 1352 992 gratia

359 1010 614 1050 inhonestum
644 1015 683 1049 et
712 1010 877 1049 maxime
907 1009 1078 1048 alienum
1108 1008 1270 1060 ingenio
1300 1020 1391 1048 suo:

358 1077 538 1117 homines
568 1077 739 1130 captivos
769 1083 1065 1123 commereatur,
1096 1076 1127 1115 si
1158 1082 1276 1126 queat
1766 1082 1818 1114 100

358 1146 528 1197 aliquem
558 1146 748 1193 invenire,
779 1158 892 1184 suom
923 1145 988 1196 qui
1018 1150 1143 1184 mutet
1174 1144 1307 1183 filium.
1566 1138 1568 1140 ’

359 1213 465 1265 quod
494 1213 652 1264 quidem
682 1226 754 1265 ego
786 1213 901 1252 nimis
931 1225 1047 1264 quam
1076 1212 1192 1264 cupio
1227 1226 1248 1249 νε
1280 1216 1325 1250 ut
1352 1210 1551 1262 impetret;

361 1293 451 1320 nam
482 1281 523 1320 ni
553 1281 661 1320 illum
691 1281 843 1332 recipit,
876 1280 972 1319 nihil
1002 1286 1061 1319 est
1090 1292 1167 1331 quo
1198 1291 1260 1318 me
1290 1279 1488 1330 recipiam.

357 1346 498 1403 (nam)
527 1348 633 1388 nulla
664 1354 722 1387 est
751 1361 841 1400 spes
872 1347 1094 1393 iuventutis,
1126 1360 1209 1386 sese
1241 1346 1369 1386 omnis
1400 1351 1549 1393 amant3

357 1417 422 1456 ille
453 1417 609 1456 demum
639 1416 811 1467 antiquis
842 1422 900 1455 est
929 1415 1159 1455 adulescens
1189 1414 1376 1461 moribus,
1762 1419 1816 1452 105

359 1484 470 1524 cuius
500 1486 716 1535 numquam
748 1484 897 1522 voltum
926 1482 1171 1534 tranquillavi
1203 1482 1349 1533 gratiis.

355 1552 549 1602 condigne
580 1557 691 1603 pater
720 1557 779 1590 est
809 1551 891 1590 eius
921 1557 1092 1590 moratus
1123 1550 1311 1589 moribus.

357 1631 465 1659 nune
494 1620 541 1659 ad
573 1631 662 1658 eum
691 1631 863 1671 pergam.
910 1619 975 1658 sed
1007 1619 1182 1670 aperitur
1212 1618 1367 1664 ostium,

358 1687 462 1726 unde
491 1687 693 1726 saturitate
723 1699 839 1739 saepe
871 1699 943 1737 ego
975 1686 1050 1725 exii
1081 1685 1226 1725 ebrius.

821 1776 1009 1817 HEGIO
1680 1773 1702 1811 Ι
1725 1774 1747 1812 2

354 1845 523 1884 Advorte
554 1845 729 1884 animum
758 1844 811 1884 sis
842 1851 901 1883 tu:
934 1845 1028 1883 istos
1058 1843 1230 1894 captivos
1260 1843 1371 1887 duos,
1765 1861 1818 1893 110

357 1912 442 1952 heri
472 1925 572 1963 quos
603 1912 678 1951 emi
709 1912 756 1951 de
788 1913 930 1963 praeda
962 1897 986 1950 a.
1020 1910 1308 1963 quaestoribus,

197 2015 237 2047 87
270 2013 544 2048 incomodestici
659 2015 700 2047 89
731 2015 835 2057 potes
951 2012 1054 2047 aulos
1080 2011 1132 2046 B¹
1247 2014 1289 2045 90
1315 2010 1373 2045 uel
1401 2009 1470 2045 del.
1498 2008 1669 2050 Guielus,·
1693 2009 1751 2043 uel

84 2071 187 2105 extra
211 2088 251 2094 —
276 2069 378 2104 ilicet
399 2068 579 2110 Botlu'us;
609 2073 710 2104 errat
734 2067 902 2104 Klotzz'us
931 2068 1086 2114 qrundz.
1111 2069 1193 2103 altr.
1217 2071 1318 2102 metr.
1345 2067 1394 2101 83
1538 2068 1596 2101 tra
1623 2075 1749 2110 poram

85 2125 136 2160 B¹
218 2126 402 2161 sacculum
429 2124 497 2161 VE
575 2125 672 2160 dixit
688 2125 732 2160 de
749 2125 816 2160 lzoc
833 2125 910 2160 loco
927 2124 1130 2160 Lobeclce'us
1146 2123 1324 2170 :lqlaoplu
1340 2124 1441 2158 1033
1514 2126 1551 2157 91
1573 2125 1661 2167 quot

86 2184 128 2217 92
153 2182 202 2226 ef.
226 2183 308 2217 762.
334 2181 477 2217 Nonius
500 2182 578 2217 498
601 2184 642 2224 (s.
667 2185 783 2226 genet.
809 2193 875 2227 pro
901 2182 984 2223 abl.)
1008 2181 1062 2216 Pl.
1085 2181 1248 2226 Captiuis
1270 2180 1334 2215 ille
1357 2180 1450 2215 alter
1473 2179 1610 2224 potitus
1634 2177 1749 2213 hostis

85 2241 152 2282 est,
175 2238 238 2273 ubi
259 2238 321 2273 ille
345 2238 438 2274 alter
461 2239 510 2273 ad
532 2238 564 2272 T
560 2250 612 2273 er.
628 2238 694 2274 Ad.
715 2240 783 2273 871
802 2239 989 2285 pertinere
1012 2244 1047 2272 et
1071 2239 1196 2272 turbas
1221 2237 1305 2272 olim
1327 2238 1451 2282 factas
1474 2247 1550 2271 esse
1573 2235 1636 2279 (ef.
1654 2234 1749 2269 Non.

85 2295 169 2337 481)
192 2300 281 2341 post
311 2295 406 2330 alios
435 2296 608 2341 exposuit
630 2295 829 2331 Muellerus
949 2306 1001 2340 sq.
1027 2295 1146 2330 oratio
1178 2295 1457 2339 inconsequens,
1488 2291 1589 2327 nulla
1614 2301 1751 2337 paren-

86 2350 194 2386 tnesis
323 2353 366 2386 93
390 2351 496 2387 alidis
626 2354 668 2386 94
686 2352 735 2397 ef.
755 2352 842 2393 330,
869 2351 918 2386 ad
943 2352 1019 2386 997
1141 2354 1183 2386 95
1207 2350 1389 2396 philopole
1412 2359 1511 2384 meus
1535 2347 1750 2394 (philopolo-

84 2418 184 2443 meus
210 2408 258 2450 B)
361 2408 497 2453 egionis
605 2410 647 2443 98
672 2409 733 2443 hic
757 2408 981 2450 adverbium,
1012 2408 1049 2443 in
1074 2407 1129 2442 ln‘s
1154 2408 1301 2442 aedibus
1405 2408 1447 2440 99
1472 2409 1507 2441 et
1531 2417 1598 2440 om.
1624 2405 1660 2439 Β

88 2466 151 2499 100
177 2468 403 2500 comer-catur
427 2467 554 2506 (-tatur
577 2464 624 2507 D)
650 2464 724 2500 DE
827 2468 886 2500 101
915 2464 976 2509 qui
1001 2467 1206 2508 cummutet,
1232 2475 1325 2499 corr.
1352 2462 1546 2508 Scioppius
1643 2464 1749 2496 102—

88 2523 150 2555 107
168 2524 251 2567 post
266 2533 296 2557 v.
313 2523 389 2557 125
409 2521 541 2557 habent
557 2521 673 2564 codd„
696 2521 755 2557 laic
770 2522 933 2568 reposuit
948 2521 1135 2556 Acidulius
1151 2521 1241 2563 (Lol.
1259 2531 1397 2566 praem.
1417 2519 1464 2561 Β)
1560 2521 1623 2553 102
1643 2517 1749 2563 cupio

87 2579 128 2612 ut
151 2577 336 2623 sinyulare
354 2578 463 2622 fidem
484 2578 681 2614 nonhabet
705 2579 742 2612 in
765 2589 870 2614 versu
895 2589 966 2613 non
991 2578 1154 2623 inteproe
1178 2577 1284 2622 cupio
1308 2575 1434 2622 (fieri)
1458 2574 1661 2609 Schoelle'us

87 2633 240 2678 imperet
333 2637 394 2670 103
419 2634 572 2678 inillum,
596 2646 690 2670 corr.
718 2635 769 2670 B2
879 2638 942 2670 104
966 2635 1094 2679 (nam)
1116 2634 1158 2668 L.
1272 2636 1333 2668 105
1359 2632 1598 2667 adhulescens
1624 2631 1660 2665 B

90 2692 154 2724 106
180 2690 238 2725 cui
260 2691 317 2726 ius
341 2690 416 2726 DV
550 2692 747 2736 tranquilla
771 2691 933 2735 nigratus
958 2690 1134 2735 (ingratiis
1161 2690 1209 2732 D,
1236 2689 1388 2733 ingratis
1414 2688 1475 2730 E1,
1499 2688 1663 2732 ingratus
1688 2686 1751 2729 ΕΞ)

88 2745 164 2781 DV
165 2745 202 2780 E
294 2749 353 2781 107
373 2750 428 2783 est
443 2750 548 2792 pater
563 2747 599 2783 B
694 2750 756 2782 108
781 2748 938 2783 hostium
1036 2750 1095 2781 109
1114 2747 1308 2782 suturitate
1334 2745 1374 2786 V,
1400 2744 1591 2780 s*turitate
1609 2744 1660 2779 B¹

88 2802 160 2836 exii
184 2802 234 2847 of.
257 2803 330 2837 194
354 2802 466 2839 Stich.
490 2805 566 2839 458
589 2804 684 2840 Rud.
703 2805 776 2839 534
914 2804 1048 2839 SENEX.
1073 2813 1265 2839 Lemnum.
1290 2812 1490 2838 PAssasrrvs
1641 2804 1700 2836 111
1730 2811 1751 2836 a

87 2856 358 2893 Fleckeisenus:
381 2859 426 2895 de
