2018 3183
205 108 284 146 248
944 109 1123 144 PLAVTI
1679 111 1724 139 111
1736 112 1762 146 2,
1782 112 1866 140 1—24

840 245 1211 286 CLEOSTRATA
1751 249 1818 289 ΙΠ
1841 251 1865 289 2

200 313 286 353 Hoc
317 320 399 352 erat
429 319 582 353 ecastor
613 314 715 364 quod
748 325 810 352 me
839 314 897 352 vir
930 321 1037 352 tanto
1069 326 1189 365 opere
1219 313 1354 352 orabat
1383 327 1506 362 meus,

200 387 242 420 ut
273 393 527 432 properarem
560 393 758 420 arcessere
790 381 892 420 hanc
920 378 1046 435 (huc)
1075 382 1121 420 ad
1153 394 1214 421 me
1244 382 1410 421 vicinam
1442 394 1579 429 meam,

199 447 346 486 liberae
377 448 491 487 aedes
523 454 565 487 ut
596 448 667 487 sibi
700 455 843 496 essent,
876 449 1053 488 Casinam
1087 462 1164 500 quo
1194 449 1446 489 deducerent.

200 527 308 554 nunc
339 515 435 554 adeo
468 527 714 567 nequaquam
747 528 953 563 arcessam,
985 515 1058 569 (ne
1089 515 1186 571 illis>
1216 517 1488 568 ignavissumis

198 582 310 622 liberi
341 583 418 622 loci
451 590 621 635 potestas
651 585 713 631 sit,
745 585 883 623 vetulis
915 584 1153 624 vervecibus.
1872 611 1933 643 535

198 650 264 689 sed
297 663 431 690 eccum
464 651 677 703 egreditur,
708 652 833 691 senati
865 652 1060 699 columen,
1093 652 1329 704 praesidium
1360 652 1478 704 popli,

197 730 308 758 meus
339 719 501 766 vicinus,
532 732 620 759 meo
654 720 735 759 viro
767 720 832 771 qui
864 720 1032 759 liberum
1064 720 1266 771 praehibet
1295 720 1437 759 locum.

200 798 279 824 non
312 792 464 826 ecastor
493 787 578 826 vilis
608 794 742 839 emptu
773 794 845 835 est,
878 788 1007 826 modio
1039 789 1105 838 qui
1138 788 1242 827 venit
1273 788 1375 827 salis.

864 878 1189 918 ALCESIMVS

198 943 321 981 Miror
350 943 428 982 huc
459 944 535 982 iam
568 957 649 983 non
682 946 824 984 arcessi
856 946 894 984 in
929 959 1163 997 proxumum
1198 958 1358 984 uxorem
1391 958 1528 991 meam,

197 1022 296 1060 quae
327 1011 402 1049 iam
434 1011 593 1058 dudum,
625 1012 657 1050 si
688 1019 919 1057 arcessatur,
953 1021 1090 1051 ornata
1122 1019 1319 1064 exspectat
1349 1013 1466 1051 domi.

196 1078 264 1117 sed
296 1090 441 1125 eccam,
474 1079 594 1130 opino
627 1080 799 1118 arcessit.
845 1081 958 1127 salve,
992 1080 1214 1120 Cleostrata.
1274 1080 1449 1120 CLEOST.
1497 1080 1544 1119 Et
1573 1086 1629 1128 tu,
1661 1081 1935 1127 Alcesime.54o

195 1145 263 1184 ubi
294 1152 360 1185 tua
390 1145 520 1185 uxor?
577 1146 681 1187 ALC.
732 1147 842 1186 Intus
873 1147 935 1186 illa
967 1154 1017 1193 te,
1049 1148 1080 1186 si
1111 1160 1153 1187 se
1183 1160 1368 1195 arcessas,
1401 1154 1551 1195 manet;

197 1226 288 1252 nam
319 1219 408 1253 tuos
437 1214 494 1252 vir
524 1226 586 1253 me
618 1214 750 1262 oravit,
782 1221 825 1254 ut
855 1227 938 1254 eam
970 1218 1070 1254 istuc
1100 1215 1146 1254 ad
1177 1222 1215 1254 te
1246 1215 1418 1254 adiutum
1456 1216 1662 1255 mitterem.

196 1281 256 1319 vin
285 1280 451 1320 vocem?
497 1282 672 1322 CLEOST.
705 1282 798 1322 Sine
830 1295 912 1322 eam
938 1297 959 1321 ῆι
984 1283 1076 1322 nolo
1108 1284 1138 1322 si
1170 1290 1358 1335 occupata
1389 1290 1458 1322 est.
1496 1283 1600 1323 ALc.
1631 1283 1764 1322 Otium
1794 1291 1863 1324 est.

195 1348 371 1389 CLEos'r.
423 1350 484 1388 Nil
513 1362 662 1397 moror,
694 1350 855 1390 molesta
888 1352 921 1389 ei
953 1363 1037 1390 esse
1070 1351 1182 1397 nolo;
1214 1357 1301 1402 post
1335 1363 1571 1390 convenero.

194 1414 297 1456 ALc.
347 1417 434 1456 Non
468 1418 619 1457 ornatis
649 1418 735 1457 istic
767 1419 867 1470 apud
901 1432 968 1457 vos
1001 1418 1184 1470 nuptias?
1243 1419 1419 1459 CLEOST.
1471 1420 1580 1459 Orno
1612 1426 1651 1459 et
1680 1432 1788 1472 paro.
1875 1432 1931 1465 545

193 1484 297 1524 ALc.
340 1485 426 1524 Non
453 1498 547 1536 ergo
578 1498 677 1537 opus
707 1492 765 1526 est
786 1485 1001 1526 adiutrice?
1061 1487 1236 1527 CLEosT.
1284 1487 1384 1526 Satis
1415 1487 1568 1526 domist.
1605 1487 1672 1526 ubi
1705 1488 1862 1540 nuptiae

195 1552 357 1600 fuerint,
389 1559 470 1592 tum
502 1553 611 1592 istam
644 1554 877 1593 convenibo.
927 1567 1033 1593 nunc
1063 1555 1158 1601 vale,
1190 1562 1306 1605 atque
1336 1555 1460 1593 istanc
1491 1555 1594 1594 iube.
1626 1578 1680 1584 —

195 1619 298 1659 ALc.
350 1620 450 1666 Quid
484 1632 555 1670 ego
589 1633 696 1660 nunc
728 1621 892 1660 faciam?
924 1622 1109 1673 flagitium
1143 1634 1364 1661 maxumum
1398 1623 1470 1661 l'eci
1502 1623 1632 1670 miser,

196 1693 361 1738 propter
392 1700 553 1739 operam
585 1688 686 1728 illius
717 1690 846 1741 hirqui
877 1691 1059 1742 improbi,
1091 1690 1276 1737 edentuli,

197 1756 263 1806 qui
296 1756 370 1794 boc
401 1756 495 1794 mibi
526 1758 741 1806 contraxit;
774 1770 932 1809 operam
967 1759 1099 1798 uxoris
1130 1758 1319 1810 polliceor
1350 1759 1466 1805 foras,
1598 1806 1601 1809 Ι
1875 1770 1933 1803 550

196 1823 308 1873 quasi
339 1823 562 1862 catillatum.
609 1825 796 1876 flagitium
830 1826 1011 1873 hominis,
1043 1827 1109 1877 qui
1141 1826 1235 1864 dixit
1266 1826 1357 1864 milii

195 1903 305 1930 suam
336 1895 501 1931 uxorem
533 1893 634 1932 hanc
664 1894 937 1933 arcessituram
968 1907 1074 1942 esse;
1105 1897 1148 1933 ea
1180 1907 1220 1933 se
1252 1906 1336 1932 eam
1370 1897 1485 1945 negat
1515 1894 1717 1933 morarier.

195 1965 312 2010 atque
344 1960 483 2011 edepol
514 1960 654 1999 mirum
687 1961 726 1999 ni
758 1961 913 2000 subolet
945 1962 1015 2000 iam
1050 1963 1124 2000 hoc
1154 1961 1245 2000 huic
1274 1962 1425 2000 vicinae
1456 1973 1576 2001 meae.

308 2083 503 2118 senx-dv
536 2082 611 2120 VE,
638 2094 780 2119 Mvmssn
804 2095 1040 2121 CLEOSTRATA
1065 2084 1116 2119 B‘-'
1208 2087 1270 2118 531
1292 2089 1383 2131 post
1404 2087 1482 2128 532,
1507 2095 1601 2120 corr.
1630 2085 1787 2121 Briaeius
1803 2086 1859 2128 (cl.

194 2135 290 2172 Men.
315 2139 410 2173 1135
436 2140 536 2174 Asin.
563 2140 638 2174 863
671 2140 782 2175 Mero.
813 2142 885 2181 711)
1003 2144 1063 2176 531
1092 2142 1189 2186 quod
1222 2140 1471 2176 Camerarius:
1501 2141 1539 2175 id
1572 2141 1667 2185 quod
1758 2144 1862 2178 tanto

192 2203 280 2238 pere
300 2193 333 2228 B
449 2197 514 2230 532
539 2195 655 2241 (huc)
680 2195 853 2239 Koclzius,
878 2198 927 2243 cf.
955 2197 1116 2233 Bacllius
1133 2198 1169 2232 in
1188 2198 1348 2232 Studem.
1366 2197 1460 2232 stud.
1479 2199 1516 2239 2,
1533 2198 1616 2232 206
1708 2200 1774 2233 533
1799 2199 1861 2234 de-

193 2250 342 2286 duceret
362 2250 397 2285 B
491 2254 556 2287 534
580 2262 626 2288 ne
648 2253 768 2299 suppl.
796 2253 1014 2295 Saracenas,
1040 2255 1111 2289 illis
1138 2253 1299 2290 Koclzz'us
1392 2256 1456 2289 535
1481 2254 1660 2290 accedit
1676 2255 1706 2290 A
1798 2266 1861 2299 ue-

192 2305 279 2341 tulis
296 2307 348 2340 A:
365 2307 491 2343 uitulis
509 2309 596 2348 (-lus
614 2307 661 2351 E)
677 2308 713 2343 P
802 2311 1016 2346 uerbecibus
1033 2311 1064 2345 A
1082 2322 1155 2344 non
1179 2311 1256 2345 sine
1279 2311 1448 2356 exemplo
1541 2312 1606 2345 536
1630 2312 1863 2356 progreditur

192 2361 402 2405 Muellerus,
427 2364 478 2409 cf.
501 2366 571 2399 796
639 2365 742 2410 popl·
761 2368 812 2401 A:
837 2367 962 2411 populi
980 2366 1012 2401 P
1103 2370 1166 2402 537
1185 2367 1336 2412 praebet
1357 2366 1388 2400 Ρ
1477 2369 1541 2402 538
1559 2366 1643 2402 uilis
1660 2371 1801 2412 emptus
1818 2370 1863 2411 A,

192 2418 275 2453 uilis
301 2422 442 2465 emptus
467 2424 523 2456 est
546 2420 590 2463 P,
617 2421 650 2455 T
646 2415 772 2457 ur'nehi
795 2422 894 2464 cod„
920 2433 1012 2457 corr.
1039 2422 1236 2458 Lambinus
1328 2423 1469 2458 modius
1493 2423 1578 2466 ΑΡ,
1603 2434 1697 2458 corr.
1727 2423 1860 2460 Dousa.

193 2474 260 2509 hoc
283 2475 387 2510 dicit:
410 2476 530 2512 modio
553 2477 642 2512 salis
667 2482 817 2520 constat,
844 2482 881 2512 ut
905 2479 1054 2520 amicus,
1080 2483 1198 2514 tamen
1227 2478 1286 2514 hic
1315 2490 1447 2525 maqno
1563 2482 1629 2515 539
1653 2490 1850 2523 Amusmv,

194 2541 431 2567 CLEOSTBATA
454 2534 498 2574 A,
523 2544 639 2568 smmx
664 2545 806 2569 mvmssn
833 2533 945 2569 BVE
1057 2535 1165 2578 miror
1190 2535 1292 2570 AB2:
1316 2535 1405 2571 miro
1433 2534 1476 2574 E.
1501 2536 1709 2571 rubricator
1736 2537 1780 2577 B,
1804 2536 1861 2572 iro

195 2587 244 2620 B¹
256 2586 285 2620 V
355 2591 416 2622 541
439 2589 579 2633 op]inor
595 2590 663 2625 ΑΡ
730 2590 885 2625 accersit
902 2590 936 2624 Ρ
1004 2594 1069 2626 542
1087 2591 1183 2626 illam
1199 2593 1241 2632 A,
1260 2591 1364 2626 ellam
1381 2590 1586 2636 Seyffertus
1656 2594 1720 2626 543
1739 2594 1861 2629 orauit

193 2646 227 2678 et
243 2642 337 2678 istuc
351 2644 427 2687 ΑΡ,
445 2645 496 2690 cf.
515 2646 564 2680 acl
580 2647 677 2681 Asin.
697 2647 781 2689 501,
803 2646 1047 2682 Buecleelerus
1064 2657 1174 2681 carm.
1201 2647 1262 2682 lat.
1280 2658 1334 2693 ep.
1352 2648 1372 2681 1
1387 2659 1424 2692 p.
1443 2648 1495 2681 29
1563 2647 1723 2684 mitteret
1739 2650 1770 2684 A

194 2702 259 2733 544
285 2700 362 2744 sine
380 2699 488 2745 eamit
507 2702 548 2743 A,
566 2702 643 2737 sine
661 2702 705 2744 P,
722 2703 799 2738 sine
817 2714 906 2747 eam,
932 2706 968 2739 te
983 2702 1173 2745 Goetzius,·
1186 2703 1280 2748 fort.
1300 2704 1377 2738 sine
1400 2706 1545 2739 maneat
1615 2707 1680 2739 546
1704 2704 1766 2740 isti
1782 2709 1814 2740 A

191 2765 258 2789 nos
276 2755 311 2790 P
423 2759 488 2792 548
512 2758 630 2802 istanc
654 2759 705 2793 A:
729 2760 835 2794 istam
860 2758 896 2793 l)
1008 2762 1073 2794 550
1096 2759 1191 2804 irqui
1215 2760 1246 2794 A
1337 2760 1493 2804 improbi
1516 2759 1644 2804 (olidi)
1667 2760 1860 2797 Palmerus

192 2810 301 2851 (Men.
322 2813 410 2855 864)
504 2816 568 2848 552
594 2814 794 2850 catillatum
818 2814 905 2849 AP:
931 2807 1075 2851 calillae
1099 2818 1175 2850 tum
1202 2814 1358 2850 Tui-nebi
1377 2814 1553 2858 sclzedae,·
1576 2817 1626 2861 cf.
1644 2816 1860 2863 Fulgentius

194 2867 269 2901 563
295 2869 353 2909 (16
379 2868 436 2907 L.)
509 2872 575 2905 553
601 2880 680 2905 esse
705 2871 771 2906 del.
797 2871 983 2906 Acidale‘us
