2018 3183
251 132 332 170 322
995 127 1174 162 PLAVTI
1721 125 1750 153 11
1767 125 1794 159 3,
1809 125 1913 154 59—82

250 248 458 301 aggredior
488 246 703 292 hominem,
735 244 861 283 saluto
893 243 1117 282 adveniens.
1173 236 1302 281 ‘salve‘
1338 240 1468 292 inquit
1497 240 1606 288 mihi,

251 316 410 369 prendit
439 315 650 359 dexteram,
681 311 844 357 seducit,
874 316 988 363 rogat
1017 310 1110 362 quid
1140 309 1294 348 veniam
1326 308 1493 356 Cariam3

251 386 337 425 dico
369 396 431 423 me
462 382 527 421 illo
558 380 760 420 advenisse
790 378 910 418 animi
941 390 1070 418 causa.
1130 377 1183 416 ibi
1215 389 1276 416 me
1308 377 1539 427 interrogat,
1923 385 1981 419 340

249 464 411 503 ecquem
443 451 481 489 in
516 449 712 502 Epidauro
743 447 941 500 Lyconem
971 446 1199 498 tarpezitam
1231 445 1419 484 noverim.

248 521 335 560 dico
365 532 429 559 me
460 518 627 558 novisse.
681 511 820 568 ‘quid‘l
851 515 1037 554 lenonem
1069 510 1386 566 Cappadocem?'
1421 523 1554 551 annuo

249 588 436 628 visitasse.
491 581 577 626 ‘sed
608 585 703 637 quid
734 596 823 623 eum
854 576 955 622 vis?'
987 578 1096 634 ‘quia
1127 582 1174 621 de
1204 581 1269 620 illo
1301 580 1377 619 emi
1408 579 1597 630 virginem

248 656 407 708 triginta
439 654 568 702 minis,
598 658 756 698 vestem,
787 663 948 700 aurum;
980 656 1018 689 et
1047 662 1120 702 pro
1152 653 1184 689 is
1214 650 1349 688 decem
1381 647 1624 687 coaccedunt
1654 641 1804 685 minae?

242 720 400 764 ‘dedisti
432 729 473 763 tu
503 714 759 774 argentum?'
795 720 968 771 inquam.
1024 714 1162 758 ‘immo
1192 717 1294 769 apud
1326 716 1550 768 trapezitam
1582 714 1699 754 situm
1729 720 1788 754 est
1927 725 1984 757 345

248 792 358 832 illum
390 803 506 843 quem
538 789 615 829 dixi
645 789 858 840 Lyconem,
889 793 1006 838 atque
1038 787 1073 825 ei
1104 785 1294 832 mandavi,
1328 785 1394 836 qui
1425 784 1542 823 anulo

249 873 336 900 meo
367 859 528 899 tabellas
560 857 784 908 obsignatas
815 855 1018 902 attulisset,
1050 860 1094 893 ut
1123 854 1231 892 daret

248 940 421 980 operam,
454 933 497 965 ut
526 926 730 965 mulierem
761 937 781 963 a
812 924 958 963 lenone
988 935 1077 961 cum
1110 934 1204 960 auro
1236 927 1274 960 et
1303 926 1409 960 veste
1438 911 1674 959 abduceret.>

248 1003 458 1048 postquam
487 994 563 1033 hoc
593 993 686 1032 mihi
718 993 902 1044 narravit,
931 990 1028 1029 abeo
1060 989 1106 1028 ab
1137 989 1215 1028 illo.
1274 994 1429 1027 revocat
1457 999 1519 1026 me
1550 986 1653 1034 ilico,

248 1070 359 1103 vocat
389 1075 452 1102 me
481 1061 529 1101 ad
560 1072 716 1109 cenam;
749 1058 885 1111 religio
917 1058 1002 1103 fuit,
1035 1057 1229 1109 denegare
1260 1055 1382 1095 nolui.
1928 1065 1985 1098 350

243 1126 358 1182 ‘quid
390 1131 420 1170 si
452 1130 636 1168 abeamus
666 1140 711 1167 ac
741 1118 1067 1167 decumbamus?
1103 1124 1243 1176 inquit.
1305 1123 1513 1163 consilium
1545 1122 1691 1174 placet:

243 1195 393 1251 ‘neque
423 1198 526 1237 diem
557 1198 671 1237 decet
700 1195 859 1244 morari,
891 1206 1021 1245 neque
1052 1193 1160 1233 nocti
1190 1185 1394 1232 nocerier.³

244 1263 392 1307 ‘omnis
422 1279 486 1306 res
516 1259 721 1318 paratast’.
780 1269 819 1303 et
848 1276 934 1310 nos,
967 1262 1110 1314 quibus
1141 1267 1318 1313 paratum
1351 1266 1421 1307 est,
1451 1271 1643 1299 assumus.

249 1342 456 1388 postquam
488 1333 616 1374 cenati
646 1339 763 1384 atque
793 1331 941 1384 appoti,
972 1331 1070 1370 talos
1100 1330 1227 1382 poscit
1256 1329 1330 1369 sibi
1360 1329 1400 1367 in
1433 1339 1605 1375 manum,

247 1410 436 1456 provocat
465 1416 527 1442 me
558 1402 595 1442 in
630 1402 765 1450 aleam,
797 1406 840 1440 ut
869 1411 942 1450 ego
974 1399 1124 1438 ludam:
1155 1410 1263 1450 pono
1295 1396 1475 1449 pallium3
1929 1405 1986 1438 355

248 1472 312 1511 ille
342 1485 453 1512 suom
484 1470 694 1510 amiculum
725 1468 933 1521 opposivit,
963 1467 1119 1506 invocat
1149 1465 1385 1505 Planesium.

247 1541 417 1580 PHAED.
449 1540 609 1579 Meosne
625 1536 807 1577 amores?
867 1536 995 1576 CvRo.
1026 1535 1128 1574 Tace
1146 1545 1369 1586 parumper.
1411 1531 1500 1571 iacit
1515 1530 1702 1570 volturios
1719 1536 1916 1582 quattuor.

247 1609 346 1648 talos
376 1609 535 1660 arripio,
566 1608 706 1646 invoco
736 1606 876 1662 almam
908 1615 1033 1642 meam
1065 1603 1258 1642 nutricem
1290 1601 1514 1646 Herculem,

249 1677 348 1716 iacto
379 1676 604 1724 basilicum;
636 1675 807 1726 propino
839 1684 1024 1724 magnum
1057 1671 1235 1722 poclum:
1267 1669 1330 1708 ille
1361 1668 1494 1715 ebibit,

249 1750 366 1797 caput
396 1743 571 1796 deponit,
602 1741 897 1782 condormiscit.
958 1753 1031 1791 ego
1064 1739 1098 1778 ei
1130 1738 1308 1778 subduco
1340 1736 1515 1783 anulum,
1930 1744 1987 1778 360

248 1813 399 1852 deduco
431 1813 552 1864 pedes
581 1811 629 1850 de
659 1811 760 1850 lecto
791 1810 902 1855 clam,
936 1821 985 1847 ne
1014 1807 1126 1846 miles
1156 1806 1311 1846 sentiat.

247 1945 334 1981 cidit
367 1945 501 1980 certior
533 1944 657 1980 militis
686 1944 888 1984 denotatio,
921 1946 962 1977 uc
991 1942 1081 1978 vidit
1117 1940 1322 1987 Seyffertzcs
1352 1942 1396 1974 st.
1430 1937 1490 1973 Pl.
1524 1938 1572 1972 15
1587 1947 1642 1982 sq.
1769 1937 1836 1970 338
1868 1934 1920 1980 cf.

247 2001 342 2037 Reid.
360 2002 459 2036 1275
549 2004 614 2037 339
631 2001 824 2046 prehendit
840 2000 1004 2034 dextram
1096 2000 1161 2033 340
1188 1997 1332 2032 uenisse
1351 1996 1385 2031 B
1392 1997 1402 2017 ¹
1418 1999 1502 2030 ante
1518 2004 1613 2029 corr.
1708 1995 1772 2028 341
1798 1994 1920 2037 trape-

245 2058 356 2094 zitam
370 2058 404 2092 B
416 2057 457 2100 V,
473 2058 685 2103 trepezitam
703 2056 740 2091 E
829 2059 894 2092 342
913 2056 1132 2101 capadocem
1148 2055 1181 2089 B
1274 2056 1340 2088 344
1356 2053 1413 2088 his
1490 2051 1672 2087 accedunt
1689 2048 1850 2092 Guietus,
1868 2047 1924 2084 vel

247 2126 290 2150 eo
315 2115 506 2156 accedunt,
531 2114 581 2159 ef.
610 2113 686 2149 Ces.
714 2114 784 2148 518
888 2123 1027 2148 versum
1052 2115 1155 2146 notat
1188 2110 1401 2157 Vssinqius;
1424 2108 1473 2154 ef.
1499 2109 1589 2143 492.
1615 2107 1700 2141 525.
1735 2105 1818 2140 535.
1847 2104 1922 2139 666

245 2171 457 2216 (Lanqemis
472 2172 566 2206 stud.
584 2169 640 2205 Pl.
658 2171 743 2212 135)
837 2172 902 2204 345
920 2168 1078 2204 dedistin
1094 2167 1350 2203 Fleckeisenus
1417 2166 1524 2200 immo
1540 2163 1692 2210 <inquit>
1715 2161 1876 2209 Pylades

249 2230 315 2262 346
339 2227 534 2263 liconidem
626 2227 712 2272 quia
736 2227 845 2262 anulo
871 2226 906 2260 B
931 2232 1016 2261 ante
1040 2236 1152 2267 corr.‚
1178 2224 1264 2270 quia
1286 2223 1386 2258 nullo
1420 2221 1490 2257 VE
1579 2223 1643 2255 347
1670 2219 1815 2255 tabulas
1840 2216 1876 2252 B

248 2287 314 2320 348
339 2295 428 2320 auro
454 2287 491 2320 et
515 2283 569 2319 B:
602 2288 638 2319 et
668 2294 758 2318 auro
791 2283 833 2325 V,
858 2286 894 2318 et
918 2293 1007 2317 auro
1033 2286 1070 2318 et
1097 2280 1132 2316 E
1243 2284 1309 2315 349
1334 2279 1433 2314 illico
1468 2277 1538 2314 VE
1650 2278 1716 2310 350
1741 2275 1922 2318 denegare

247 2341 282 2376 B
374 2343 438 2375 351
466 2341 562 2386 quod
588 2340 622 2375 B
720 2341 904 2382 adeamus,
929 2350 1023 2374 corr.
1050 2338 1230 2373 Brantius
1322 2347 1365 2372 ac
1389 2335 1459 2371 del.
1485 2333 1635 2370 Reizius
1740 2333 1805 2366 352
1831 2329 1920 2366 Cur-

247 2398 402 2434 eulionis
433 2408 648 2444 responsum
762 2395 897 2431 morari
927 2394 1113 2440 Scalae'yer:
1144 2405 1200 2429 me
1223 2393 1358 2429 morari
1472 2393 1538 2426 353
1563 2391 1732 2434 paratast
1754 2385 1923 2422 Merula:

246 2458 396 2500 paratas
511 2455 563 2500 ef.
597 2453 646 2489 ad
678 2452 815 2488 Bacch.
839 2453 914 2487 126
1028 2455 1094 2487 354
1125 2451 1163 2486 in
1189 2462 1257 2486 om.
1292 2450 1343 2485 B¹
1459 2450 1524 2482 356
1556 2445 1754 2482 animulum
1783 2446 1873 2485 (var.
1898 2440 1922 2476 l.

247 2511 397 2546 anulum
413 2510 490 2553 ΒΞ),
516 2510 674 2546 correxi.
715 2510 816 2545 miles
831 2520 880 2544 ex
899 2508 1044 2545 Oriente
1063 2507 1259 2543 adveniens
1276 2506 1433 2543 abollam
1451 2509 1582 2551 portat
1600 2501 1743 2548 qualem
1760 2503 1794 2535 et
1810 2509 1923 2534 mere-

247 2569 356 2603 trices
378 2572 414 2604 et
439 2568 595 2609 Darius,
628 2578 706 2602 eam
732 2567 886 2613 opponit
908 2565 1040 2612 pallio.
1089 2564 1238 2599 anulum
1261 2574 1327 2598 nee
1344 2563 1473 2609 posuit
1504 2561 1610 2596 homo
1642 2567 1754 2593 sanus
1785 2566 1867 2596 nee,
1890 2554 1925 2589 si
2014 2572 2018 2610 1

247 2626 434 2671 opposuit,
460 2624 628 2660 Curculio
652 2635 731 2659 eum
761 2623 948 2669 surripere
971 2620 1130 2657 debebat.
1178 2620 1232 2665 cf.
1261 2620 1324 2654 611
1355 2619 1412 2654 vel
1440 2618 1478 2652 in
1503 2615 1738 2660 chlamydem.
1786 2624 1816 2648 v.
1845 2610 1923 2646 609
2014 2651 2018 2660 ¹

247 2682 311 2727 (cf.
333 2683 430 2717 630.
448 2682 534 2724 584)
559 2692 632 2716 non
657 2685 785 2727 aperte
808 2679 896 2715 dicit
917 2689 956 2714 se
978 2679 1149 2723 furatum
1181 2687 1268 2712 esse.
1323 2675 1476 2719 (Paulus
1507 2674 1562 2708 28
1587 2670 1782 2708 amiculum
1811 2667 1921 2704 etiam
2013 2666 2018 2759 ἔ

2012 2778 2018 2810 l

2011 2853 2016 2893 Ι

247 2739 297 2773 ad
315 2739 397 2775 Cist.
414 2739 484 2773 115
497 2741 663 2784 spectare
676 2741 808 2783 potest,
825 2737 876 2782 cf.
893 2734 1197 2771 Reitzensteinius
1213 2732 1243 2768 V
1243 2743 1313 2768 err.
1332 2730 1481 2767 Forseh.
1502 2731 1544 2764 61
1557 2731 1626 2774 sq.)
1704 2724 1876 2771 opposuit

246 2795 382 2830 inuoca
401 2794 451 2830 B¹
545 2797 608 2829 357
626 2804 673 2828 ne
689 2804 755 2828 om.
775 2793 828 2828 ,Βι
913 2791 1090 2828 uoltorios
1102 2789 1164 2825 Vh}
1255 2791 1319 2824 358
1337 2789 1430 2824 tales
1454 2786 1521 2822 ΥΕ
1611 2783 1789 2820 nutricem
1805 2789 1921 2816 meam

246 2851 407 2898 Pylades
477 2853 543 2886 359
566 2850 777 2894 pasiliscum
798 2849 842 2892 B,
866 2849 1075 2885 basiliscum
1102 2845 1170 2882 VE
1236 2845 1407 2891 poculum
1479 2846 1544 2879 360
1571 2837 1840 2878 condormescit
1858 2836 1922 2878 13¹,

248 2919 328 2944 cum
352 2907 541 2944 dormiscit
574 2906 605 2942 V
606 2905 644 2941 E
