1998 3179
78 101 109 129 v
126 101 250 134 2,1—23
792 94 1031 131 OVRCVLIO
1658 95 1739 133 333

711 209 1109 250 PHAEDROMVS

346 279 445 326 Quid
476 277 715 331 properem?
774 278 907 318 PLAN.
957 277 1172 316 Parasitum
1206 290 1256 316 ne
1286 277 1472 318 amiseris.

82 360 222 400 magna
238 359 302 387 res
318 353 387 387 est.
437 347 606 386 PHAED.
636 345 748 385 Nulla
765 351 822 385 est
837 345 944 393 mihi,
963 357 1052 384 nam
1070 357 1186 395 quam
1204 344 1320 384 habui
1336 345 1534 396 absumpsi
1550 345 1740 385 celeriter.
1754 352 1811 384 600

79 416 212 456 PLAN.
272 415 418 454 Teneo.
487 414 656 453 PHAED.
706 413 806 459 Quid
847 410 1046 464 negotist?
1110 412 1243 452 PLAN.
1293 412 1432 464 Rogita
1470 413 1574 452 unde
1612 413 1742 453 istunc

1129 480 1269 519 habeat
1297 480 1471 519 anulum.

81 556 192 603 pater
221 550 338 590 istum
368 561 480 589 meus
509 548 702 599 gestitavit
762 561 783 585 *
844 546 971 587 Gvssc.
1021 548 1070 586 At
1100 559 1184 586 mea
1215 553 1434 586 matertera.

81 618 214 658 PLAN.
262 617 386 656 Mater
415 617 450 655 ei
479 615 670 655 utendum
701 614 870 653 dederat..
929 614 1056 654 Gch.
1106 614 1221 653 Pater
1252 624 1277 656 -i-
1309 615 1396 653 uois
1434 627 1568 654 rusum
1598 616 1679 654 tibi.

82 686 215 725 PLAN.
264 684 394 735 Nugas
423 683 560 735 garris.
619 682 747 722 OVRC.
798 681 926 729 Soleo,
959 695 1049 721 nam
1080 689 1244 735 propter
1273 694 1337 721 eas
1367 682 1451 721 vivo
1483 683 1642 722 facilius.

82 753 214 793 PLAN.
264 752 366 798 Quid
399 749 535 791 nunc?
595 750 773 797 obsecro,
805 755 989 801 parentes
1020 762 1070 789 ne
1099 761 1209 790 meos
1239 749 1334 789 mihi
1364 749 1586 801 prohibeas.
1755 758 1811 790 605

82 821 210 861 Gch.
256 819 356 866 Quid
379 817 480 871 ego?
505 817 579 858 sub
600 829 805 869 gemmane
827 816 1030 857 abstrusos
1050 816 1175 856 habeo
1197 823 1301 856 tuam
1323 823 1486 856 matrem
1510 822 1547 856 et
1568 815 1744 869 patrem?

82 889 214 928 PLAN.
264 887 402 926 Libera
440 899 512 938 ego
552 899 637 925 sum
679 892 779 925 nata.
840 885 966 926 Ome.
1008 884 1058 923 Et
1087 884 1149 924 alii
1180 885 1291 924 multi
1324 885 1390 936 qui
1420 897 1527 924 nunc
1558 885 1744 924 serviunt.

83 955 252 995 PHAED.
302 954 417 994 Enim
439 965 529 993 vero
551 954 710 993 irascor.
770 953 897 993 CVRC.
948 952 1032 992 Dixi
1055 952 1236 1003 equidem
1267 952 1348 999 tihi,
1380 952 1485 992 unde
1515 953 1560 991 ad
1593 965 1653 991 me
1683 952 1747 991 hic

1234 1021 1471 1072 pervenerit.

83 1090 267 1141 quotiens
297 1090 507 1129 dicendum
539 1088 625 1129 est?
657 1089 753 1128 elusi
784 1088 957 1137 militem,
988 1089 1161 1140 inquam,
1194 1089 1233 1127 in
1265 1089 1360 1128 alea.

81 1158 160 1198 ΤΗ.
191 1157 324 1197 Salvos
339 1169 439 1205 sum,
457 1169 595 1198 eccum
612 1168 727 1208 quem
746 1156 991 1207 quaerebam.
1038 1157 1128 1207 quid
1147 1157 1240 1208 agis,
1256 1156 1362 1197 bone
1377 1155 1463 1195 vir?
1502 1156 1575 1196 Cv.
1606 1154 1815 1196 Audio-610

83 1225 116 1265 si
136 1225 193 1265 vis
214 1225 340 1265 tribus
359 1224 474 1273 bolis,
494 1224 555 1264 vel
575 1224 615 1263 in
638 1224 891 1276 chlamydem.
951 1224 1087 1264 THER.
1123 1224 1226 1270 Quin
1249 1231 1290 1263 tu
1312 1224 1343 1263 is
1365 1224 1404 1263 in
1426 1224 1565 1263 malam
1587 1234 1744 1262 crucem

86 1305 178 1332 cum
208 1292 320 1340 bolis,
352 1305 440 1332 cum
472 1290 631 1331 bulbis?
662 1291 780 1331 redde
811 1292 905 1330 mihi
935 1292 1009 1331 iam
1040 1299 1246 1343 argentum
1278 1298 1344 1331 aut
1373 1291 1576 1343 virginem.

84 1359 212 1401 CVRc.
264 1360 377 1406 Quod
408 1365 628 1411 argentum,
659 1371 756 1410 quas
786 1365 828 1398 tu
859 1359 954 1398 mihi
984 1360 1101 1399 tricas
1133 1358 1296 1399 narras?
1337 1371 1453 1411 quam
1483 1365 1526 1397 tu
1556 1358 1746 1410 virginem

84 1440 147 1466 me
178 1426 380 1479 reposcis?
439 1428 575 1467 THER.
627 1426 751 1473 Quam
781 1426 828 1465 ab
860 1426 1004 1466 lenone
1036 1427 1195 1466 abduxti
1226 1426 1354 1473 hodie,
1385 1426 1513 1466 scelus
1544 1425 1626 1464 viri.

81 1495 126 1536 C.
165 1496 316 1535 Nullam
339 1495 492 1534 abduxi.
551 1495 597 1536 T.
636 1494 748 1534 Certe
770 1494 951 1534 eccistam
972 1495 1097 1535 video.
1157 1496 1235 1535 ΡΗ.
1274 1495 1391 1546 Virgo
1413 1495 1510 1533 haec
1530 1493 1652 1532 libera
1674 1498 1814 1534 est.615

83 1563 220 1603 THER.
271 1563 383 1602 Mean
415 1563 553 1602 ancilla
584 1562 706 1601 libera
739 1568 781 1601 ut
810 1562 872 1609 sit,
905 1574 1021 1613 quam
1053 1575 1125 1614 ego
1158 1575 1371 1615 numquam
1403 1562 1511 1601 emisi
1543 1559 1690 1600 manu?

85 1631 255 1671 PHAED.
305 1630 401 1676 Quis
431 1630 502 1670 tibi
532 1631 634 1670 hanc
664 1629 767 1668 dedit
798 1629 1026 1682 mancipio?
1057 1637 1125 1670 aut
1154 1630 1261 1670 unde
1292 1628 1447 1670 emisti?
1478 1630 1538 1668 fac
1569 1629 1701 1668 sciam.

85 1699 222 1738 ΤΗΕΒ.
271 1697 354 1750 Ego
386 1697 544 1750 quidem
576 1710 648 1750 pro
681 1698 776 1737 istac
806 1710 889 1737 rem
918 1698 1013 1738 solvi
1043 1698 1092 1737 ab
1122 1699 1308 1750 trapezita
1338 1710 1439 1737 meo.

85 1778 202 1817 quam
232 1779 304 1817 ego
334 1765 543 1817 pecuniam
574 1765 867 1817 quadruplicem
900 1765 968 1805 abs
997 1772 1035 1805 tc
1067 1773 1104 1805 et
1133 1767 1277 1806 lenone
1308 1767 1495 1806 auferam.

84 1833 253 1874 PHAED.
303 1833 378 1879 Qui
408 1833 484 1873 scis
505 1833 669 1872 mercari
690 1834 850 1873 furtivas
871 1840 988 1884 atque
1009 1835 1199 1886 ingenuas
1227 1835 1411 1886 virgines,
1760 1841 1816 1873 620

83 1901 236 1940 ambula
280 1901 320 1940 in
366 1901 438 1941 ius.
516 1901 652 1942 ΤΗῈΒ.
703 1903 789 1941 Non
838 1915 896 1941 eo.
970 1902 1140 1942 PHAED.
1191 1902 1299 1941 Licet
1344 1901 1411 1954 [te]
1456 1897 1672 1939 antestari?

1067 1968 1203 2007 THER.
1253 1967 1340 2006 Non
1372 1967 1475 2006 licet.

197 2124 261 2157 600
285 2132 480 2166 numquam
503 2122 594 2158 abiit
617 2122 766 2163 (abituri
784 2122 818 2157 E
824 2128 834 2164 )
860 2122 929 2157 VE
1017 2124 1178 2159 absumsi
1195 2124 1242 2166 B,
1267 2124 1448 2169 assumpsi
1474 2124 1509 2158 E
1599 2123 1750 2159 celerier

93 2177 124 2212 V
125 2176 162 2213 E
238 2181 304 2213 602
323 2178 432 2214 Cvssc.
448 2189 590 2224 praem.
618 2177 686 2213 VE
751 2179 907 2222 gestauIt
931 2179 963 2214 V
964 2178 1001 2214 E
1086 2181 1178 2225 fort.
1195 2181 1379 2225 gestitavit
1395 2181 1523 2225 <olim>
1617 2180 1747 2215 evm:

85 2234 172 2269 Pu.
193 2233 321 2270 B¹VE
410 2238 449 2270 at
470 2235 580 2280 (pol)
603 2234 762 2281 Pylades
855 2237 919 2270 603
945 2235 1006 2270 PL.
1033 2247 1101 2271 om.
1137 2236 1206 2271 VE
1294 2247 1341 2272 uo
1365 2237 1396 2271 is
1426 2235 1553 2271 BVE:
1576 2238 1661 2271 tuus
1686 2248 1705 2272 ς

84 2300 226 2328 rursum
266 2289 348 2332 VE,
376 2291 488 2326 risum
520 2291 556 2326 B
668 2294 775 2336 pater
806 2293 890 2327 tuus
922 2303 1046 2327 rusum
1077 2293 1166 2327 mihi
1197 2292 1397 2334 Gruterus;
1428 2293 1549 2328 nescio
1580 2303 1628 2327 an
1659 2292 1750 2327 leaeo

85 2347 205 2382 omnia
229 2345 455 2382 Curculionis
477 2348 567 2383 sint:
592 2349 631 2383 at
653 2359 734 2384 mea
756 2351 971 2392 matertera,
1001 2351 1117 2384 mater
1141 2350 1175 2384 ei
1206 2350 1381 2385 utendum
1412 2350 1573 2393 dederat,
1597 2351 1750 2394 patruos

86 2402 163 2439 eius
193 2413 338 2438 rursum
366 2404 435 2439 sibi
550 2406 614 2438 605
640 2404 727 2449 quid
756 2415 852 2440 nunc
889 2405 1096 2440 Curculioni
1128 2407 1382 2447 contc'nuatur,
1415 2417 1509 2440 corr.
1535 2404 1751 2440 Ribbeckz'us

86 2458 110 2493 l.
125 2469 154 2493 s.
182 2460 224 2493 91
234 2469 288 2504 sq.
380 2460 431 2505 cf.
454 2459 653 2495 Mil.1242
676 2460 918 2502 (Abrahamus
942 2461 1036 2496 stud.
1061 2460 1119 2496 Pl.
1136 2463 1229 2504 203)
1323 2465 1387 2497 606
1413 2462 1479 2497 sub
1496 2461 1566 2496 B2:
1589 2472 1668 2496 sum
1687 2461 1749 2505 ΒΣ,

86 2514 143 2550 sul
173 2514 242 2549 VE
352 2527 516 2561 gemman
548 2516 589 2559 V,
612 2517 789 2561 geminam
813 2516 851 2552 Ε
963 2520 1027 2553 608
1053 2517 1118 2552 ΡΗ.
1144 2518 1370 2565 Seyffertus;
1398 2519 1483 2562 Pn.;
1515 2522 1643 2553 contra
1665 2522 1752 2563 post

84 2570 223 2608 irascor
238 2571 462 2607 Phaedromi
482 2583 681 2608 sermonem
706 2573 930 2609 intercidisse
951 2575 1102 2610 coniecit
1117 2574 1335 2610 Ribbeckz'us
1356 2586 1393 2621 p.
1415 2576 1464 2609 92
1556 2576 1621 2609 610
1646 2585 1752 2618 quem

87 2637 154 2662 om.
178 2627 308 2663 B²VE
398 2629 508 2663 Cvnc.
532 2629 555 2663 τ’.
581 2639 653 2665 ras.
680 2629 754 2664 B2:
776 2630 843 2665 PH.
879 2629 948 2665 VE
1036 2633 1097 2666 611
1136 2631 1325 2667 clamidem
1416 2641 1454 2666 es
1479 2630 1567 2673 (scil.
1593 2629 1659 2672 eis)

88 2685 153 2718 612
178 2683 312 2720 bulbis:
343 2685 452 2720 buflis
476 2685 512 2720 Ε
599 2685 687 2720 mihi
711 2685 783 2721 iam
806 2685 987 2732 Pylades:
1017 2687 1127 2722 etiam
1218 2690 1283 2722 613
1308 2688 1393 2723 item
1418 2687 1559 2722 Nonius
1585 2688 1609 2722 8
1632 2686 1750 2732 (quasi

88 2739 192 2775 codd.
206 2741 301 2785 fere)
416 2744 483 2777 614
507 2742 692 2778 abduxisti
710 2754 728 2779 ς
842 2744 908 2777 615
934 2743 972 2778 Ο.
991 2742 1170 2788 Pylades.-
1195 2743 1262 2779 PH.
1380 2746 1445 2778 620
1471 2743 1563 2779 scies
1588 2743 1695 2786 (scias
1716 2743 1751 2778 B

88 2798 173 2831 ante
195 2800 316 2839 corn),
340 2807 437 2834 corr.
455 2798 546 2833 Pc'us
636 2799 821 2835 furtitiuas
847 2799 893 2840 B,
919 2799 1079 2835 furtitias
1104 2799 1137 2833 V
1227 2802 1289 2835 621
1319 2802 1379 2842 [te]
1404 2799 1549 2835 Merula
1641 2801 1751 2836 inter-

87 2857 198 2898 roqat
214 2854 435 2899 parasitum,
458 2854 654 2900 respondet
677 2856 778 2890 miles
801 2866 873 2890 non
898 2859 1051 2901 roqatus
