2018 3183
215 92 296 130 266
954 79 1136 117 PLAVTI
1661 73 1687 100 v
1704 75 1732 104 3.
1752 74 1844 103 11-4,
1861 72 1878 99 3

273 206 338 246 scd
371 204 505 255 ecquis
535 209 594 242 est
624 204 690 252 qui
721 200 838 239 homo
870 199 1014 236 munus
1043 194 1134 234 velit
1163 191 1320 243 fungier

215 277 287 325 pro
319 271 408 312 me?
440 270 530 322 quid
564 271 673 308 nunc
704 278 812 316 agam
930 263 1078 309 nescio,
1113 261 1185 300 nisi
1215 266 1259 299 ut
1289 257 1491 310 improbos
1889 259 1946 291 950

216 340 382 380 famulos
412 338 540 377 imiter
569 348 612 374 ac
643 335 758 376 domo
790 332 946 384 fugiam.

218 420 308 446 nam
339 406 441 445 salus
472 403 576 443 nulla
607 408 666 442 est
694 400 876 453 scapulis,
907 399 938 438 si
969 398 1128 437 domum
1159 394 1290 434 redeo.

221 489 241 512 ’κ
275 485 397 524 nugas
429 471 515 511 istic
545 470 674 509 dicere
705 469 807 507 licet.
838 466 978 519 vapulo
1009 463 1142 504 hercle
1173 474 1246 514 ego
1277 460 1420 500 invitus
1451 465 1580 498 tamen

330 540 401 579 etsi
433 538 576 578 malum
608 536 745 576 merui.

218 611 288 648 hac
318 607 418 646 dabo
449 606 644 658 protinam
673 601 782 658 (me)
803 608 842 642 et
862 601 1020 654 fugiam.
1135 598 1270 639 CHAL.
1322 596 1439 641 Heus,
1471 600 1526 633 sta
1559 592 1659 636 ilico,
1691 592 1851 629 amator.
1892 595 1950 626 955

274 676 374 715 LYs.
407 659 553 721 (⁹)ccidi‚
585 675 767 711 revocor:
801 670 910 722 quasi
1028 681 1108 707 non
1140 666 1305 712 audiam,
1336 662 1464 702 abibo.
1759 662 1951 696 956—962

218 743 353 784 CHAL.
412 726 484 780 Vbi
515 747 557 781 tu
588 753 641 787 es,
674 739 739 790 qui
771 738 898 777 cdlcrc
930 747 1059 775 mores
1089 733 1348 773 Massilienses
1379 725 1578 782 postulas?
1782 724 1835 771 V,
1858 726 1883 762 4

221 823 328 850 nunc
358 816 401 849 tu
432 809 463 848 si
493 809 550 848 vis
580 807 793 858 subigitare
824 818 899 853 me,
932 803 1092 856 probast
1122 800 1286 840 occasio.

220 879 302 918 redi
332 878 384 917 sis
415 877 454 916 in
487 875 734 923 cubiculum;
766 873 915 926 periisti
946 871 1090 911 hercle.
1121 882 1204 919 age,
1234 866 1375 906 accede
1406 865 1482 904 huc
1509 862 1638 902 modo.
1897 865 1953 898 965

222 958 329 985 nunc
360 957 430 996 ego
462 949 590 983 tecum
621 953 789 993 aequom
819 940 1008 979 arbitrum
1040 945 1147 977 extra
1178 935 1397 974 considium
1429 936 1646 983 captavcro.

219 1015 319 1055 LYs.
370 1012 485 1060 Perii,
517 1011 607 1050 susti
639 1008 869 1049 defloccabit
898 1008 972 1046 iam
1004 1006 1082 1045 illic
1112 1004 1230 1042 homo
1261 1001 1418 1041 lumbos
1448 1011 1568 1038 meos.

220 1083 291 1121 hac
321 1081 394 1119 iter
423 1078 700 1123 faciundumst,
732 1087 820 1115 nam
851 1074 936 1113 illac
966 1071 1292 1122 lumbifragiumst
1323 1069 1486 1107 obviam.

220 1149 370 1190 CLEos.
420 1146 540 1185 Iubeo
570 1151 608 1184 tc
628 1144 787 1190 salvere,
818 1147 979 1181 amator.
1027 1140 1127 1180 LYs.
1178 1138 1279 1176 Ecce
1310 1142 1439 1176 autem
1472 1145 1571 1173 uxor
1601 1130 1807 1170 obviamstz

222 1215 345 1273 [nunc
376 1228 448 1266 ego
481 1214 585 1253 inter
613 1223 766 1252 sacrum
799 1221 1012 1260 saxumque
1042 1219 1127 1247 sum
1163 1218 1234 1245 nec
1266 1217 1343 1256 quo
1376 1203 1519 1255 fugiam
1550 1195 1659 1253 seim]
1901 1205 1957 1236 970

222 1287 294 1325 hac
324 1283 418 1335 lupi,
449 1282 522 1321 hac
553 1293 690 1321 canes:
723 1278 857 1330 lupina
887 1289 1020 1317 scaeva
1052 1274 1144 1314 fusti
1175 1286 1257 1312 rem
1294 1271 1415 1322 gerim

222 1353 353 1393 hercle
384 1350 527 1403 opinor
557 1347 787 1401 permutabo
820 1358 891 1397 ego
923 1344 1014 1383 illuc
1046 1354 1154 1382 nuuc
1184 1341 1345 1379 verbum
1376 1344 1506 1377 vetus:

223 1510 272 1534 ex
301 1497 433 1533 Casina
463 1493 625 1539 afferens
654 1492 750 1526 intro
781 1490 828 1524 ad
853 1499 1002 1523 uxorem
1031 1497 1146 1522 meam
1177 1484 1439 1528 sufferamquae
1470 1484 1506 1516 et
1528 1489 1645 1515 meum
1675 1480 1812 1519 tergum
1845 1473 1889 1509 ob

226 1553 395 1589 iniuriam
420 1553 527 1593 (corr.
553 1547 779 1589 Mercerz‘us),
810 1556 904 1591 quae
928 1545 997 1579 leuc
1019 1543 1201 1590 pertinere
1225 1540 1312 1576 vidit
1338 1539 1564 1585 Seyffertus;
1596 1536 1633 1570 in
1658 1545 1702 1568 ea
1725 1533 1748 1567 d
1773 1551 1815 1556 -
1841 1530 1892 1564 la-

227 1616 300 1646 tere
316 1610 411 1644 intro
431 1618 508 1642 eam
525 1606 572 1640 ad
589 1614 736 1639 uxorem
754 1601 907 1637 coniecit
923 1599 1126 1635 Sclzoellius
1218 1600 1282 1632 950
1308 1596 1393 1641 quid
1421 1615 1462 1620 ——
1487 1593 1620 1637 fugiam
1645 1602 1717 1625 uno
1743 1598 1846 1623 versu

227 1668 292 1701 952
318 1664 457 1710 capulis
578 1663 643 1696 953
669 1659 849 1694 accedit
872 1659 903 1693 Α
1025 1657 1120 1691 istuc
1145 1653 1180 1687 P
1298 1652 1510 1697 conspirant
1533 1648 1601 1684 ΑΡ
1622 1647 1686 1693 (cf.
1712 1648 1807 1687 955),
1831 1643 1894 1679 sed

226 1728 376 1758 metrum
401 1722 587 1761 incertum,
612 1716 790 1752 sententia
815 1714 916 1748 nulla
940 1713 1018 1748 sine
1042 1711 1235 1757 neqacione
1264 1710 1330 1754 (cf.
1358 1707 1577 1752 ,Vssinqinst
1625 1701 1819 1747 anapaesti
1841 1700 1893 1734 iu-

226 1781 345 1825 cipere
381 1777 548 1813 videntur
583 1786 605 1808 α
629 1784 660 1808 v.
690 1773 756 1806 951
781 1774 817 1812 (a
840 1781 872 1805 v.
901 1771 974 1804 949
1011 1768 1155 1803 Klotzio
1192 1767 1230 1800 in
1256 1763 1482 1800 Fleckeisen&
1517 1760 1643 1796 cmnalt'
1681 1759 1765 1802 143,
1788 1758 1894 1795 844).-

228 1835 380 1871 famulos
418 1833 536 1868 imiter
569 1841 612 1865 ac
637 1830 742 1864 domo
776 1827 910 1871 fugiam
1001 1836 1086 1859 nam
1119 1824 1216 1858 salus
1247 1822 1385 1856 nullast
1489 1817 1647 1861 scapulis
1684 1816 1715 1850 si
1752 1816 1894 1849 domum

229 1893 356 1927 redeo:
387 1898 500 1934 nugas
557 1887 640 1923 istic
671 1886 793 1920 dicere
816 1883 969 1930 <misero
1012 1881 1119 1916 credo
1178 1880 1274 1924 non>
1310 1877 1415 1919 licet,
1440 1874 1546 1919 vaplo
1582 1872 1704 1907 hercle
1740 1881 1804 1915 ego
1841 1870 1894 1904 in-

226 1950 322 1983 vitus
346 1949 467 1981 tamen
514 1944 583 1979 etsi
606 1942 738 1977 malum
762 1938 878 1975 merui
971 1940 1048 1973 954.
1076 1940 1140 1971 955
1166 1946 1237 1970 omo
1262 1945 1366 1969 versu
1391 1931 1426 1966 P
1515 1933 1580 1965 955
1605 1939 1662 1963 me
1686 1930 1723 1964 et
1747 1940 1777 1968 ς,
1805 1926 1895 1972 Gep-

226 2009 374 2050 perlus:
399 2004 434 2036 et
451 2000 539 2041 AP;
561 2010 617 2034 me
641 1999 679 2033 in
696 1997 818 2040 fugam
838 1994 1077 2036 Camerarius,
1102 2004 1172 2039 quo
1197 1996 1343 2038 recepto
1362 1998 1487 2025 versus
1503 1984 1621 2021 evadit
1639 1984 1759 2030 qualis
1778 1984 1851 2018 956

229 2063 287 2095 sta
309 2059 391 2093 ilico
416 2062 466 2092 A:
499 2055 641 2092 stalicio
668 2053 701 2088 P
791 2051 879 2087 leaeo
906 2050 1117 2097 Olympz'oni
1142 2047 1371 2085 Camerarius
1390 2044 1498 2085 dedit,
1525 2041 1747 2078 Cleostralae
1772 2039 1896 2075 Vssin-

228 2117 334 2163 qum,-
363 2114 427 2149 sed
458 2113 553 2147 nulli
579 2115 729 2157 praeter
756 2107 943 2144 Chalinum
977 2105 1212 2145 conveniunt3
1238 2113 1336 2139 uxor
1359 2112 1433 2137 non
1458 2099 1621 2145 loquitur
1644 2100 1728 2132 ante
1751 2107 1781 2131 v.
1810 2095 1895 2130 969.

229 2181 381 2207 scaenae
407 2169 531 2204 titulus
555 2178 629 2202 rem
651 2165 829 2213 pervertit
853 2168 894 2198 ut
917 2174 946 2198 v.
975 2164 1044 2198 814
1138 2164 1203 2195 95ss
1232 2160 1357 2196 occide
1381 2157 1416 2193 P
1506 2157 1571 2190 963
1597 2165 1626 2189 v.
1651 2164 1726 2188 vae.
1751 2153 1829 2187 sine
1853 2152 1895 2186 te·-

232 2228 307 2262 talo
330 2228 383 2268 A;
407 2227 549 2262 SERVVS
575 2227 690 2263 (surm
721 2220 801 2262 VE)
825 2231 941 2255 mmm
960 2219 994 2253 P
1083 2219 1144 2263 qui
1166 2217 1249 2253 AP:
1273 2215 1378 2261 (hic)
1404 2214 1464 2258 qui
1491 2211 1715 2258 Cappa-tux
1738 2208 1791 2253 ef.
1816 2207 1900 2245 Aul,

230 2285 310 2319 268
335 2284 437 2319 Care.
461 2283 547 2323 162,
573 2280 666 2315 Men.
693 2279 765 2312 379
874 2279 940 2311 964
965 2276 1042 2311 siue
1066 2277 1098 2311 is
1124 2275 1158 2310 P
1263 2272 1460 2316 subicitare
1485 2268 1552 2304 ΛΡ
1658 2268 1722 2300 965
1746 2264 1825 2300 redi
1849 2264 1898 2298 sis

230 2342 268 2376 in
293 2339 499 2376 cubiculum
526 2348 594 2372 om.
621 2335 653 2370 P
742 2332 871 2379 peristi
894 2331 963 2367 ΑΡ
1059 2333 1164 2368 modo
1190 2342 1256 2366 om.
1285 2329 1318 2364 Ρ
1419 2326 1598 2361 966-972
1616 2334 1683 2357 om.
1702 2321 1737 2357 P
1757 2321 1897 2362 (relicto

230 2398 351 2443 spatio
384 2394 487 2431 VIII
507 2403 672 2429 versuum
699 2391 744 2432 B,
769 2400 838 2424 sex
861 2393 894 2424 et
919 2389 1058 2423 dimidii
1092 2388 1133 2431 V,
1158 2388 1266 2422 unius
1293 2385 1363 2429 E);
1404 2381 1481 2417 VII
1508 2390 1673 2417 versuum
1705 2377 1899 2425 bipartitus

231 2458 284 2489 est
307 2453 447 2499 primus
470 2452 501 2486 Α
599 2451 664 2484 966
689 2446 904 2492 considium,
929 2446 978 2491 ef.
1005 2443 1274 2480 Sludemuudus
1299 2441 1423 2476 Herm.
1447 2440 1478 2478 1,
1503 2438 1601 2477 287;
1624 2445 1682 2469 res
1705 2432 1898 2469 admodum

232 2510 343 2545 dubia
435 2510 498 2543 967
524 2505 617 2552 pei-ii
640 2503 782 2549 flufflti]
808 2501 1025 2548 defloccabit
1110 2500 1252 2534 Nonius
1273 2499 1294 2533 7
1310 2504 1347 2535 ts.
1366 2495 1580 2534 defloccare)
1605 2491 1656 2526 Pl.
1677 2491 1778 2526 Cas.:
1804 2489 1900 2534 perit

233 2566 348 2601 flocco
379 2555 541 2600 habebit'
559 2563 631 2597 iam
661 2561 800 2602 (tibiam
830 2559 938 2594 Harl.
963 2560 982 2593 1
1008 2561 1066 2598 m.)
1097 2557 1171 2591 illic
1196 2557 1300 2590 homo
1332 2553 1472 2588 lumbos
1497 2560 1595 2586 meos
1619 2547 1802 2593 scriptura
1827 2555 1897 2580 non

234 2622 338 2658 varia
361 2621 426 2657 sed
444 2623 621 2664 corrupta
715 2619 780 2651 969
805 2626 891 2651 ecce
914 2618 1035 2650 autem
1059 2613 1110 2657 cf.
1136 2611 1247 2646 Mero.
1273 2611 1344 2645 748
1367 2608 1528 2654 (fallitur
1552 2603 1715 2641 Baebius
1738 2602 1898 2638 Studem.

233 2678 328 2713 stud.
351 2679 389 2719 2,
414 2677 499 2719 391)
633 2677 698 2708 970
723 2673 774 2718 cf.
801 2673 902 2719 Capt.
931 2672 1001 2706 617
1006 2683 1020 2711 ;
1044 2672 1154 2715 aptus
1178 2667 1236 2702 Izie
1259 2670 1351 2701 esset
1375 2674 1509 2705 versus,
1533 2662 1607 2697 nisi
1629 2671 1707 2695 cum
1731 2663 1901 2704 sequente

229 2733 427 2781 proverbio
444 2736 634 2779 puqnaret
725 2732 787 2763 971
816 2728 869 2773 cs.
894 2726 986 2762 Hor.
1010 2729 1077 2760 sat.
1101 2726 1140 2766 2,
1163 2725 1202 2765 2,
1230 2723 1276 2758 64
1362 2724 1426 2756 972
1451 2717 1719 2766 p[e]rmu[ta]bq
1744 2725 1810 2760 ego

236 2790 380 2826 verbum
404 2794 517 2830 vetus,
540 2787 618 2823 scil.
641 2787 738 2821 inter
762 2785 870 2831 lupos
893 2788 930 2820 et
953 2792 1061 2818 canes
1085 2780 1221 2816 nullam
1249 2779 1400 2814 salutem
1426 2771 1503 2813 ease
1639 2775 1689 2820 cf:
1717 2764 1901 2819 Berqlcz'us

237 2858 294 2892 op.
315 2848 352 2887 2,
382 2846 462 2887 759,
496 2843 686 2889 Vssinqz'us
