2018 3183
213 94 296 132 440
954 94 1136 130 PLAVTI
1690 100 1704 129 1
1721 100 1748 133 1.
1760 100 1879 131 78-105

489 220 550 247 me
581 208 683 247 idem
714 208 867 254 decere,
898 209 930 248 si
962 215 1005 248 ut
1035 209 1192 249 deceret
1221 221 1283 249 me
1313 210 1452 250 forem.

488 287 561 325 ego
593 276 654 314 me
685 274 752 314 ubi
783 275 953 315 invisum
981 288 1070 316 meo
1101 277 1201 328 patri
1231 289 1316 317 esse
1345 278 1532 331 intellego
1845 287 1894 321 79.

484 349 600 393 atque
631 341 720 381 odio
752 354 814 382 me
845 355 930 383 esse
961 343 1054 394 quoi
1084 343 1240 395 placere
1270 357 1436 397 aequom
1467 346 1551 394 fuit,

487 421 624 449 amens
654 421 869 461 amansque
899 416 943 450 ut
972 410 1147 450 animum
1181 411 1336 452 offirmo
1366 425 1510 462 meum,

487 476 573 516 dico
606 489 691 517 esse
721 477 867 517 iturum
899 490 961 517 me
991 484 1222 527 mercatum,
1253 479 1285 519 si
1315 480 1425 520 velit:

486 556 659 584 amorem
690 545 850 585 missum
883 546 1011 586 facere
1042 559 1118 593 me,
1150 547 1242 586 dum
1273 547 1327 587 illi
1359 548 1566 601 obsequar.

487 612 567 663 agit
597 612 739 662 gratias
769 613 821 652 mi
853 619 970 665 atque
1002 614 1206 666 ingenium
1239 615 1417 656 adlaudat
1447 629 1602 666 meum3

486 678 554 719 sed
586 691 672 718 mea
702 681 893 732 promissa
926 694 1005 720 non
1039 683 1211 733 neglexit
1240 684 1438 735 persequi.

487 747 663 787 aedificat
694 760 830 787 navem
861 761 1071 789 cercurum
1102 757 1140 789 et
1169 751 1312 790 mercis
1341 752 1446 799 emit,

486 822 618 867 parata
651 816 736 854 navi
767 816 948 868 imponit,
978 824 1181 868 praeterea
1211 818 1306 857 mihi

489 882 679 922 talentum
712 884 864 935 argenti
896 884 1005 936 ipsus
1036 897 1106 924 sua
1138 886 1368 925 adnumerat
1397 899 1540 936 manu;

485 962 637 989 servom
669 962 747 990 una
777 951 908 999 mittit,
939 952 1005 1002 qui
1037 952 1128 991 olim
1161 965 1285 1004 puero
1317 954 1475 1005 parvolo

487 1017 581 1056 mihi
613 1017 860 1070 paedagogus
889 1020 1028 1067 fuerat,
1062 1019 1170 1071 quasi
1203 1020 1257 1059 uti
1288 1020 1382 1059 mihi
1413 1022 1516 1061 soret

485 1092 629 1124 custos.
688 1085 749 1125 his
779 1086 836 1125 sic
866 1087 1057 1127 consectis
1088 1098 1225 1126 navem
1256 1087 1454 1128 solvimus.

484 1151 664 1191 Rhodum
695 1153 885 1201 venimus,
915 1154 983 1193 ubi
1015 1167 1112 1206 quas
1142 1166 1292 1194 merces
1322 1168 1501 1195 vexeram

485 1220 613 1260 omnis
643 1227 686 1260 ut
715 1221 818 1261 volui
849 1222 1004 1261 vendidi
1035 1235 1082 1262 ex
1113 1223 1322 1263 sententia.

485 1288 640 1327 lucrum
670 1288 812 1340 ingens
843 1290 942 1329 facio
974 1297 1250 1342 praeterquam
1280 1291 1375 1330 mihi
1406 1303 1516 1332 meus
1547 1299 1658 1344 pater

486 1355 591 1394 dedit
621 1356 840 1397 aestimatas
870 1369 1041 1398 merces:
1074 1358 1127 1397 ita
1157 1358 1355 1410 peculium

489 1423 658 1462 conficio
690 1425 852 1475 grande.
913 1426 980 1465 sed
1012 1426 1104 1465 dum
1136 1427 1175 1465 in
1208 1434 1325 1478 portu
1356 1427 1411 1466 illi
1440 1426 1614 1475 ambulo,

484 1492 629 1542 hospes
658 1504 721 1530 me
753 1492 908 1544 quidam
941 1493 1139 1545 adgnovit,
1171 1496 1217 1533 ad
1249 1507 1385 1534 cenam
1417 1501 1540 1534 vocat.

483 1560 611 1607 venio,
643 1559 836 1599 decumbo
868 1568 1053 1613 acceptus
1084 1562 1204 1602 hilare
1235 1569 1351 1614 atque
1381 1563 1574 1614 ampliter.

485 1627 721 1667 discubitum
755 1636 875 1667 noctu
909 1635 950 1668 ut
980 1629 1092 1677 imus,
1126 1642 1218 1669 6666
1248 1630 1295 1668 ad
1327 1642 1387 1670 me
1419 1630 1574 1670 advenit

483 1695 636 1742 mulier,
668 1708 745 1746 qua
775 1697 916 1736 mulier
945 1697 1017 1736 alia
1048 1697 1192 1737 nullast
1224 1698 1446 1749 pulchrior;

486 1775 528 1801 ea
561 1770 677 1803 nocte
707 1776 862 1803 mecum
892 1765 954 1804 illa
986 1765 1150 1817 hospitis
1181 1765 1287 1805 iussu
1320 1766 1404 1805 suit.

486 1837 635 1870 vosmet
664 1830 790 1870 videte
822 1844 936 1883 quam
969 1833 1063 1871 mihi
1093 1833 1203 1872 valde
1233 1833 1446 1885 placuerit:

488 1898 677 1950 postridie
707 1899 900 1951 hospitem
932 1901 1040 1949 adeo,
1074 1913 1143 1940 oro
1175 1909 1218 1940 ut
1247 1902 1389 1941 vendat
1418 1902 1526 1949 mihi,

486 1965 573 2005 dico
605 1966 688 2006 eius
719 1979 791 2018 pro
824 1968 974 2008 meritis
1004 1976 1159 2020 gratum
1190 1981 1252 2008 me
1284 1976 1322 2008 et
1352 1967 1513 2025 munem
1544 1970 1640 2009 fore.

484 2034 576 2084 quid
608 2034 736 2074 verbis
768 2048 867 2087 opus
899 2035 985 2076 est?
1018 2037 1106 2084 emi,
1137 2040 1253 2089 atque
1284 2037 1417 2077 advexi
1448 2037 1546 2077 lieri.

332 2137 372 2169 78
399 2134 538 2170 diceret
555 2134 585 2169 si
602 2137 644 2170 ut
659 2135 808 2180 diceret,
834 2147 928 2171 corr.
948 2136 1108 2183 Pylades
1201 2141 1239 2173 81
1269 2149 1348 2174 esse
1373 2142 1439 2181 (-et
1457 2141 1498 2182 B)
1521 2150 1578 2174 me
1603 2137 1700 2184 quod
1722 2136 1886 2183 placeret

213 2200 308 2225 corr.
332 2190 502 2237 Pylades,
529 2189 757 2226 Camerarius
851 2195 892 2227 82
918 2204 1090 2239 amasque
1115 2194 1151 2230 Β
1243 2197 1298 2231 ut:
1326 2195 1378 2231 sic
1404 2194 1621 2231 Ribbeeke’us
1644 2205 1681 2241 p.
1699 2194 1770 2236 24,
1792 2194 1886 2239 sort.

212 2249 252 2282 ut
269 2257 348 2282 sum
434 2249 476 2282 83
501 2250 682 2283 mercatus
701 2247 736 2282 Β
822 2251 865 2283 86
890 2253 926 2285 et
942 2250 1162 2286 Bitsclzelc‘us
1246 2262 1319 2286 non
1345 2251 1478 2288 excleit
1500 2251 1529 2286 Β
1616 2254 1656 2287 87
1683 2250 1806 2286 nauim
1826 2249 1887 2286 CB

212 2305 299 2344 (non
317 2303 474 2346 Nonius)
566 2314 774 2340 cercurum:
802 2316 987 2352 cyrcerum
1007 2306 1150 2342 Nonius
1169 2308 1242 2342 533
1266 2316 1450 2353 (cercyrus
1475 2308 1512 2342 in
1539 2309 1729 2350 lemmate),
1752 2306 1884 2352 guber-

212 2361 380 2395 natorum
397 2359 444 2401 B,
469 2359 647 2405 gerariam
668 2362 703 2402 (ἱ.
720 2371 748 2395 e.
768 2361 985 2403 onerariam)
1005 2362 1064 2397 (ΣΒ
1155 2374 1292 2399 merces
1311 2364 1454 2399 Nonius
1546 2364 1648 2400 emit:
1677 2373 1742 2399 sue
1761 2361 1796 2398 B

213 2418 255 2451 88
288 2419 396 2461 patra
421 2415 456 2451 B
565 2419 607 2451 89
640 2417 720 2462 ipse
827 2418 1040 2454 abnumerat
1148 2423 1190 2455 90
1223 2431 1321 2456 uana
1344 2420 1381 2455 B
1488 2421 1555 2466 (a)
1578 2430 1693 2466 puero
1719 2418 1770 2455 12²
1790 2419 1885 2464 fort.

213 2475 311 2507 recte
335 2473 444 2513 (certe
467 2472 559 2508 m'lzz'l
582 2478 711 2508 contra
736 2474 856 2510 valent
881 2486 974 2520 quae
999 2477 1171 2521 exposuit
1187 2476 1416 2512 Abralzamzcs
1437 2476 1534 2512 stud.
1560 2476 1614 2511 Pl.
1632 2476 1714 2511 226
1728 2478 1796 2522 sq.)

214 2530 257 2563 92
281 2528 338 2563 his
363 2528 416 2564 sic
440 2528 598 2565 Botlzius
621 2530 665 2574 (is
691 2530 743 2566 sic
768 2530 933 2567 Baebius
957 2532 994 2566 in
1011 2530 1253 2567 Sludemzmclz‘
1274 2533 1368 2568 stud.
1394 2535 1432 2575 2,
1452 2534 1534 2577 361)
1545 2548 1555 2567 .·
1580 2534 1670 2569 isset
1761 2531 1884 2567 nauim

214 2583 275 2619 CD
368 2587 410 2620 93
434 2585 563 2621 rodum
588 2586 624 2621 B
716 2589 758 2622 95
792 2587 890 2624 facto
984 2590 1026 2623 96
1057 2589 1226 2634 peculum
1253 2588 1288 2624 Β
1383 2593 1441 2625 101
1478 2600 1584 2635 quam
1609 2589 1645 2625 B
1736 2587 1886 2624 muliere

214 2639 382 2688 Scaliyer
402 2642 453 2687 ef.
475 2641 552 2678 Cas.
573 2643 649 2678 863
739 2644 908 2688 pulchior
927 2643 987 2680 CD
1084 2648 1145 2679 102
1170 2644 1223 2679 illi
1241 2644 1276 2679 B
1373 2649 1435 2680 104
1460 2657 1524 2682 ora
1545 2645 1577 2681 Β
1672 2648 1735 2681 105
1761 2645 1884 2680 dicens

212 2707 279 2742 pro
298 2697 440 2733 Nonius
457 2699 532 2734 137
611 2710 754 2735 munem
771 2700 855 2735 item
874 2700 1016 2736 Nonius
1034 2703 1076 2743 (s.
1094 2702 1228 2744 munia)
1317 2704 1380 2738 106
1406 2703 1491 2747 quid
1509 2713 1600 2748 opus
1618 2701 1743 2738 uerbis
1758 2699 1795 2736 B

213 2753 281 2789 cmi
294 2752 404 2789 Pius:
419 2755 468 2790 mi
490 2754 520 2790 Β
537 2755 602 2801 (cf.
617 2757 723 2799 400),
741 2756 828 2792 mihi
847 2756 907 2792 CD
915 2770 929 2799 ;
940 2762 1031 2804 post
1043 2757 1248 2794 Bentleium
1265 2758 1336 2793 emi
1351 2758 1465 2804 (eam)
1482 2759 1655 2795 scribunt.
1685 2756 1751 2794 sed
1765 2767 1796 2793 v.
1813 2756 1885 2791 533

216 2810 404 2846 ostendere
421 2811 561 2847 videtur
571 2811 685 2858 plura
703 2811 761 2848 Ιιὶσ
777 2813 1011 2856 intercidisse,
1034 2818 1125 2860 puta
1150 2814 1219 2850 emi
1242 2815 1375 2860 <atque
1399 2815 1512 2850 habui
1535 2814 1722 2851 mulierem
1744 2822 1884 2848 mecum

213 2876 470 2913 usquequaque
487 2870 528 2903 ut
544 2868 751 2914 nolueram>
769 2872 878 2914 atque
895 2870 1028 2906 aduexi
1043 2871 1134 2916 heri,
1158 2872 1231 2906 uisi
1243 2871 1344 2917 forte
1360 2871 1501 2917 sufficit
1518 2871 1587 2907 emi
1603 2870 1762 2917 (habui)
1776 2872 1884 2915 atque

1907 288 1946 322 80

1908 625 1947 658 85

1915 1303 1953 1336 95

1896 1642 1952 1676 100

1898 1982 1952 2016 105
