2018 3183
247 107 270 142 4
280 108 297 143 1
307 106 329 143 6
829 155 833 158 q
986 102 1167 138 PLAVTI
1671 72 1676 77 Ι
1711 104 1740 130 v
1757 104 1917 137 esa-100

244 233 315 271 ego
347 219 433 258 med
466 218 695 259 adsimulem
726 217 910 263 insanire,
944 223 986 255 ut
1018 216 1103 256 illos
1135 229 1154 255 a
1187 228 1248 255 me
1280 215 1552 256 absterream?

245 288 359 327 MAT.
412 287 458 325 Vt
489 285 747 338 pandiculans
778 284 978 324 oscitatur.
1039 284 1131 335 quid
1165 296 1272 324 nunc
1304 284 1453 331 faciam,
1485 285 1537 324 mi
1569 283 1710 337 pater?

245 355 344 395 Sns.
397 354 576 393 Concede
609 354 697 400 huc,
730 364 812 391 mea
844 360 945 398 nata,
977 351 1024 391 ab
1056 352 1153 392 istoc
1185 364 1302 404 quam
1332 358 1463 404 potest
1492 353 1730 404 longissime.

245 422 360 462 ΜΕΝ.
413 421 548 460 Euhoe
581 421 745 468 Bacche,
778 420 950 466 Bromie,
983 432 1061 471 quo
1093 432 1155 460 me
1186 420 1225 459 in
1258 419 1390 459 silvam
1422 427 1603 461 venatum
1634 419 1772 460 vocas?
1925 427 1981 463 835

245 489 373 535 audio,
404 489 471 529 sed
506 501 584 527 non
618 488 724 527 abire
756 499 917 539 possum
949 487 997 526 ab
1028 487 1087 526 liis
1118 486 1361 538 regionibus,

245 558 294 596 ita
328 557 389 595 illa
422 568 483 595 me
514 556 562 595 ab
595 556 699 595 laeva
730 556 883 594 rabiosa
915 555 1059 594 semina
1091 554 1266 594 adservat
1297 556 1418 601 canis,

245 630 355 676 poste
386 631 513 663 autem
548 624 654 663 illinc
685 624 817 663 hircus
862 623 1002 670 ÷alus,
1033 623 1101 674 qui
1132 635 1248 674 saepe
1281 629 1407 662 aetate
1438 622 1476 662 in
1510 635 1579 663 sua

243 692 412 743 perdidit
443 692 564 731 civem
596 692 850 731 innocentem
883 691 978 731 salso
1010 691 1251 730 testimonio.

243 759 342 800 SEN.
396 759 469 798 Vae
502 759 618 811 capiti
650 766 730 800 tuo.
790 759 907 799 ΜΕΝ.
958 758 1074 804 Ecce,
1106 758 1246 810 Apollo
1278 758 1330 797 mi
1362 771 1408 797 ex
1441 757 1573 797 oraclo
1607 761 1784 809 imperat,
1924 763 1981 799 840

242 834 287 866 ut
317 839 388 877 ego
421 827 473 866 illi
505 827 640 867 oculos
671 839 830 866 exuram
862 826 1107 878 lampadibus
1137 825 1380 865 ardentibus.

241 895 355 935 MAT.
408 895 523 942 Perii,
555 895 607 934 mi
639 902 762 946 pater,
796 895 969 933 minatur
999 894 1094 933 mibi
1125 894 1261 933 oculos
1292 905 1470 933 exurere.

244 959 375 1016 [ΜΕΝ.
429 962 470 1001 Εἰ
504 963 609 1008 milii,
642 963 814 1002 insanire
846 974 908 1001 me
941 962 1063 1009 aiunt,
1095 961 1198 1001 ultro
1230 973 1319 1000 cum
1349 961 1423 1013 ipsi
1455 957 1689 1015 insaniunt.]

241 1030 340 1070 SEx.
394 1030 507 1077 Filia,
538 1030 648 1069 heus.
709 1030 822 1070 MAT.
873 1029 974 1075 Quid
1007 1027 1094 1069 est?
1126 1028 1219 1080 quid
1251 1026 1432 1080 agimus?
1492 1028 1592 1069 Ssss.
1643 1026 1745 1074 Quid
1775 1027 1807 1067 si
1839 1039 1911 1079 ego

650 1098 726 1137 huc
757 1110 892 1137 servos
922 1095 1029 1137 cito?

196 1170 198 1173 ’
240 1165 320 1212 ibo,
353 1165 542 1205 abducam
576 1166 643 1217 qui
674 1166 781 1205 hunc
813 1166 906 1205 hinc
935 1165 1074 1205 tollant
1104 1171 1142 1204 et
1172 1164 1278 1204 domi
1309 1164 1545 1211 devinciant,
1921 1170 1976 1205 845

239 1236 349 1286 prius
380 1247 497 1286 quam
528 1233 732 1274 turbarum
765 1233 859 1285 quid
889 1234 1004 1273 faciat
1033 1232 1214 1285 amplius.
1273 1233 1389 1272 Mus.
1440 1232 1557 1272 Enim
1588 1232 1750 1277 haereo:

241 1303 281 1342 ni
313 1315 464 1356 occupo
496 1303 642 1354 aliquid
673 1302 767 1341 mihi
799 1302 1022 1349 consilium,
1052 1301 1093 1340 hi
1123 1301 1283 1340 domum
1315 1313 1378 1340 me
1408 1300 1455 1340 ad
1485 1313 1527 1340 se
1559 1301 1753 1339 auferent.

238 1371 383 1423 pugnis
414 1383 476 1410 me
505 1377 615 1410 votas
645 1370 683 1409 in
717 1370 832 1409 huius
863 1382 932 1409 ore
964 1369 1173 1421 quicquam
1206 1380 1382 1420 parcere,

238 1439 278 1477 ni
310 1451 328 1477 a
362 1439 459 1478 meis
490 1439 615 1478 oculis
645 1437 828 1478 abscedat
857 1438 898 1477 in
930 1438 1069 1477 malam
1102 1449 1282 1488 magnam
1313 1448 1484 1476 crucem.

238 1507 376 1546 faciam
407 1507 512 1559 quod
544 1506 670 1554 iubes,
702 1506 855 1558 Apollo.
916 1506 1016 1547 SEN.
1068 1505 1175 1557 Fuge
1207 1506 1379 1552 domum,
1412 1510 1601 1556 quantum
1632 1508 1775 1556 potest,
1920 1479 2018 1556 850}

238 1587 289 1614 ne
320 1574 384 1613 hic
415 1581 453 1614 te
485 1574 689 1614 obtundat.
749 1574 864 1614 MAT.
915 1573 1052 1625 Fugio.
1085 1572 1237 1621 amabo,
1268 1573 1429 1612 adserva
1458 1572 1602 1619 istunc,
1634 1571 1687 1610 mi
1718 1576 1841 1622 pater.
1999 1566 2003 1572 '

238 1655 288 1682 ne
320 1655 398 1694 quo
429 1643 522 1682 hinc
553 1643 677 1682 abeat.
738 1654 879 1681 sumne
910 1654 983 1693 ego
1015 1641 1154 1680 mulier
1186 1641 1338 1687 misera,
1371 1652 1471 1692 quae
1502 1640 1614 1679 illaec
1644 1636 1790 1678 audio?
1820 1661 1875 1667 —

236 1710 354 1751 ΜΕΝ.
408 1711 518 1750 Haud
551 1710 664 1757 male,
695 1707 884 1764 (Apollo)
915 1709 1032 1749 illanc
1062 1709 1207 1757 amovi3
1240 1721 1348 1748 nunc
1378 1709 1485 1748 hunc
1516 1706 1836 1760 impurissimum,

347 1912 413 1945 832
437 1921 506 1953 me,
530 1912 581 1955 cf.
606 1909 655 1945 ad
678 1909 773 1945 Rud.
791 1911 888 1950 220,·
912 1921 968 1945 me
991 1909 1066 1954 <ut>
1089 1908 1308 1944 Ritsclaelius
1417 1910 1480 1943 833
1505 1917 1561 1943 ΜΔ
1584 1910 1668 1942 ante
1690 1905 1778 1951 quid
1804 1905 1838 1941 B

233 1969 300 2003 834
324 1977 450 2012 quam:
475 1978 513 2002 es
539 1977 645 2012 quam
670 1966 704 2001 B
796 1970 900 2012 potes
927 1966 987 2002 CD
1081 1968 1146 2000 835
1171 1964 1256 2000 eubi
1287 1967 1382 2007 (eum
1408 1964 1479 2007 B²,
1509 1966 1581 1999 heu
1606 1962 1672 2005 ΒΞ)
1700 1965 1809 2008 atque
1833 1963 1906 1998 heu

232 2024 382 2066 bromie‚
406 2033 501 2058 corr.
520 2022 749 2065 Ritschelius,
774 2022 969 2059 Bia-merus
992 2022 1028 2057 in
1049 2020 1153 2057 Stud.
1178 2020 1272 2056 stud.
1289 2022 1327 2063 2,
1346 2022 1421 2057 529
1515 2023 1580 2057 836
1604 2019 1732 2056 habire
1756 2019 1842 2056 B¹C

234 2083 296 2115 837
323 2083 398 2115 met
422 2079 474 2114 Βι
544 2082 608 2115 838
633 2082 738 2124 poste
764 2078 1004 2114 Re'tsclzelius:
1027 2080 1112 2123 post
1134 2081 1171 2114 te
1239 2078 1294 2113 illi
1318 2078 1416 2114 circo
1442 2078 1552 2120 salus,
1576 2088 1673 2113 corr.
1696 2076 1905 2112 Beroaldus

231 2136 318 2176 (illic
335 2136 370 2171 h.
389 2136 513 2180 alius);
531 2136 657 2171 ealuus
671 2135 871 2171 Muellerus
879 2148 893 2176 ;
903 2136 996 2180 fort.
1013 2135 1102 2169 illim
1120 2134 1244 2169 hircus
1261 2134 1438 2180 malignus
1508 2144 1595 2179 sepe
1610 2132 1689 2170 CD:
1707 2143 1787 2170 sese
1803 2133 1836 2169 B

233 2196 297 2227 840
323 2203 368 2228 ue
460 2193 606 2238 appollo
700 2192 848 2228 oraculo
874 2190 910 2226 B
1002 2191 1159 2235 imperas
1190 2189 1386 2235 Lanqenus
1479 2192 1543 2226 841
1571 2190 1623 2234 cf.
1643 2191 1723 2225 828
1815 2200 1903 2226 exu·
2000 2180 2016 2223 ,ἱ

231 2249 303 2285 rati
338 2249 413 2284 σθ’
527 2248 704 2294 lampadis
737 2248 928 2294 scripsisse
960 2247 1103 2281 videtur
1132 2246 1393 2289 (Bueclzelerus
1422 2246 1466 2282 de
1497 2246 1586 2282 decl.
1617 2247 1663 2281 13
1698 2245 1790 2288 W.);
1823 2245 1899 2282 Ter.

230 2306 299 2340 Ad.
327 2306 405 2341 907
425 2305 616 2350 lampadas
644 2303 750 2345 Call„
774 2303 959 2348 lampedes
986 2303 1110 2339 Bemb.
1203 2305 1268 2338 842
1293 2303 1372 2348 peri
1399 2302 1460 2339 CD
1551 2303 1600 2338 mi
1624 2301 1700 2337 B2:
1722 2302 1812 2338 mihi

232 2364 297 2397 843
322 2361 470 2397 seclusit
487 2360 787 2406 Sonnenburyius
871 2359 975 2394 alunt
1058 2358 1139 2404 ipse
1156 2358 1274 2394 B¹CD
1360 2362 1426 2395 844
1451 2363 1549 2394 lotus
1564 2359 1645 2394 seni
1658 2358 1780 2401 datur,
1804 2369 1901 2395 corr.

230 2417 418 2454 Acidalius
511 2420 576 2452 846
599 2428 661 2451 ΜΕ.
688 2422 772 2451 ante
795 2416 950 2461 amplius
976 2414 1037 2457 ΒΕ,
1062 2425 1129 2450 om.
1156 2415 1203 2456 B,
1228 2425 1323 2450 corr.
1341 2415 1528 2451 Acidalius
1619 2415 1713 2451 enim
1738 2417 1848 2452 hereo
1865 2427 1903 2453 ς.·
1965 2441 1967 2443 .

231 2474 325 2509 enim
342 2484 425 2510 ereo
445 2473 517 2516 ΟΖ),
534 2473 630 2508 enim
645 2483 730 2508 vero
749 2472 818 2514 ΒΞ,
835 2472 932 2507 enim
950 2472 1023 2512 B²,-
1047 2471 1202 2516 amplius
1220 2472 1308 2516 quid
1324 2471 1448 2507 faciat.
1482 2472 1533 2507 M.
1553 2471 1648 2507 enim
1663 2482 1749 2508 vero
1766 2473 1900 2508 haereo

233 2529 388 2572 Oinous,
421 2531 471 2576 cf.
497 2529 612 2565 Merc.
641 2530 721 2564 739.
768 2529 946 2564 sermonis
968 2532 1104 2563 natm-a
1128 2539 1201 2563 non
1225 2528 1410 2563 mulierem
1434 2527 1552 2563 verbis
1574 2528 1718 2574 insequi
1730 2527 1903 2575 postulat

228 2586 294 2621 secl
317 2585 611 2623 Menaechmum,
683 2588 745 2620 847
773 2584 920 2630 aliquid,
945 2584 995 2628 cf.
1025 2583 1130 2620 Truc.
1155 2585 1243 2625 425,
1267 2584 1317 2619 ad
1341 2583 1460 2619 Vidul.
1488 2584 1538 2620 67
1626 2585 1732 2620 adses
1758 2584 1809 2619 B¹

232 2645 296 2677 849
321 2642 383 2677 nei
406 2653 429 2678 a.
453 2643 542 2678 meis
580 2641 774 2678 Vahlenus:
798 2652 844 2677 ne
867 2641 941 2677 iam
962 2641 1051 2676 meis
1078 2640 1142 2682 3¹,
1165 2641 1227 2675 nei
1250 2640 1354 2675 amiis
1380 2640 1417 2683 C,
1440 2650 1486 2676 ne
1508 2640 1581 2676 iam
1604 2640 1662 2676 his
1687 2640 1744 2681 (is)
1772 2639 1900 2682 B²D²,

229 2709 399 2742 negemus
425 2698 475 2734 D²
588 2699 628 2734 in
659 2708 824 2743 magnam
856 2698 986 2733 malam
1018 2707 1163 2732 crucem
1186 2695 1516 2732 Sounensclaeinius
1546 2696 1652 2732 class.
1685 2707 1758 2732 rev.
1786 2697 1899 2739 1892,

228 2756 304 2790 446
320 2766 374 2801 sq.
484 2757 547 2790 850
571 2766 709 2801 praem.
735 2766 797 2789 ME.
825 2753 887 2795 3¹,
918 2764 974 2788 nv
1001 2753 1050 2788 D²
1160 2755 1265 2798 potes
1292 2752 1352 2789 ΟΒ
1461 2755 1526 2788 852
1551 2763 1670 2798 nequo
1698 2753 1754 2788 B:
1781 2755 1906 2798 neque'

232 2811 292 2847 CD
382 2811 518 2847 habeat
609 2821 745 2847 summe
773 2810 887 2847 B¹CD
977 2810 1042 2846 illa
1070 2811 1140 2857 hec
1168 2810 1285 2846 audeo
1312 2808 1427 2845 B¹CD
1520 2812 1584 2845 853
1609 2808 1787 2856 supplevi.
1832 2819 1898 2844 no-

230 2867 323 2902 mine
348 2878 441 2914 opus
464 2878 540 2903 esse
565 2867 716 2910 ridetur,
742 2878 836 2913 quae
857 2871 1030 2903 secuntur
1054 2877 1133 2902 cum
1157 2864 1377 2902 anacolutko
1403 2865 1555 2902 meliora
1646 2876 1733 2902 num
1757 2864 1819 2902 CD
