1998 3179
85 93 101 122 1
119 95 144 128 2,
158 95 259 124 46-63
784 93 1054 130 MERCATOB.
1668 93 1748 131 443

88 209 165 250 On.
188 209 319 249 Sicine
336 209 388 249 mi
406 209 628 260 obsequens
644 206 716 247 es?
745 207 820 248 Ac.
842 208 942 254 Quid
967 208 1023 247 vis
1040 206 1208 247 faciam?
1237 208 1314 249 GH.
1337 206 1454 248 Tun?
1471 208 1508 248 id
1526 209 1632 260 quod
1647 209 1750 248 volo.

87 276 165 316 Ac.
196 276 296 322 Quid
314 274 399 330 (id)
416 282 473 316 est
496 276 614 328 igitur
639 275 743 327 quod
769 274 851 315 vis?
899 275 977 316 Cn.
1007 276 1152 315 Dicam.
1211 275 1287 316 Ac.
1319 276 1423 315 Dice.
1468 275 1545 317 CH.
1576 276 1624 315 At
1646 276 1749 315 enim

1195 343 1346 394 placide
1376 343 1476 383 volo.

87 410 224 451 ACAN.
273 410 509 450 Dormientis
539 416 779 463 spectatores
810 410 949 450 metuis
980 422 1029 449 ne
1060 422 1104 450 ex
1136 422 1276 449 somno
1308 409 1483 450 excites?
1763 416 1818 448 160

87 477 224 518 CHAR.
246 477 323 517 Vae
339 477 422 517 tibi.
452 477 589 519 AcAN.
620 477 706 517 Tibi
729 478 909 529 equidem
931 490 951 516 a
973 483 1090 529 portu
1111 477 1276 528 adporto
1298 477 1372 516 hoc
1393 500 1448 506 -
1477 477 1615 518 CHAR.
1647 477 1749 524 Quid

1144 542 1251 583 fers?
1282 545 1342 583 (lic
1373 545 1478 583 mihi.

87 610 224 653 ACAN.
276 612 360 651 Vim
391 618 552 659 metum,
584 611 798 651 cruciatum
830 623 977 658 curam,
1009 611 1257 663 iurgiumque
1287 617 1403 662 atque
1435 612 1621 663 inopiam.

89 678 225 719 CHAR.
275 679 390 726 Perii,
420 685 464 719 tu
495 679 650 730 quidem
682 679 936 718 thensaurum
968 679 1045 718 huc
1075 679 1127 718 mi
1158 678 1407 730 adportavisti
1438 679 1541 718 mali.

88 746 218 785 nullus
233 758 331 788 sum.
365 745 440 786 Ac.
462 746 584 785 Immo
602 759 643 786 es
662 768 709 774 —
742 746 818 787 Gn.
835 745 924 785 Scio
942 746 1029 794 iam,
1056 746 1241 785 miserum
1258 745 1364 785 (lices
1387 751 1441 785 tu.
1473 745 1548 787 AC.
1571 745 1655 785 Dixi
1677 758 1749 798 ego

1330 818 1478 852 tacens.

85 879 222 920 CHAR.
264 880 364 926 Quid
384 881 483 920 istuc
504 886 562 920 est
583 879 701 920 mali?
733 880 868 921 Aom.
901 880 956 920 Ne
978 880 1135 931 rogites,
1156 892 1378 920 maxumum
1396 881 1656 921 infortunium
1679 888 1748 921 est.
1764 887 1817 919 165

85 946 222 988 CHAR.
274 947 461 995 Obsecro,
493 948 658 988 dissolve
689 948 763 987 iam
796 960 876 996 me;
909 947 1024 987 nimis
1054 947 1119 987 diu
1150 948 1268 987 animi
1299 949 1466 1000 pendeo.

87 1014 224 1057 ACAN.
274 1015 442 1063 Placide,
475 1016 592 1055 multa
624 1016 830 1067 exquirere
861 1016 974 1054 etiam
1008 1015 1116 1067 prius
1147 1016 1233 1055 volo
1266 1028 1381 1067 quam
1412 1016 1604 1068 vapulem.

87 1082 226 1123 CHAR.
276 1083 416 1122 Hercle
447 1096 536 1122 vero
567 1083 779 1135 vapulabis,
812 1083 886 1122 nisi
916 1083 990 1121 iam
1024 1083 1185 1134 loquere
1216 1090 1282 1122 aut
1310 1084 1403 1123 hinc
1435 1084 1530 1123 abis.

85 1149 223 1192 ACAN.
273 1151 357 1190 Hoc
386 1151 438 1190 sis
467 1151 565 1198 vide,
598 1157 640 1190 ut
669 1151 861 1203 palpatur.
921 1151 1080 1196 nullust,
1113 1152 1269 1202 quando
1302 1152 1466 1203 occepit,
1498 1150 1691 1190 blandior.

86 1217 224 1258 CHAR.
276 1217 451 1258 Obsecro
482 1218 612 1257 hercle
644 1230 793 1269 oroque
823 1224 866 1257 ut
897 1217 996 1257 istuc
1026 1218 1117 1269 quid
1149 1219 1198 1258 sit
1226 1224 1399 1258 actutum
1431 1219 1592 1263 indices,
1762 1224 1817 1256 170

94 1285 410 1336 quandoquidem
442 1286 535 1325 mihi
566 1286 864 1337 supplicandum
897 1286 1047 1324 servolo
1079 1285 1188 1325 video
1221 1298 1321 1325 meo.

86 1351 163 1392 Ac.
184 1352 358 1392 Tandem
376 1352 561 1403 indignus
577 1351 737 1392 videor?
777 1352 913 1393 CHAR.
935 1352 1058 1391 Immo
1075 1353 1230 1405 dignus.
1268 1352 1344 1394 AC.
1374 1353 1565 1404 Equidem
1591 1353 1748 1392 credidi.

87 1419 225 1460 CHAR.
277 1419 463 1467 Obsecro,
495 1433 589 1459 num
622 1420 729 1459 navis
760 1418 904 1471 periit?
963 1419 1100 1461 ACAN.
1152 1421 1297 1460 Salvast
1330 1421 1448 1468 navis,
1482 1433 1530 1460 ne
1561 1420 1666 1459 time.

86 1487 163 1528 CH.
195 1487 293 1533 Quid
319 1487 390 1527 alia
414 1487 682 1527 armamenta?
722 1488 798 1528 Ac.
829 1488 936 1527 Salva
962 1495 999 1526 et
1020 1500 1113 1527 sana
1140 1494 1244 1527 sunt.
1284 1488 1361 1528 CH.
1391 1488 1494 1534 Quin
1522 1495 1562 1527 tu
1589 1487 1748 1539 expedis

88 1555 178 1605 quid
211 1555 283 1594 siet
313 1554 417 1606 quod
448 1567 510 1594 me
541 1568 612 1607 per
643 1555 781 1594 urbem
814 1567 977 1594 currens
1007 1555 1223 1605 quaerebas
1254 1556 1382 1594 niodo.
1762 1561 1816 1594 175

86 1621 223 1663 ACAN.
244 1621 301 1661 Tu
326 1622 481 1673 quidem
505 1635 549 1662 ex
572 1626 638 1662 ore
660 1622 875 1661 orationem
898 1622 950 1661 mi
973 1622 1104 1673 eripis.
1136 1622 1273 1663 OHAR.
1296 1623 1435 1662 Taceo.
1476 1622 1612 1664 ACAN.
1634 1622 1747 1662 Tace.

88 1690 217 1736 credo,
248 1689 279 1729 si
310 1689 405 1729 boni
436 1690 529 1742 quid
560 1690 607 1729 ad
638 1696 675 1729 te
707 1690 900 1737 nuntiem,
932 1690 1054 1730 instes
1085 1691 1239 1736 acriter,

88 1757 155 1807 qui
187 1769 306 1803 nunc,
338 1769 455 1808 quom
489 1758 632 1797 malum
663 1758 948 1805 audiendumst,
979 1758 1126 1809 flagitas
1158 1746 1218 1796 me
1250 1764 1292 1797 ut.
1322 1758 1494 1809 eloquar.

87 1823 225 1864 CHAR.
276 1824 450 1864 Obsecro
480 1825 610 1864 hercle
641 1830 691 1871 tc,
723 1825 823 1864 istuc
854 1830 896 1864 ut
926 1832 966 1864 tu
998 1825 1093 1866 mihi
1124 1826 1268 1864 malum
1298 1825 1416 1865 facias
1448 1825 1587 1877 palam.

87 1890 164 1931 AC.
188 1891 372 1942 Eloquar,
398 1892 714 1944 quandoquidem
734 1905 794 1931 me
812 1904 911 1931 oras.
943 1898 1033 1931 tuos
1049 1899 1162 1944 pater
1178 1915 1231 1920 -—-
1262 1892 1339 1933 CH.
1364 1892 1464 1939 Quid
1484 1905 1593 1932 meus
1609 1890 1816 1945 patei-{²180

203 2062 266 2093 158
291 2059 404 2094 sicine
428 2071 456 2094 e.
482 2071 516 2105 q.
541 2070 569 2094 s.
596 2059 818 2094 Acautlcz'om'
849 2059 1055 2095 tribuuntur
1085 2065 1119 2095 et
1149 2071 1328 2106 personae
1355 2064 1612 2106 permutantur
1635 2070 1748 2104 usque

86 2113 136 2148 ad
165 2125 195 2148 v.
220 2115 287 2149 161
379 2115 500 2150 sitiine
527 2115 560 2149 B
652 2118 727 2150 tum
753 2114 788 2149 B
882 2118 945 2150 159
977 2116 1056 2159 (id>
1088 2115 1249 2162 Pylades
1279 2120 1313 2150 et
1346 2116 1534 2151 Bentlez'us
1625 2115 1676 2159 cf.
1701 2114 1751 2149 acl

86 2169 214 2217 Amph.
239 2171 316 2205 442
406 2171 585 2215 placidem
612 2172 646 2206 B
736 2182 877 2207 servum
902 2172 1114 2207 iracundum
1147 2173 1210 2218 (cf.
1236 2173 1319 2215 157)
1339 2172 1485 2218 placide
1510 2172 1610 2217 loqui
1633 2171 1750 2217 ipsius

86 2226 194 2262 verbo
217 2228 303 2269 (136
326 2227 375 2271 cf.
393 2229 479 2271 167)
500 2228 596 2263 iubet
691 2230 748 2262 161
777 2239 815 2263 a:
842 2229 888 2263 ad
914 2228 950 2263 B
1041 2228 1208 2274 amhique
1232 2228 1405 2273 loquitur,
1430 2232 1470 2262 ut
1493 2229 1562 2263 hoc
1587 2231 1622 2262 et
1645 2237 1750 2262 accu-

86 2283 223 2318 sativus
246 2283 419 2318 audiatur
441 2288 477 2318 et
500 2284 706 2320 adverbium
801 2287 864 2319 162
889 2285 940 2328 cf.
961 2286 1048 2319 848.
1077 2286 1164 2327 870,
1189 2284 1325 2320 Pacuv.
1343 2296 1373 2321 v.
1392 2286 1473 2320 301.
1519 2283 1592 2318 uim
1616 2285 1749 2318 metum

87 2337 140 2383 cf.
163 2337 298 2374 Pacuv.
317 2340 365 2374 53
389 2339 516 2375 Laber.
534 2341 622 2382 102,
650 2341 719 2377 Cic.
743 2352 813 2386 pro
841 2341 939 2376 Caco.
958 2342 1007 2376 43
1023 2352 1078 2386 sq.
1102 2341 1146 2375 cle
1171 2341 1234 2386 off.
1252 2343 1290 2384 2,
1307 2342 1372 2382 22,
1398 2352 1441 2375 ac
1464 2351 1573 2386 saepe
1597 2351 1639 2375 ea
1665 2350 1750 2374 cou-

87 2393 218 2440 iuuqit.
266 2396 474 2431 cruciatum.
491 2402 532 2431 ut
556 2408 586 2433 v.
611 2398 690 2431 247
798 2399 859 2431 163
884 2397 962 2441 peri
1069 2398 1279 2432 thesaurum
1304 2397 1372 2432 BC
1474 2398 1571 2431 hunc
1598 2395 1659 2430 CI)

90 2452 155 2484 164
179 2450 277 2486 dices
300 2453 344 2486 A.
370 2454 409 2487 tu
434 2452 509 2487 dixi
535 2452 640 2495 (dixti
667 2453 706 2495 C)
731 2463 795 2498 ego
819 2455 916 2498 (ergo
942 2452 988 2495 Β)
1013 2455 1113 2489 taces
1138 2456 1253 2495 (taceo
1282 2453 1352 2494 CI),
1381 2455 1506 2488 tacens
1531 2452 1752 2495 Beckerus„

89 2505 158 2540 hoc
180 2507 286 2542 dicit:
309 2518 380 2543 uon
398 2508 526 2550 dicam,
550 2509 615 2544 sed
637 2509 719 2544 (licei
735 2520 923 2551 mussans,·
947 2510 996 2554 cf.
1017 2510 1087 2545 Cle.
1098 2521 1173 2555 pro
1193 2510 1283 2546 Sext.
1302 2511 1354 2544 40
1370 2510 1524 2545 tacendo
1548 2509 1658 2554 loqui,
1676 2521 1751 2556 pro

91 2560 184 2596 Cael.
210 2563 234 2596 3
261 2563 394 2599 tacitus
426 2566 640 2610 respondet,
673 2575 716 2600 ac
739 2576 848 2611 saepe
943 2569 1006 2601 166
1030 2567 1148 2601 iamne
1174 2566 1208 2600 Β
1303 2570 1364 2602 167
1383 2577 1435 2612 sq.
1464 2566 1645 2602 Meursius
1667 2567 1750 2601 169.

87 2618 172 2651 168.
202 2619 278 2653 167
306 2619 374 2654 hoc
399 2622 526 2657 ordine
551 2623 696 2668 posuit,
731 2633 801 2668 quo
825 2623 942 2658 omnis
965 2622 1139 2667 colloquii
1162 2623 1213 2658 vis
1236 2624 1455 2668 pervertitur
1574 2625 1637 2657 168
1661 2622 1749 2658 iam:

88 2673 182 2708 aiam
207 2676 241 2710 B
331 2678 393 2710 169
418 2677 466 2721 cf.
484 2679 572 2712 153:
596 2689 668 2724 quo
693 2680 772 2714 iure
795 2684 983 2725 repetatur
1007 2683 1162 2725 apparet
1254 2690 1393 2715 versum
1414 2683 1500 2726 post
1522 2680 1596 2713 170
1620 2679 1749 2713 iterum

87 2728 194 2764 habet
219 2730 254 2764 B
368 2732 398 2767 si
429 2736 464 2768 et
494 2734 614 2769 nullus
638 2737 672 2770 st
703 2735 836 2774 (nullus
861 2738 916 2770 est
942 2734 1014 2777 ΟΒ)
1041 2735 1075 2769 Β
1100 2734 1291 2780 utrubique
1404 2736 1573 2781 palpator
1599 2734 1659 2770 CD

90 2787 155 2819 174
179 2790 390 2823 ornamenta
407 2789 442 2823 B
513 2793 576 2825 176
601 2791 651 2835 cf.
679 2789 789 2826 Stich.
812 2791 878 2825 718
953 2794 1012 2825 178
1038 2791 1256 2826 audiendum
1281 2791 1312 2825 si
1330 2790 1365 2825 B
1439 2795 1499 2826 179
1525 2792 1579 2828 uti
1598 2792 1658 2827 CI)

86 2841 210 2884 palum
235 2842 321 2877 BD¹
416 2847 478 2880 180
503 2856 607 2882 ocras
636 2847 668 2881 Β
