1998 3179
69 101 113 130 111
131 102 158 135 2,
170 102 272 130 20—42
746 99 968 147 EPIDIOVS
1652 99 1733 136 359

74 221 117 254 ut
145 227 235 254 cum
265 214 446 254 rediisses
478 226 529 253 ne
558 213 628 252 tibi
660 214 743 253 eius
773 214 886 265 copia
917 220 1031 254 esset.
1088 214 1186 253 STR.
1238 212 1358 264 Euge.

892 296 914 319 ²1<

75 350 180 397 (ΕΡ.)
230 361 273 387 ea
294 349 370 388 iam
391 348 533 388 domist
553 361 625 400 pro
647 349 735 387 tilia.
795 349 891 388 STR.
940 346 1065 402 (lam)
1094 354 1224 387 teneo.
1283 349 1358 388 ΕΡ.
1399 348 1512 388 Nunc
1534 355 1733 388 cautorem

75 416 180 455 dedit
209 416 302 454 mihi
333 416 380 454 ad
411 417 512 455 hanc
542 428 627 455 rem
657 416 907 467 Apoecidem,
940 417 970 455 is
1000 415 1102 467 apud
1136 417 1263 454 forum
1295 421 1427 454 manet
1456 428 1531 462 me,

78 480 282 539 [quasique
305 481 466 539 amaret]
491 490 633 523 caveat.
679 484 774 524 STP..
812 483 921 522 Haud
945 484 1055 522 male.
1102 483 1176 523 ΕΡ.
1214 483 1293 521 Iam
1315 486 1397 534 ipse
1414 490 1552 523 cautor
1569 489 1733 535 captust.

76 550 160 602 ipse
190 550 228 589 in
264 563 349 590 meo
381 551 482 590 collo
515 558 602 590 tuos
633 556 743 602 pater
773 549 990 589 cruminam
1021 549 1246 596 collocavit;
1748 557 1804 589 360

74 618 106 657 is
136 619 313 665 adornat,
344 619 555 657 adveniens
586 618 691 657 dorni
723 618 917 668 extemplo
950 624 992 656 ut
1023 618 1184 656 maritus
1214 618 1294 656 fias.

75 685 172 725 STR.
222 685 306 724 Vno
337 685 588 737 persuadebit
617 685 747 731 modo,
779 685 810 724 si
841 685 957 731 illam,
990 697 1088 735 quae
1121 685 1284 723 adducta
1315 691 1374 724 est
1404 697 1574 731 mecum,

75 753 125 792 mi
155 753 347 804 adempsit
377 753 514 793 Orcus.
574 753 648 793 ΕΡ.
698 752 813 791 Nunc
847 764 918 803 ego
949 753 1051 791 hanc
1082 752 1263 791 astutiam
1294 752 1456 791 institui.

74 820 275 860 deveniam
307 821 355 860 ad
384 821 566 860 lenonem
599 820 756 859 domum
790 826 942 871 egomet
972 820 1089 866 solus,
1122 832 1210 859 eum
1243 832 1314 871 ego
1347 819 1510 864 docebo,

72 889 104 928 si
135 889 226 940 quid
259 889 304 928 ad
338 901 426 928 eum
457 889 672 935 adveniam,
703 894 748 927 ut
777 888 848 927 sibi
881 890 966 927 esse
998 888 1128 927 datum
1160 893 1367 939 argentum
1398 888 1495 927 dicat
1749 893 1804 925 365

72 967 144 1008 pro
175 956 344 1003 fidicina,
376 957 528 1008 argenti
558 956 683 995 minas
715 968 756 995 se
787 955 931 994 habere
963 956 1247 1007 quinquaginta

73 1023 235 1075 (quippe
268 1036 339 1075 ego
372 1025 437 1075 qui
470 1023 754 1063 nudiustertius
785 1024 880 1062 meis
912 1023 1092 1063 manibus
1122 1023 1374 1063 denumeravi

73 1102 146 1142 pro
176 1091 239 1130 illa
271 1098 334 1130 tua
366 1091 502 1138 amica,
535 1103 650 1142 quam
681 1097 792 1142 pater
822 1103 931 1130 suam
962 1091 1078 1129 filiam
1110 1103 1193 1130 esse
1226 1092 1370 1141 retur):

74 1158 126 1197 ibi
156 1159 246 1198 leno
278 1159 508 1198 sceleratum
541 1166 657 1210 caput
687 1171 799 1197 suom
832 1158 1061 1209 imprudens
1091 1158 1274 1209 alligabit,

75 1226 184 1276 quasi
214 1238 287 1278 pro
319 1226 380 1265 illa
410 1233 617 1277 argentum
648 1226 854 1277 acceperit,
887 1238 986 1276 quae
1018 1233 1148 1265 tecum
1179 1227 1340 1265 adducta
1373 1238 1479 1264 nunc
1511 1232 1580 1264 est.
1748 1231 1805 1263 370

74 1292 238 1333 CHAER.
288 1293 490 1332 Vorsutior
521 1307 562 1333 es
593 1306 708 1344 quam
739 1301 822 1332 rota
854 1293 1038 1344 figularis.
1098 1293 1172 1333 ΕΡ.
1222 1293 1301 1332 lam
1333 1305 1405 1344 ego
1436 1293 1580 1345 parabo

76 1361 243 1412 aliquam
275 1361 447 1400 dolosam
481 1361 687 1407 fidicinam,
722 1372 882 1399 nummo
914 1361 1106 1399 conducta
1140 1372 1237 1411 quae
1269 1361 1329 1407 sit,

76 1439 176 1478 quae
206 1440 247 1467 se
278 1434 445 1479 emptam
476 1428 643 1473 simulet,
676 1440 773 1478 quae
804 1440 918 1466 senes
949 1428 1026 1466 duo
1058 1427 1170 1466 docte
1201 1427 1435 1466 ludificetur.

74 1507 158 1534 eam
189 1495 304 1534 ducet
334 1495 448 1534 simul
478 1495 692 1546 Apoecides
722 1495 767 1533 ad
800 1501 907 1533 tuom
939 1501 1103 1546 patrem.
1163 1495 1260 1535 STR.
1311 1495 1360 1534 Vt
1389 1501 1534 1546 parate.

75 1563 150 1603 ΕΡ.
200 1562 292 1601 Eam
324 1562 632 1614 permeditatam,
665 1563 760 1602 meis
791 1562 889 1601 dolis
921 1563 1150 1613 astutiisque
1182 1570 1361 1602 onustam
1749 1570 1804 1601 375

75 1631 235 1670 mittam.
295 1631 363 1670 sed
396 1631 508 1669 nimis
540 1631 701 1682 longum
734 1631 887 1682 loquor,
919 1631 985 1669 diu
1017 1643 1077 1669 me
1109 1631 1200 1670 estis
1231 1631 1433 1669 demorati.

75 1697 170 1737 haec
200 1698 305 1738 scitis
336 1698 410 1737 iam
442 1705 485 1737 ut
517 1699 644 1738 futura
677 1698 769 1738 sint.
831 1698 940 1737 abeo.
971 1721 1026 1726 —
1085 1698 1181 1739 STR.
1232 1698 1338 1737 Bene
1369 1697 1578 1737 ambulato.

72 1765 234 1806 Onam.
270 1766 391 1806 Nimis
408 1767 546 1806 doctus
563 1767 625 1806 ille
641 1765 746 1820 (est)
761 1767 806 1805 ad
825 1767 923 1806 male
941 1767 1176 1806 faciendum.
1223 1767 1318 1807 Sum.
1351 1766 1411 1806 Me
1428 1766 1609 1818 equidem
1628 1771 1735 1804 certo

185 1902 251 1934 356
276 1899 432 1935 redisses
513 1910 560 1935 ne
585 1900 633 1942 B,
657 1900 721 1934 secl
743 1911 766 1935 n
792 1911 841 1936 ex
865 1911 958 1935 corr.
970 1915 980 1934 :
1005 1912 1051 1936 ue
1079 1900 1122 1942 E,
1147 1904 1189 1936 ut
1212 1899 1238 1935 I
1324 1900 1546 1936 intercidisse
1571 1900 1737 1936 videntur

73 1956 180 1991 talia:
204 1957 322 2000 <nunc
340 1966 449 2001 super
465 1956 642 1992 adducam
660 1957 768 1991 aliam
783 1956 879 2002 patri
896 1956 1097 2002 fidicinam3
1122 1968 1205 1992 nam
1223 1968 1330 2002 quam
1346 1956 1515 2001 amabas>
1608 1958 1671 1990 357
1691 1956 1735 1991 E.

69 2023 209 2058 praem.
238 2012 273 2046 B
305 2012 371 2054 (B2
405 2015 442 2046 ut
464 2012 589 2055 solet),
627 2024 694 2048 om.
727 2012 787 2048 EI
874 2025 939 2059 pro
971 2014 1047 2048 filia
1069 2013 1275 2049 Acz‘clalz'us:
1310 2024 1375 2058 pro
1411 2013 1475 2049 illa
1500 2012 1552 2047 ΒΞ
1585 2013 1623 2046 in
1651 2023 1737 2053 ras„

75 2068 172 2113 pelia
195 2067 251 2103 ΕΙ
342 2068 459 2114 (iam)
484 2068 641 2104 Briaez‘us
750 2073 936 2106 auctorem
954 2068 1022 2111 BL
1047 2072 1205 2105 actorem
1224 2069 1270 2111 E,
1294 2080 1388 2105 corr.
1415 2082 1433 2106 ς
1542 2072 1606 2104 359
1632 2069 1737 2113 quasi

77 2135 167 2169 quae
190 2128 330 2160 amaret
354 2127 481 2160 caveat
511 2125 612 2160 codd.
626 2153 634 2168 ‚
668 2130 776 2171 atque
800 2126 966 2161 videntur
987 2126 1119 2173 priora
1143 2126 1250 2162 verba
1273 2136 1364 2160 sana
1388 2137 1464 2161 esse
1485 2125 1551 2170 (cf.
1577 2126 1654 2159 275
1668 2129 1735 2170 sq.)

75 2184 109 2215 et
133 2181 309 2226 reliquiae
333 2191 455 2216 eorum
481 2192 574 2226 quae
590 2186 680 2228 post
703 2193 733 2217 v.
752 2183 826 2217 355
848 2183 1119 2218 interciderunt.
1159 2181 1217 2217 lu’c
1247 2183 1424 2218 sententia
1444 2181 1591 2228 flaqitac
1615 2181 1735 2226 <suasi

75 2237 153 2282 ipse
177 2237 234 2280 ut>
259 2240 385 2273 caveat
464 2237 510 2272 E.
536 2249 603 2272 om.
629 2237 690 2273 EI
764 2239 876 2283 (sed)
898 2239 970 2275 iam
995 2239 1166 2275 Goetzz'us
1257 2241 1386 2284 captus
1411 2242 1467 2274 est
1559 2238 1609 2283 cf.
1635 2238 1736 2284 Capt.

75 2294 152 2327 256
159 2305 174 2334 ;
198 2291 269 2329 Cic.
285 2304 357 2338 pro
375 2293 471 2328 Mur.
488 2296 542 2328 22
635 2297 698 2330 361
717 2296 876 2338 veniens,
901 2306 995 2331 corr.
1014 2296 1241 2331 Camerarius
1334 2297 1398 2330 363
1416 2295 1571 2339 dempsit
1594 2293 1630 2328 B
1637 2295 1647 2315 ¹

75 2350 245 2385 astutiam
279 2351 374 2385 hanc
399 2349 578 2396 Pylades,
611 2351 663 2396 cf.
687 2351 901 2398 Kaempfius
923 2351 968 2388 de
989 2363 1098 2399 pron.
1123 2363 1219 2398 pers.
1246 2353 1298 2386 23
1304 2364 1318 2393 ;
1355 2353 1476 2397 possis
1500 2350 1593 2386 velut
1615 2351 1736 2395 (astu)

75 2405 217 2441 institui
309 2408 376 2441 364
401 2417 464 2452 ego
483 2407 550 2442 del.
569 2406 729 2453 Pylades
822 2411 886 2443 365
912 2407 943 2442 si
967 2407 1111 2452 quidem
1128 2419 1157 2448 ς,
1180 2408 1273 2452 sort.
1297 2408 1426 2443 sicum
1449 2407 1511 2442 illo
1536 2407 1581 2449 (si
1605 2407 1666 2451 qui
1690 2407 1736 2442 ad

75 2471 156 2496 eum
179 2461 375 2498 adveniant
393 2462 634 2505 Camerarius)
712 2465 836 2500 datum
861 2475 940 2500 esse
962 2463 1122 2509 Pylades
1213 2455 1284 2500 369'
1302 2464 1465 2509 alligauit
1558 2463 1736 2497 minarum

74 2528 244 2552 numerus
277 2524 425 2564 puqnat
459 2530 539 2555 cum
575 2532 606 2556 v.
643 2521 726 2555 703.
775 2525 939 2556 extrema
970 2531 1061 2565 quae
1102 2523 1221 2555 tecum
1257 2524 1321 2555 etc.
1358 2516 1462 2566 παρὰ
1500 2521 1737 2564 προσδοκίαν

74 2574 302 2619 inferuntur:
335 2585 406 2621 pro
444 2576 672 2612 conducticia
703 2576 768 2611 illa
792 2581 982 2622 arqentum
1007 2580 1193 2622 acceptum
1217 2586 1293 2610 esse
1316 2576 1517 2622 Apoecides
1541 2576 1672 2618 credet,
1696 2587 1737 2611 re

76 2640 161 2665 vera
207 2642 406 2677 expensum
454 2633 523 2668 eric
563 2644 635 2678 pro
683 2644 726 2667 ea
773 2643 881 2678 quam
928 2632 1196 2678 Stratippocles
1243 2631 1441 2667 adduxerit
1450 2644 1464 2672 ,·
1509 2643 1549 2667 eo
1597 2636 1737 2678 spectat

76 2686 285 2731 imprudens
379 2690 440 2722 371
467 2689 647 2725 versutior
670 2690 753 2724 icem
776 2688 888 2724 schol.
914 2690 1002 2724 Aen.
1031 2690 1069 2730 2,
1090 2689 1138 2722 62
1230 2688 1302 2723 iam
1329 2687 1384 2723 B:
1408 2689 1457 2723 ha
1478 2687 1523 2730 E,
1547 2689 1595 2724 ah
1624 2687 1650 2723 I

77 2745 142 2776 373
156 2743 263 2779 docta
280 2742 342 2778 EI
428 2747 494 2780 374
517 2755 622 2780 suum
646 2744 738 2780 B¹V
831 2745 899 2779 ST.
927 2756 994 2779 om.
1022 2743 1083 2778 EI
1171 2746 1234 2778 375
1260 2744 1303 2779 E.
1323 2754 1390 2778 om.
1410 2742 1471 2778 EI
1555 2745 1734 2789 permedi-

76 2802 189 2834 tatam
221 2799 309 2834 meis
341 2799 432 2835 dolis
464 2811 535 2835 non
559 2805 655 2836 recte
679 2801 915 2847 coniungsunt.
963 2801 1014 2845 cf.
1031 2800 1108 2835 Mil.
1130 2801 1207 2835 903
1232 2799 1329 2835 Trz'n.
1351 2801 1423 2835 817
1511 2802 1576 2835 376
1593 2800 1734 2836 mitram

78 2853 139 2889 EI
225 2855 329 2890 nimis
346 2856 453 2891 etiam
477 2856 527 2891 ad
541 2857 604 2892 diu
613 2857 773 2903 pertinet
864 2859 928 2892 378
941 2856 1037 2902 (est)
1053 2856 1278 2893 Camerarius
1370 2859 1443 2892 met
1459 2857 1601 2901 quidem
1616 2856 1667 2892 Β1
