1983 3179
78 61 149 98 proi.
162 61 263 90 50—14
761 62 1048 100 AMPHITRVO
1708 70 1730 106 7

393 176 506 215 Nunc
537 188 651 227 quam
683 188 765 215 rem
796 183 947 216 oratum
979 178 1053 216 hnc
1085 178 1171 217 veni
1202 179 1367 229 primum
1401 181 1623 232 proloquar,

283 250 370 296 post
399 252 670 294 argumentum
704 245 817 284 buius
847 245 1009 296 eloquar
1038 246 1272 297 tragoediae.

283 310 403 361 quid?
435 312 681 351 contraxistis
711 313 892 358 frontem,
925 314 1013 363 quia
1044 314 1279 364 tragoediam

283 379 358 417 dixi
390 380 557 418 futuram
589 379 720 418 hanc?
750 380 845 419 deus
875 393 972 426 sum,
1005 388 1304 420 commutavero.

283 447 444 485 eandem
477 447 591 493 ha'nc,
623 447 654 485 si
686 447 808 493 voltis,
841 449 974 486 faciam
1007 461 1051 487 ex
1083 449 1276 499 tragoedia

283 513 480 552 comoedia
512 520 554 552 ut
583 515 632 553 sit
663 515 845 554 omnibus
876 515 995 554 isdem
1029 517 1216 555 voi-sibus.

285 588 414 619 utrum
446 581 495 620 sit
524 593 571 619 an
607 595 684 620 non
720 581 859 621 voltis?
889 583 953 621 sed
987 596 1058 634 ego
1089 584 1256 629 stultior,

282 649 390 698 quasi
423 649 592 687 nesciam
625 662 690 688 vos
721 650 827 694 velle,
860 651 925 701 qui
957 651 1063 689 divos
1093 651 1200 689 siem.

282 721 397 754 teneo
429 716 520 766 quid
552 717 668 755 animi
702 718 817 756 vostri
847 730 966 769 super
995 718 1066 757 hac
1098 730 1139 756 re
1169 718 1259 757 siet:

278 783 412 821 faciam
445 790 487 822 ut
516 785 724 823 commixta
755 785 820 826 sit:
852 783 945 838 (sit)
976 785 1288 835 tragicomoedia.

284 862 370 888 nam
403 863 463 890 me
493 858 684 903 perpetuo
715 854 842 891 facere
874 859 915 891 ut
945 853 995 892 sit
1025 853 1237 899 comoedia,

285 930 394 969 reges
426 931 503 969 quo
536 920 692 959 veniant
722 926 759 959 et
788 921 838 967 di,
872 933 949 959 non
984 933 1052 972 par
1083 921 1263 959 arbitror.

283 987 373 1036 quid
406 985 552 1037 igitur?
584 988 768 1038 quoniam
800 989 862 1027 hic
891 1001 1022 1027 servos
1054 1001 1210 1039 quoque
1240 995 1369 1040 partes
1400 989 1525 1034 babet.¹

284 1054 419 1092 faciam
450 1055 509 1100 sit,
543 1055 706 1106 proinde
738 1062 779 1095 ut
809 1056 898 1101 dixi,
930 1056 1243 1106 tragicomoedia.

287 1133 393 1160 nunc
424 1122 499 1161 boc
531 1135 591 1162 me
623 1136 734 1162 orare
764 1136 784 1161 a
816 1123 924 1162 vobis
954 1124 1065 1163 iussit
1097 1124 1282 1175 luppiter,

285 1195 327 1227 ut
357 1197 664 1240 conquaestores
693 1192 844 1242 singula
875 1192 914 1230 in
946 1191 1126 1230 subsellia

285 1263 374 1295 eant
405 1270 476 1308 per
505 1264 622 1296 totam
655 1271 805 1297 caveam
837 1258 1133 1310 spectatoribus,

281 1324 311 1362 si
344 1325 405 1362 cui
438 1325 617 1364 favitores
647 1326 845 1377 delegatos
877 1326 1052 1371 viderint,

284 1397 327 1429 ut
357 1391 388 1430 is
418 1391 457 1430 in
491 1404 600 1431 cavea
635 1393 775 1443 pignus
806 1392 1009 1444 capiantur
1040 1400 1171 1444 togae;

282 1459 360 1497 sive
390 1462 457 1509 qui
487 1460 690 1499 ambissint
720 1461 884 1512 palmam
917 1461 1171 1500 histrionibus

283 1526 362 1565 sive
394 1530 574 1578 cuiquam
606 1529 756 1574 artilici,
788 1529 818 1568 si
851 1541 921 1580 per
951 1529 1115 1580 scriptas
1146 1529 1291 1567 litteras

285 1595 364 1633 sive
396 1596 462 1645 qui
492 1598 573 1647 ipse
604 1596 778 1635 ambissit
807 1609 874 1635 seu
907 1609 977 1647 per
1007 1596 1307 1640 internuntium,

285 1662 363 1701 sive
393 1663 488 1701 adeo
520 1663 661 1703 aediles
692 1665 898 1716 perfidiose
929 1665 990 1703 cni
1022 1664 1145 1711 duint,

284 1730 471 1781 sirempse
503 1731 626 1781 legem
658 1732 769 1771 iussit
799 1744 882 1771 esse
913 1732 1101 1783 luppiter,

286 1799 395 1848 quasi
428 1799 692 1850 magistratum
723 1800 797 1838 sibi
828 1800 983 1839 alterive
1014 1800 1226 1839 ambiveiit.

175 1896 216 1928 50
235 1903 340 1938 quam
365 1894 409 1928 ob
428 1904 513 1937 rem,
535 1894 599 1928 sed
616 1895 660 1929 ob
684 1904 763 1942 sup.
790 1905 833 1936 v.,
864 1894 894 1928 B
901 1908 913 1935 ;
939 1905 1044 1938 quam
1061 1904 1134 1928 rem
1160 1895 1224 1930 vix
1250 1894 1375 1938 differt
1397 1906 1419 1928 a
1442 1895 1657 1940 pronomine

86 1951 129 1982 54
152 1947 282 1982 factam
305 1947 416 1992 (iam)
439 1946 694 1982 Lachmannus
802 1958 845 1982 ex
872 1948 924 1982 B:
952 1957 1133 1994 superscr.
1160 1946 1206 1989 D,
1233 1950 1267 1981 et
1292 1946 1329 1981 E
1457 1951 1497 1981 55
1531 1946 1748 1981 commoedia

85 2006 170 2045 (-am
196 2001 241 2044 D)
333 2001 495 2035 omnibus
513 2000 623 2036 isdem
641 2012 743 2046 quem
761 2001 983 2046 explicatum
1001 2000 1132 2035 babere
1142 2001 1260 2046 possit
1274 1999 1430 2034 indicavi
1452 2000 1554 2034 Vincl.
1571 1999 1693 2034 Placet.
1711 2002 1728 2033 7
1736 2013 1747 2040 ‚-

85 2058 187 2093 cm'us
210 2056 352 2101 qenerz‘s
375 2064 499 2089 versas
516 2061 674 2100 propter
698 2065 714 2089 s
740 2054 905 2090 detritam
931 2065 1002 2089 non
1028 2053 1208 2100 temptabo
1233 2054 1450 2088 coniecturis
1551 2056 1592 2087 56
1618 2053 1658 2087 fit

86 2114 128 2145 50
153 2108 319 2155 supplevi
410 2107 544 2150 tragico
569 2108 694 2149 (traico
717 2107 763 2149 E)
790 2108 982 2150 comoedia,
1008 2108 1088 2142 item
1114 2118 1144 2142 v.
1170 2108 1235 2147 63;
1258 2106 1368 2141 schol.
1394 2105 1487 2141 Stat.
1515 2106 1618 2141 Theb.
1637 2108 1668 2148 ξι,
1684 2108 1748 2140 117

86 2165 129 2200 de
154 2173 224 2208 qua
241 2163 281 2205 (2)
306 2162 456 2196 Plautus
482 2162 836 2205 tragieocomoediam
861 2161 950 2195 dixit
1088 2161 1136 2205 cf.
1152 2159 1353 2195 Meinelcius
1378 2160 1458 2194 hist.
1486 2160 1564 2195 crit.
1591 2160 1656 2193 247

87 2221 165 2253 64-
178 2220 219 2251 85
244 2220 284 2251 ut
301 2216 365 2261 qni
380 2214 428 2249 ad
443 2215 611 2250 subsellia
627 2215 769 2261 publice
793 2215 961 2249 ordinata
973 2215 1186 2260 pertineant
1206 2217 1290 2255 (non
1308 2213 1357 2248 ad
1366 2219 1515 2260 privata
1540 2213 1595 2248 vel
1615 2223 1748 2257 yrcaeca

87 2280 126 2310 ut
150 2274 259 2308 Poen.
287 2273 390 2313 1224,
415 2271 496 2306 Aut.
525 2274 604 2313 718)
627 2277 712 2317 post
737 2283 770 2306 a.
795 2272 861 2305 600
883 2271 1007 2316 factos
1030 2281 1106 2305 esse
1125 2269 1367 2316 probabiliter
1389 2270 1516 2305 statuit
1534 2269 1750 2303 Bitscltelius

83 2341 235 2378 paret-q.
253 2330 321 2363 212
332 2339 382 2373 sq.
392 2341 406 2369 ,·
432 2328 556 2362 Plauti
577 2328 756 2374 proloyus
778 2328 1031 2374 beniqnitatem
1047 2331 1290 2373 spectatorum
1309 2326 1390 2360 aliis
1407 2326 1521 2362 verbis
1539 2325 1749 2360 conciliasse

87 2387 227 2423 videtur
296 2388 338 2420 65
356 2385 624 2429 conquisitores,
643 2386 722 2419 item
741 2386 786 2419 82-
802 2383 913 2419 Mere.
932 2386 1020 2424 665;
1036 2384 1087 2429 cf.
1106 2386 1347 2428 conquaestor
1369 2383 1486 2417 Varro
1503 2382 1546 2416 (le
1563 2381 1585 2416 l.
1605 2381 1624 2415 l.
1643 2382 1674 2423 6,
1693 2382 1747 2423 79,

89 2443 286 2488 queistores
315 2451 385 2476 CIL.
402 2443 436 2483 9,
459 2443 548 2476 :5349
641 2441 767 2485 singuli
788 2439 908 2475 ΒΕΒ2
932 2439 1040 2481 (unde
1056 2439 1249 2474 Fabricius
1271 2438 1396 2475 Servio
1421 2437 1572 2480 addidit,
1597 2437 1646 2472 ad
1661 2439 1748 2472 Aen.

88 2502 122 2542 8,
138 2501 216 2540 636)
298 2502 338 2533 67
356 2498 515 2532 fautores
537 2497 578 2538 B,
597 2497 738 2532 Nonius
755 2499 799 2532 99
810 2501 962 2543 praeter
978 2495 1101 2530 Harl.¹
1185 2499 1226 2530 68
1240 2496 1282 2531 iis
1359 2498 1400 2529 69
1418 2495 1494 2530 siue
1511 2494 1568 2529 hic
1584 2499 1618 2529 et
1635 2494 1685 2527 70.
1706 2495 1748 2527 71

89 2555 373 2601 monosyllabum
397 2554 521 2598 facias
544 2555 607 2599 (cf.
633 2554 682 2588 acl
703 2555 759 2596 84)
783 2554 857 2588 sive
887 2552 1028 2587 scribas
1052 2562 1134 2594 seu,
1167 2556 1206 2586 ut
1230 2555 1282 2586 est
1306 2561 1370 2586 seu
1393 2562 1457 2595 per
1480 2562 1510 2586 v.
1528 2553 1580 2586 71.
1607 2551 1667 2595 qui
1692 2549 1749 2585 hic

89 2611 208 2646 valere
229 2615 351 2657 potest
375 2621 472 2655 ques,
497 2611 561 2645 sed
583 2615 736 2657 expecto
762 2611 820 2654 qui
844 2609 937 2655 <eui>
963 2619 996 2643 a.
1015 2609 1168 2653 palmam
1184 2608 1272 2654 (ex)
1295 2609 1329 2641 h.
1422 2608 1627 2651 ambissent,
1653 2618 1748 2642 corr.

90 2667 279 2703 Fraterius
302 2667 360 2703 hic
383 2672 417 2702 et
441 2679 471 2703 v.
490 2669 531 2701 71
648 2671 689 2702 70
716 2668 745 2702 si
771 2666 831 2701 L.:
862 2676 925 2701 seu
1042 2669 1079 2699 'll
1108 2665 1277 2700 ambisset
1302 2663 1381 2704 DE,
1406 2664 1600 2699 ambissent
1627 2662 1659 2697 B

93 2726 133 2758 72
158 2723 326 2759 aedibiles
352 2724 387 2759 B
525 2728 566 2759 73
591 2725 620 2759 si
653 2724 799 2759 similem
831 2733 904 2757 rem
936 2722 1014 2767 ipse
1045 2721 1194 2764 inlegem
1228 2720 1348 2761 codd„
1383 2730 1478 2755 corr.
1505 2719 1671 2765 Scale'qer
1693 2719 1750 2760 (de

92 2779 299 2826 corruptela
316 2780 365 2825 cf.
383 2779 511 2815 Festus
527 2782 606 2821 344)
700 2783 741 2814 74
759 2779 906 2814 alteriue
925 2777 975 2822 cf.
994 2776 1188 2822 Lanqeuas
1204 2776 1315 2822 symb.
1333 2778 1398 2818 97,·
1422 2777 1484 2812 secl
1501 2777 1617 2823 lessam
1635 2787 1749 2812 sermo

92 2835 270 2870 sollemnis
293 2847 337 2871 ne
361 2848 384 2871 a
411 2836 542 2872 Plauto
572 2836 714 2882 quidem
740 2836 880 2871 alienus
902 2834 1004 2880 feret

1765 191 1802 222 50

1765 536 1801 567 55

1767 873 1805 904 60

1770 1212 1807 1242 65
