2018 3183
246 48 299 86 96
984 55 1165 91 PLAVTI
1752 62 1766 90 1
1779 62 1805 95 2,
1824 63 1909 92 1—32

242 163 374 205 Ech.
423 165 537 206 Nunc
567 165 766 206 defaecato
797 167 953 207 demum
985 169 1116 208 animo
1146 169 1328 220 egredior
1357 171 1487 220 domo,
1836 177 1858 216 I
1879 179 1903 217 2

241 238 448 284 postquam
477 233 660 285 perspexi
690 233 791 273 salva
822 246 906 274 esse
938 235 1044 275 intus
1073 237 1217 276 omnia.
1934 252 1973 285 80

242 299 324 339 redi
355 301 539 341 nunciam
571 301 675 339 intro
707 307 823 353 atque
853 301 961 342 intus
990 315 1112 343 serva.
1170 303 1328 346 STAPH.
1378 305 1597 359 Quippini?

241 378 312 416 ego
344 367 449 407 intus
479 366 658 407 servem?
688 380 737 407 an
769 381 820 408 ne
850 370 938 421 quis
967 371 1081 410 aedes
1111 371 1290 412 auferat?

240 446 330 472 nam
360 434 424 474 hic
455 435 559 487 apud
590 448 663 476 nos
695 436 790 476 nihil
821 443 880 477 est
909 438 1011 477 aliud
1043 439 1193 489 quaesti
1224 439 1389 488 furibus,

238 500 290 539 ita
319 500 461 542 inaniis
491 510 584 542 sunt
614 504 795 556 oppletae
826 511 942 557 atque
973 506 1137 546 araneis.

235 566 367 610 EVCL.
415 569 557 610 Mirum
589 572 683 623 quin
714 578 779 612 tua
810 584 872 612 me
904 585 1018 613 causa
1049 574 1163 614 faciat
1193 574 1368 628 luppiter
1930 588 1968 621 85

235 635 459 689 Philippum
487 650 622 689 regem
650 645 716 679 aut
745 640 927 689 Dareum,
958 641 1193 681 trivenefica.

233 715 394 745 araneas
423 706 516 746 mihi
547 719 619 759 ego
650 707 733 747 illas
763 708 909 748 servari
940 708 1038 748 volo.

235 783 386 824 pauper
415 785 516 823 sum;
548 775 684 826 fateor,
716 776 863 827 pati0r3
895 776 998 829 quod
1032 777 1068 816 di
1100 777 1191 816 dant
1224 778 1321 818 fero.

232 839 293 878 abi
323 840 440 889 intro,
472 843 634 882 occlude
665 844 834 883 ianuam.
884 844 960 883 iam
991 856 1063 895 ego
1094 844 1157 884 hic
1186 858 1266 885 ero.

231 918 322 946 cave
352 912 587 961 quemquam
618 911 787 950 alienum
819 912 859 951 in
891 912 995 951 aedis
1026 912 1131 951 intro
1162 913 1325 953 miseris.
1925 925 1964 959 90

232 975 336 1024 quod
366 977 559 1029 quispiam
589 978 719 1029 ignem
751 985 924 1029 quaerat,
956 980 1131 1031 extingui
1160 980 1260 1028 volo,

232 1055 282 1081 ne
313 1055 451 1083 causae
482 1045 574 1096 quid
604 1046 654 1085 sit
684 1046 787 1097 quod
818 1052 856 1084 te
888 1047 1093 1098 quisquam
1125 1048 1328 1098 quaeritet.

231 1122 319 1149 nam
350 1111 382 1150 si
413 1112 514 1163 ignis
544 1113 656 1162 vivet,
686 1119 730 1152 tu
760 1114 990 1165 extinguere
1022 1115 1257 1167 extempulo.

227 1183 310 1216 tum
341 1191 478 1230 aquam
509 1181 705 1232 aufugisse
735 1181 866 1229 dicito,
898 1182 929 1221 si
961 1182 1048 1232 quis
1078 1189 1197 1234 petet.

225 1245 407 1295 cultrum,
438 1248 620 1296 securim,
651 1249 852 1301 pistillum,
883 1250 1127 1298 mortarium,
1921 1265 1959 1297 95

225 1324 325 1363 quae
355 1316 499 1354 utenda
530 1328 616 1355 vasa
645 1329 803 1368 semper
830 1317 947 1356 vicini
978 1325 1131 1370 rogant,

223 1381 331 1420 fures
360 1383 513 1422 venisse
543 1390 660 1435 atque
691 1384 895 1424 abstulisse
925 1385 1057 1424 dicito.
2013 1407 2018 1443 ¹,

223 1449 400 1499 profecto
432 1450 470 1489 in
503 1451 608 1490 aedis
639 1464 744 1491 meas
774 1465 836 1492 me
867 1453 1028 1492 absente
1060 1454 1258 1494 neminem

221 1515 308 1554 volo
340 1516 444 1556 intro
475 1519 587 1558 mitti.
639 1526 755 1571 atque
786 1521 899 1560 etiam
930 1521 1006 1560 hoc
1037 1522 1218 1573 praedico
1250 1521 1332 1568 tibi,

219 1583 252 1622 si
282 1582 391 1624 Bona
421 1585 597 1626 Fortuna
626 1588 766 1635 veniat,
800 1601 849 1627 ne
880 1589 984 1628 intro
1015 1589 1179 1628 miseris.
1899 1600 1954 1634 100
2010 1578 2018 1671 1

219 1649 378 1692 STAPH.
428 1653 498 1693 Pol
529 1667 572 1693 ea
604 1655 685 1706 ipsa
717 1656 832 1695 credo
866 1669 916 1695 ne
948 1656 1051 1696 intro
1082 1657 1258 1696 mittatur
1289 1662 1408 1704 cavet,
2016 1680 2018 1682 -

220 1730 310 1757 nam
340 1720 387 1759 ad
417 1722 522 1761 aedis
553 1729 706 1762 nostras
737 1735 950 1775 numquam
982 1725 1072 1771 adit,
1105 1736 1337 1776 quamquam
1369 1735 1494 1776 prope
1526 1730 1597 1764 est.

217 1785 348 1827 Evcn.
370 1788 470 1828 Tace
487 1797 603 1841 atque
619 1790 680 1830 abi
695 1791 810 1830 intro.
841 1791 999 1833 STAPH.
1021 1792 1148 1831 Taceo
1165 1799 1281 1843 atque
1299 1791 1473 1832 abeo.-
1490 1791 1621 1832 EVCL.
1643 1791 1814 1832 Occlude
1830 1792 1883 1832 sis
2008 1747 2018 1841 l

217 1854 321 1894 sores
351 1856 542 1897 ambobus
571 1859 751 1910 pessulis.
803 1859 877 1898 iam
910 1873 981 1912 ego
1014 1860 1077 1898 liic
1108 1872 1187 1899 ero.

216 1922 433 1963 discrucior
463 1926 594 1975 animi,
627 1929 716 1976 quia
747 1926 794 1965 ab
827 1927 942 1966 domo
974 1927 1198 1967 abeundum
1229 1934 1288 1967 est
1316 1927 1423 1966 mihi.

218 1991 333 2031 nimis
362 1993 494 2032 hercle
525 1994 668 2033 invitus
697 1994 808 2033 abeo.
859 1996 926 2034 scd
958 1996 1051 2046 quid
1083 2007 1193 2047 agam
1224 1995 1317 2035 scio.

215 2071 305 2098 nam
338 2066 472 2099 noster
503 2068 660 2101 nostrae
691 2062 757 2114 qui
788 2070 846 2102 est
877 2064 1060 2114 magister
1090 2063 1220 2103 curiae

215 2128 385 2167 dividere
415 2129 567 2180 argenti
597 2129 690 2168 dixit
722 2143 906 2170 nummos
938 2132 976 2170 in
1008 2132 1129 2179 vi1¹os3
1991 2149 2018 2204 't

212 2194 250 2234 id
281 2196 314 2235 si
345 2196 525 2247 relinquo
557 2209 601 2236 ac
632 2210 712 2236 non
745 2205 848 2249 pet0‚
880 2211 1017 2238 omncs
1048 2199 1135 2238 ilico
2006 2205 2012 2213 ’

210 2275 273 2302 me
304 2264 567 2315 suspicentur,
598 2265 728 2312 credo,
762 2266 905 2305 habere
935 2278 1072 2305 aurum
1103 2267 1220 2305 domi.

1894 1927 1949 1960 105
2004 1975 2005 1978 Ἴ

1889 2266 1944 2299 110
1998 2282 2003 2294 ι

321 2420 364 2452 79
388 2418 531 2454 Evcmo
556 2430 682 2454 SENEX.
725 2431 907 2455 STAPmLA
930 2431 1020 2456 Ast
1045 2420 1120 2455 BE
1255 2424 1296 2456 83
1321 2421 1421 2456 aliud
1445 2431 1514 2455 om.
1539 2419 1682 2455 Nonius
1706 2419 1783 2454 483
1997 2325 2018 2455 l

208 2476 251 2508 84
285 2474 424 2519 inanis,
459 2477 542 2511 item
577 2475 718 2511 Nonius
753 2478 826 2512 123
979 2481 1123 2513 arantes
1160 2477 1303 2513 Nonius
1453 2479 1494 2512 85
1533 2487 1589 2511 me
1627 2476 1872 2512 Camerarius.-

205 2540 302 2565 nunc
327 2540 383 2565 me
475 2534 517 2566 86
543 2532 684 2568 darium
709 2532 756 2576 B,
781 2534 942 2569 darieum
970 2533 1039 2568 DE
1135 2537 1176 2569 89
1202 2536 1271 2570 hoc
1295 2534 1347 2569 B¹
1450 2536 1493 2568 92
1517 2543 1582 2568 ne:
1608 2533 1654 2568 he
1679 2531 1782 2568 B¹E²

206 2587 248 2619 93
266 2587 445 2632 extemplo
538 2591 580 2623 95
599 2588 781 2633 pistellum
799 2589 834 2624 B
926 2593 967 2625 93
985 2590 1112 2625 edibus
1131 2589 1168 2625 E
1259 2593 1319 2626 101
1339 2601 1447 2636 eapse
1465 2590 1623 2626 Botln‘us
1706 2593 1769 2626 102
1785 2601 1871 2625 nus—

205 2652 312 2685 quam
337 2642 410 2677 BE
498 2644 590 2679 adiit
681 2649 736 2682 est
759 2656 828 2680 om.
854 2645 928 2681 DE
1014 2646 1155 2682 etiamsi
1178 2645 1247 2682 hac
1271 2646 1400 2692 platea
1421 2650 1650 2693 praetereat,
1674 2657 1870 2693 numquam

203 2697 340 2733 accedit
357 2699 420 2744 (cf.
440 2698 509 2735 Dio
529 2699 564 2735 C.
586 2702 644 2744 64,
668 2703 700 2744 1,
724 2704 762 2743 2,
788 2701 886 2737 Suet.
907 2701 1008 2738 Galb.
1026 2703 1061 2745 4,
1080 2702 1161 2737 Son.
1186 2702 1230 2738 de
1253 2707 1364 2739 const.
1387 2714 1466 2750 sap.
1483 2705 1548 2746 15,
1574 2706 1609 2746 5)
1735 2706 1798 2738 105
1823 2703 1870 2738 ab

203 2752 272 2787 del.
294 2754 452 2798 Guz'etus,
469 2756 520 2800 cf.
539 2755 648 2803 Epicl.
670 2759 752 2801 681,
769 2757 996 2794 Abrahamus
1011 2758 1103 2794 stud.
1121 2757 1178 2793 Pl.
1196 2759 1270 2793 198
1366 2762 1427 2794 106
1445 2760 1509 2795 sed
1526 2771 1564 2796 ς.·
1580 2759 1611 2794 si
1706 2760 1768 2794 108
1785 2759 1869 2794 ilem

202 2807 345 2844 Nonius
357 2812 430 2854 43‚·
453 2823 616 2849 nummos
642 2813 730 2849 dicit
753 2815 933 2850 Asconius
949 2820 1172 2862 personatus
1196 2815 1246 2851 cccl
1277 2815 1380 2852 Verr.
1403 2827 1441 2862 p.
1463 2817 1536 2852 136
