2018 3183
257 96 336 134 238
993 93 1174 129 PLAVTI
1689 94 1716 122 11
1729 95 1756 128 3,
1771 95 1866 128 45-4,
1886 96 1920 124 10

255 224 329 251 nos
360 217 516 263 oportet
546 210 728 262 opitulari
760 210 891 248 unico.
951 208 1051 248 LYs.
1102 209 1149 246 At
1179 220 1414 259 quamquam
1445 209 1616 256 unicust,

255 279 379 318 nihilo
410 278 532 329 magis
563 278 626 317 ille
658 277 815 316 unicust
845 276 937 314 mihi
970 275 1071 315 filius
1101 287 1216 326 quam
1247 287 1320 326 ego
1351 275 1405 315 illi
1434 282 1563 327 pater:

254 346 363 386 illum
396 347 448 384 mi
479 345 658 396 aequiust
689 356 804 395 quam
836 355 897 382 me
929 343 982 382 illi
1015 354 1115 394 quae
1144 342 1231 381 volo
1262 343 1495 382 concedere.
1930 350 1987 384 265

255 413 430 454 CLEOST.
463 413 521 451 Tu
544 419 695 452 ecastor
715 411 797 458 tibi,
820 411 950 458 homo,
973 411 1110 449 malam
1132 422 1217 450 rem
1239 411 1406 461 quaeris.
1451 411 1550 451 LYs.
1583 409 1757 458 Subolet,
1778 412 1919 451 sentio.

255 479 410 532 egone?
459 480 635 521 CLEOST.
680 480 752 519 Tu.
786 491 875 518 nam
897 478 989 529 quid
1022 476 1224 529 friguttis?
1256 477 1348 529 quid
1379 478 1479 517 istuc
1508 484 1585 516 tam
1608 478 1748 530 cupide
1779 477 1919 531 cupis?

253 548 354 588 LYs.
406 548 453 587 Vt
483 548 587 587 enim
620 547 720 598 frugi
753 559 863 586 servo
896 547 1009 586 detur
1039 546 1170 598 potius
1201 558 1314 597 quam
1346 558 1458 586 servo
1488 545 1682 597 improbo.

254 616 431 656 CLEOST.
477 615 578 661 Quid
610 615 642 654 si
674 627 746 666 ego
778 615 945 666 impetro
977 620 1092 665 atque
1123 626 1242 653 exoro
1273 626 1293 653 a
1323 613 1450 661 vilico,
1481 626 1595 653 causa
1625 626 1710 654 mea

254 691 297 723 ut
328 696 411 723 eam
443 683 497 723 illi
527 681 754 735 permittat?
819 682 919 722 LYs.
975 681 1078 728 Quid
1108 681 1140 721 si
1171 694 1243 733 ego
1274 687 1402 720 autem
1434 680 1481 720 ab
1512 681 1705 732 armigero
1736 682 1915 734 impetro,
1929 688 1987 721 270

253 748 344 805 (ut)
374 764 457 790 eam
488 751 542 790 illi
572 748 798 803 permittat?
829 756 945 801 atque
977 750 1050 789 hoc
1081 749 1199 789 credo
1232 750 1518 801 impetrassere.

255 819 430 860 Cmosr.
481 819 684 858 Convenit.
718 819 778 857 vin
812 819 888 857 tuis
920 818 1123 857 Chalinum
1156 818 1232 857 huc
1263 830 1422 857 evocem
1452 817 1579 856 verbis
1610 815 1743 856 foras?

254 890 296 925 tu
327 898 416 925 eum
449 893 573 934 orato,
605 899 676 937 ego
709 892 837 925 autem
869 885 990 924 orabo
1020 885 1189 924 vilicum.
1248 885 1348 925 LYs.
1398 885 1500 924 Sane
1533 884 1631 924 volo.

255 954 430 994 CLEOST.
485 954 561 993 Iam
594 954 657 993 hic
689 954 774 992 erit.
807 966 914 992 nunc
944 953 1204 1005 experiemur,
1238 960 1413 992 nostrum
1445 959 1534 991 uter
1563 952 1613 991 sit
1641 952 1834 992 blandior.
1866 975 1919 981 —-

253 1022 354 1062 LYs.
404 1021 591 1061 Hercules
621 1021 739 1072 dique
769 1021 880 1060 istam
912 1020 1091 1072 perdant,
1123 1020 1226 1071 quod
1261 1032 1368 1060 nunc
1398 1020 1511 1059 liceat
1540 1020 1682 1059 dicere.
1930 1025 1988 1058 275

256 1101 329 1140 ego
361 1089 577 1128 discrucior
607 1089 725 1128 miser
754 1101 897 1135 amore,
929 1088 991 1127 illa
1022 1093 1151 1127 autem
1182 1088 1291 1139 quasi
1322 1087 1371 1126 ob
1404 1087 1633 1126 industriam

256 1157 308 1195 mi
339 1157 575 1196 advorsatur.
606 1156 762 1196 subolet
791 1156 866 1195 hoc
896 1156 970 1194 iam
1002 1156 1115 1195 uxori
1147 1155 1251 1206 quod
1283 1168 1356 1207 ego
1388 1155 1611 1194 machinor:

254 1230 417 1276 propter
447 1237 529 1263 eam
562 1237 644 1263 rem
675 1224 795 1275 magis
826 1224 1018 1274 armigero
1050 1223 1115 1262 dat
1145 1235 1302 1275 operam
1335 1224 1381 1262 de
1413 1223 1615 1262 industria.

255 1293 323 1343 qui
354 1292 461 1331 illum
493 1292 529 1331 di
561 1305 698 1331 omnes
730 1291 901 1343 deaeque
933 1291 1112 1343 perdant.
1828 1290 1874 1330 Π
1893 1292 1920 1330 4

938 1381 1236 1422 GHALINVS

1158 1449 1212 1487 Te
1245 1461 1342 1487 uxor
1372 1447 1500 1487 aiebat
1529 1454 1593 1487 tua

254 1531 316 1557 me
347 1531 496 1557 vocare.
556 1518 656 1557 LYs.
706 1517 789 1568 Ego
821 1517 925 1557 enim
957 1517 1084 1556 vocari
1115 1517 1220 1556 iussi.
1280 1516 1414 1556 CnAL.
1466 1515 1661 1567 Eloquere
1692 1515 1783 1567 quid
1815 1515 1989 1556 velis.280

254 1586 353 1626 LYs.
406 1586 577 1624 Primum
611 1598 682 1636 ego
715 1590 751 1624 te
782 1585 1025 1636 porrectiore
1055 1585 1185 1623 fronte
1215 1583 1301 1623 volo
1333 1596 1485 1623 mecum
1517 1583 1643 1635 loqui;

255 1654 414 1693 stultitia
447 1660 505 1693 est
536 1654 570 1692 ei
601 1659 638 1692 te
668 1665 752 1692 esse
784 1653 946 1700 tristem,
979 1653 1090 1692 cuius
1120 1658 1294 1703 potestas
1324 1651 1413 1703 plus
1443 1658 1584 1703 potest.

255 1722 421 1774 probum
445 1728 483 1760 te
505 1726 542 1760 et
562 1721 664 1772 frugi
693 1720 891 1759 hominem
923 1720 997 1759 iam
1030 1720 1181 1772 pridem
1204 1732 1289 1758 esse
1310 1719 1490 1758 arbitror.
1540 1719 1675 1760 CHAL.
1720 1718 1920 1771 Intellego.

255 1790 365 1841 quin,
396 1790 427 1829 si
458 1789 509 1828 ita
539 1788 741 1836 arbitrare,
773 1789 916 1828 emittis
947 1800 1007 1827 me
1038 1786 1183 1827 manu?
1242 1788 1342 1828 LYs.
1394 1787 1495 1833 Quin
1528 1787 1564 1826 id
1595 1788 1695 1827 volo.
1853 1793 1990 1827 284.285

254 1858 322 1897 sed
353 1858 449 1896 nihil
482 1863 552 1904 est,
584 1869 646 1895 me
677 1869 821 1908 cupere
853 1858 1009 1904 factum,
1044 1856 1116 1895 nisi
1147 1862 1189 1895 tu
1221 1856 1330 1894 sactis
1360 1856 1527 1895 adiuvas.

255 1925 389 1966 CHAL.
430 1925 532 1971 Quid
553 1925 647 1964 velis
668 1925 783 1964 modo
816 1925 852 1963 id
879 1924 990 1981 velim
1023 1937 1084 1963 me
1115 1924 1227 1963 scire.
1273 1923 1373 1963 LYs.
1415 1923 1613 1971 Ausculta,
1646 1935 1716 1975 ego
1748 1923 1920 1975 eloquar.

256 1994 432 2033 Casinam
465 2006 536 2044 ego
569 2005 730 2032 uxorem
763 1992 925 2044 promisi
956 1992 1068 2031 vilico
1102 1998 1235 2030 nostro
1269 1991 1371 2032 dare.

255 2061 390 2102 CnAL.
439 2061 488 2099 At
518 2066 582 2099 tua
614 2072 713 2100 uxor
745 2060 922 2111 filiusque
955 2060 1222 2111 promiserunt
1252 2059 1357 2098 mihi.
1416 2059 1516 2098 LYs.
1567 2059 1669 2098 Scio.

369 2186 435 2219 264
451 2183 513 2219 ille
528 2183 674 2218 unicust
693 2183 910 2229 Geppertus:
927 2183 1055 2218 unicus
1074 2184 1128 2217 est
1143 2182 1205 2217 ille
1282 2184 1347 2216 265
1365 2180 1491 2226 equius
1509 2183 1564 2216 est
1645 2182 1710 2215 266
1728 2191 1756 2216 s.
1774 2191 1802 2216 S.
1825 2179 1922 2216 Cleo-

253 2244 405 2282 stratae,
430 2251 525 2276 corr.
548 2239 755 2275 Lambinus.
779 2240 829 2284 cf.
854 2241 932 2274 277
1022 2241 1085 2273 267
1112 2249 1203 2283 egon
1303 2238 1422 2273 Varro
1446 2237 1491 2272 de
1515 2236 1537 2271 l.
1557 2237 1580 2272 l.
1606 2237 1636 2278 7,
1660 2237 1734 2271 104
1759 2235 1923 2271 Maccius

255 2301 398 2337 (nomen
417 2300 640 2343 corruptum)
663 2296 702 2331 in
728 2296 860 2332 Casina
884 2306 906 2331 a
929 2295 1114 2339 fringuilla
1138 2295 1201 2340 (cf.
1221 2293 1360 2330 Paulus
1386 2295 1436 2328 90
1460 2305 1488 2329 s.
1506 2292 1694 2337 fringilla):
1720 2292 1806 2337 quid
1832 2292 1922 2327 frin-

254 2355 367 2400 guttis
391 2374 435 2379 -
460 2354 574 2398 cupis.
612 2353 661 2398 cf.
686 2352 829 2388 Nouius
858 2354 879 2387 7
899 2363 983 2387 nam
1007 2352 1092 2396 quid
1116 2351 1276 2395 friguttis
1301 2371 1341 2375 —
1368 2350 1472 2395 cupis
1496 2349 1601 2391 (idem
1626 2349 1706 2384 308
1728 2359 1812 2383 nam
1836 2348 1923 2393 quid

255 2411 440 2456 friguttis‘?
464 2422 546 2446 nam
571 2410 657 2455 quid
680 2410 778 2446 istud
797 2410 928 2454 cupide
944 2409 1037 2454 petis
1045 2409 1073 2452 ‘?‚
1099 2408 1149 2453 cf.
1166 2407 1208 2442 L.
1225 2407 1448 2448 Muellerus),
1472 2406 1686 2452 Fulqcntius
1704 2406 1778 2439 562
1794 2405 1852 2446 (14
1869 2404 1924 2448 L.)

255 2469 425 2513 quidnam
442 2467 625 2511 friguttis‘?
719 2469 783 2501 270
807 2466 1013 2511 permittam
1040 2464 1108 2499 VE
1198 2467 1258 2499 271
1285 2464 1371 2508 <ut>
1398 2463 1568 2503 Gm'etus;
1591 2461 1641 2505 cf.
1662 2460 1694 2495 T
1691 2461 1757 2495 rin.
1778 2462 1846 2496 591

256 2525 364 2559 credo
389 2523 483 2570 (me)
510 2523 750 2564 Camerarius,
774 2523 923 2558 Relzz'us
1047 2524 1111 2556 272
1136 2521 1200 2556 uin
1226 2519 1448 2566 Geppertus:
1473 2519 1555 2554 uuis
1580 2517 1626 2560 B,
1652 2517 1734 2552 uius
1769 2517 1797 2551 V
1801 2517 1837 2552 E

256 2584 320 2616 273
345 2581 455 2616 uilico
549 2583 613 2615 276
638 2583 759 2616 autem
782 2580 857 2623 illa,
882 2589 978 2613 corr.
1003 2578 1056 2613 B²
1146 2576 1342 2619 industria;
1368 2576 1418 2620 cf.
1444 2576 1522 2610 805
1614 2577 1679 2609 279
1703 2585 1839 2610 snnvvs
1863 2585 1922 2610 sn-

255 2648 328 2672 Nnx
350 2638 380 2672 Β
393 2637 422 2672 V
424 2636 461 2672 E
550 2637 671 2672 alebat
752 2638 815 2671 280
833 2635 940 2670 iussit
1021 2636 1083 2669 281
1104 2644 1168 2677 ego
1185 2644 1234 2668 ex
1251 2633 1346 2668 enim
1365 2632 1399 2667 B
1491 2631 1752 2676 porrectior-em
1769 2629 1923 2666 frontem

255 2696 323 2735 (-te
344 2693 387 2737 E)
468 2695 533 2728 282
552 2693 590 2729 C.
606 2704 744 2739 praem.
763 2692 814 2727 B2
895 2694 992 2727 esset
1009 2690 1100 2725 B¹V
1103 2689 1138 2725 E
1213 2692 1277 2724 283
1296 2689 1330 2724 S.
1346 2699 1483 2734 praem.
1503 2687 1554 2722 B²
1621 2697 1688 2732 pro
1705 2687 1799 2722 bone
1816 2686 1922 2731 frugi,

254 2761 348 2786 corr.
374 2749 579 2796 Seyffertus
603 2749 703 2785 Berl.
726 2748 815 2796 phil.
832 2748 945 2785 wocl1.
963 2748 1078 2789 1888,
1102 2747 1181 2781 239
1205 2746 1280 2792 (qui
1304 2745 1452 2791 scripsit
1474 2745 1628 2790 probum
1651 2746 1689 2779 et
1711 2743 1818 2788 frugi,
1843 2753 1924 2779 cum

255 2807 383 2843 deinde
398 2811 434 2843 te
451 2809 587 2842 inserat
604 2806 870 2848 Loudinensis),
887 2805 937 2850 cf.
952 2804 1057 2840 Most.
1071 2804 1143 2839 133
1161 2804 1259 2838 Triu.
1275 2803 1353 2837 320
1377 2801 1491 2837 Mero.
1511 2801 1580 2835 521
1674 2802 1738 2834 287
1755 2810 1811 2835 me
1829 2799 1922 2835 scire

257 2863 420 2899 Merula:
445 2863 595 2899 miscere
687 2864 826 2908 loquar,
851 2873 945 2898 corr.
971 2860 1167 2897 Muellerus
1260 2861 1325 2895 289
1349 2863 1502 2906 expecto
1529 2857 1615 2893 mihi
1641 2857 1886 2902 promiserunt

2010 2658 2018 2808 ς

2008 2808 2018 2845 μ

2006 2834 2018 2986 ἔ

2007 2989 2013 3052 1

2004 3054 2018 3183 3,
