1998 3179
712 847 1043 881 ARGVMENTVM
1079 849 1096 881 1

404 966 543 1009 Missus
573 972 786 1006 mercatum
819 966 866 1005 ab
897 980 968 1007 suo
999 968 1228 1007 adulescens
1258 973 1367 1019 patre

402 1033 505 1077 Emit
534 1041 649 1086 atque
679 1034 857 1086 adportat
887 1036 979 1075 scita
1012 1036 1135 1075 forma
1166 1035 1383 1075 mulierem.

403 1101 580 1153 Requirit
611 1115 709 1153 quae
741 1103 802 1150 sit,
835 1108 1040 1154 postquam
1072 1115 1154 1142 eam
1186 1103 1291 1150 vidit,
1323 1116 1463 1143 senex:

402 1168 602 1221 Contingit
631 1183 762 1210 servos
793 1176 962 1223 emptam
994 1172 1105 1210 matri
1137 1171 1401 1223 pedisequam.

399 1237 515 1280 Amat
544 1251 662 1277 senex
693 1238 806 1284 hane,
838 1251 882 1278 ae
912 1252 952 1278 se
983 1239 1169 1278 simulans
1200 1238 1366 1278 vendere

400 1304 532 1348 Tradit
560 1306 709 1354 vicino;
742 1318 829 1345 eum
860 1311 970 1358 putat
1001 1319 1098 1345 uxor
1129 1306 1201 1345 sibi

400 1371 559 1416 obduxe
589 1380 774 1413 scortum.
834 1381 916 1413 tum
949 1374 1160 1414 Charinum
1192 1376 1238 1413 ex
1268 1374 1357 1425 fuga

402 1440 574 1483 Retrahit
604 1441 758 1489 sodalis,
790 1448 996 1494 postquam
1029 1442 1193 1481 amicam
1224 1441 1384 1480 invenit.

182 1572 318 1598 mmmm
343 1573 541 1600 Mnemon
566 1562 621 1604 B,
650 1574 848 1599 MERCATOR
865 1563 910 1606 D,
937 1575 1004 1598 om.
1032 1562 1061 1599 C
1164 1573 1237 1609 per
1261 1561 1355 1597 hanc
1377 1561 1544 1607 fabulam
1562 1564 1731 1607 praestat

68 1619 150 1664 fere
183 1618 287 1654 lectio
320 1619 479 1654 codicum
507 1619 567 1655 CD
596 1619 743 1654 lectioni
766 1619 899 1655 codicis
925 1619 959 1654 B
1074 1621 1092 1653 2
1119 1618 1260 1654 emittat
1283 1629 1351 1663 que
1383 1618 1412 1652 Β
1527 1620 1547 1651 4
1573 1616 1730 1659 conficit,

69 1685 163 1709 corr.
190 1674 333 1710 Merula
447 1675 700 1721 pedissequam
727 1675 787 1711 CD
903 1679 921 1710 5
947 1686 990 1712 ac
1015 1686 1054 1711 se
1079 1675 1250 1711 simulans
1277 1674 1471 1710 Gruterus:
1501 1673 1588 1709 adse
1620 1673 1730 1708 simu-

68 1730 148 1766 lans
168 1729 212 1773 B,
239 1741 276 1766 se
293 1731 515 1767 adsimulans
535 1731 594 1767 CD
687 1735 706 1766 6
732 1742 812 1767 eum
835 1732 865 1767 Β
873 1745 884 1766 .·
908 1742 989 1768 cum
1009 1731 1069 1768 CD
1161 1734 1178 1765 ἵ
1205 1731 1389 1767 obduxisti
1406 1742 1469 1767 cor
1484 1735 1587 1766 tuum
1606 1729 1639 1764 B

71 1789 90 1822 8
114 1787 276 1832 repperit
299 1786 516 1823 Ritu-helius

135 2912 258 2940 Plautus
278 2911 301 2942 Ι.
1411 2912 1452 2945 28
