2018 3183
230 96 252 133 2
260 97 310 133 14
965 95 1025 130 PL
1031 95 1147 131 AVTI
1668 99 1714 127 1v
1726 101 1752 134 2,
1771 101 1890 130 94—120

226 211 301 250 vidi
333 212 370 250 in
404 210 557 263 publiea
589 210 733 256 edoce,
764 209 987 261 ibidemque
1017 210 1126 250 illum
1156 210 1491 251 adulescentulum

228 279 364 318 Aleum
395 290 473 317 una
504 283 542 316 et
571 283 679 316 tuom
712 277 947 329 Stalagmum
980 290 1144 324 servom,
1177 278 1242 329 qui
1274 279 1424 330 aufugit
1455 280 1584 329 domo,
1901 291 1958 324 875

228 346 295 396 qui
325 345 394 384 tibi
425 345 615 396 surripuit
646 345 890 395 quadrimum
924 357 1087 396 puerum
1121 346 1282 385 filiolum
1312 352 1434 385 tuom.

227 413 342 452 Hm.
382 412 455 451 Abi
486 413 524 451 in
549 412 685 450 malam
710 424 805 460 rem,
826 412 927 452 ludis
948 425 1023 451 me.
1074 413 1182 453 ERG.
1214 413 1269 452 lta
1292 426 1353 452 me
1375 414 1517 453 amabit
1536 422 1670 454 sancta
1687 415 1890 465 Saturitas,

227 481 363 532 Hegio,
395 481 524 531 itaque
554 492 625 519 suo
658 492 719 519 me
750 492 906 532 semper
937 480 1175 520 condecoret
1206 481 1456 532 cognomine,

227 554 270 586 ut
300 560 372 597 ego
402 547 491 586 vidi.
550 548 606 587 H.
637 547 765 587 Meum
796 547 987 599 gnatum?
1048 549 1095 588 E.
1141 549 1265 588 Tuom
1298 555 1457 600 gnatum
1490 555 1527 588 et
1557 550 1714 600 genium
1746 564 1890 591 meum.

225 615 281 655 H.
311 615 359 654 Et
379 616 569 667 captivom
594 615 700 654 illum
723 615 975 656 Alidensem?
1015 617 1062 657 E.
1086 614 1170 657 ,Μὰ
1191 614 1269 657 τὸν
1285 610 1508 658 Ἀπόλλω.
1550 618 1605 657 Η.
1627 617 1677 657 Et
1697 619 1891 658 servolum
1904 626 1960 660 880

226 695 355 721 meum
378 682 628 733 Stalagmum,
660 696 789 722 meum
821 684 886 735 qui
908 691 1067 736 gnatum
1091 683 1308 736 surripuit?
1358 685 1466 725 Erec..
1512 685 1605 726 Ναὶ
1626 683 1706 726 τὰν
1728 680 1890 737 Κόραν.

224 750 279 790 H.
312 751 390 789 Iam
406 749 553 790 credo?
592 752 640 791 E.
663 752 753 793 Ναὶ
771 749 851 792 τὰν
868 753 1161 806 Πραινέστην.
1182 753 1237 792 Η.
1257 751 1399 791 venit?
1420 753 1468 793 E.
1486 753 1577 794 Ναὶ
1598 750 1678 795 τάν
1700 756 1891 809 Σιγνίαν.

225 818 281 859 Η.
303 817 474 858 Certon?
504 820 552 859 E.
575 820 667 861 Ναὶ
683 817 761 861 τὸν
781 821 1082 872 Φρουσινιῦνα.
1112 821 1168 860 H.
1187 821 1279 859 Vide
1296 821 1358 860 sis.
1381 821 1428 861 E.
1446 821 1535 862 Ναὶ
1554 819 1630 863 τὸν
1642 816 1891 877 Ἀλάτριον.

224 886 339 926 HEG.
381 887 480 933 Quid
504 895 544 926 tu
566 900 636 938 per
658 888 878 927 barbaricas
901 889 1018 928 urbes
1048 887 1180 927 iuras?
1220 889 1327 928 Em.
1364 889 1461 934 Quia
1484 890 1587 928 enim
1619 890 1709 929 item
1731 902 1892 942 asperae

223 960 316 993 sunt
347 961 389 993 ut
417 960 525 993 tuom
555 955 699 994 victum
730 956 960 996 autumabas
991 969 1088 997 esse.
1149 956 1263 996 Hm.
1317 956 1390 995 Vae
1420 957 1534 996 aetati
1566 965 1665 996 tuae.
1903 965 1960 998 885

223 1022 331 1062 ERG.
382 1021 535 1074 Quippe
567 1024 724 1074 quando
757 1024 849 1062 milii
883 1024 936 1062 nil
968 1024 1106 1071 credis,
1138 1024 1243 1075 quod
1275 1037 1346 1075 ego
1378 1025 1464 1063 dico
1498 1025 1645 1064 sedulo.

224 1090 289 1128 sed
323 1090 542 1140 Stalagmus
575 1090 715 1141 quoius
746 1098 829 1130 erat
860 1098 955 1130 tunc
987 1092 1171 1139 nationis,
1203 1104 1290 1130 cum
1322 1092 1414 1130 hinc
1445 1091 1553 1131 abit?

223 1157 338 1198 Hm.
385 1157 553 1197 Siculus.
607 1159 715 1198 EBG.
754 1159 803 1197 At
829 1171 936 1198 nunc
959 1159 1114 1198 Siculus
1147 1172 1225 1198 non
1259 1166 1329 1207 est,
1362 1159 1480 1200 Boius
1511 1166 1581 1207 est,
1615 1160 1747 1199 Boiam
1778 1160 1891 1199 terit:

223 1225 438 1264 liberorum
471 1226 791 1276 quaerundorum
823 1239 936 1266 causa
969 1227 1016 1274 ei,
1048 1228 1178 1274 credo,
1211 1240 1310 1266 uxor
1341 1228 1476 1267 datast.

223 1293 338 1334 Hm.
387 1293 468 1340 Dic,
500 1293 630 1332 bonan
666 1294 738 1333 fide
769 1301 810 1333 tu
842 1295 893 1333 mi
925 1294 1042 1334 istaec
1073 1294 1187 1334 verba
1221 1294 1376 1335 dixisti?
1435 1296 1542 1335 Ena.
1594 1295 1714 1334 Bona.
1904 1303 1961 1336 890

223 1360 338 1400 Hm.
388 1361 433 1400 Di
463 1361 712 1411 immortales,
743 1363 886 1402 iterum
917 1369 1060 1414 gnatus
1090 1363 1234 1410 videor,
1266 1363 1296 1403 si
1330 1375 1416 1402 vera
1448 1370 1638 1402 autumas.

225 1428 333 1468 EBG.
382 1428 456 1467 Ain
488 1427 559 1468 tu?
590 1429 750 1469 dubium
783 1430 944 1470 habebis
975 1431 1103 1479 etiam,
1135 1437 1269 1470 sancte
1303 1443 1421 1482 quom
1454 1443 1526 1482 ego
1559 1432 1682 1470 iurem
1715 1429 1815 1470 tibi?

224 1502 438 1547 postremo,
471 1496 605 1548 Hegio,
636 1497 668 1536 si
698 1510 812 1549 parva
843 1498 917 1537 iuri
949 1499 1152 1537 iurandost
1183 1499 1290 1546 fides,

223 1564 303 1603 vise
333 1564 378 1603 ad
409 1571 581 1616 portum.
642 1566 757 1606 Hm.
803 1565 946 1605 Facere
976 1572 1177 1606 certumst.
1229 1573 1271 1605 tu
1302 1566 1408 1605 intus
1439 1578 1531 1605 cura
1564 1567 1667 1617 quod
1699 1579 1799 1618 opus
1821 1572 1890 1606 est.

224 1645 346 1680 sume,
377 1645 508 1685 posce,
541 1645 677 1684 prome
709 1634 800 1685 quid
831 1634 899 1674 vis.
936 1640 973 1673 te
1005 1635 1104 1674 facio
1136 1635 1348 1673 cellarium.
1901 1642 1958 1675 895

225 1700 333 1740 ERG.
384 1701 477 1739 Nam
509 1701 653 1747 hercle,
687 1702 761 1741 nisi
791 1702 1088 1742 mantiscinatus
1121 1703 1244 1754 probe
1276 1714 1355 1750 ero,
1388 1702 1479 1741 fusti
1509 1702 1667 1753 pectito.

224 1767 339 1808 Hm.
389 1770 604 1808 Aeternum
636 1770 705 1809 tibi
736 1770 930 1821 dapinabo
960 1771 1117 1817 victum,
1149 1771 1180 1810 si
1210 1782 1300 1809 vera
1330 1776 1520 1809 autumas.

223 1836 271 1876 E.
294 1836 403 1876 Vnde
425 1835 490 1875 id?
530 1837 586 1877 H.
609 1838 637 1876 A
663 1849 723 1877 me
745 1850 912 1889 meoque
934 1844 1066 1889 gnato.
1104 1839 1152 1879 E.
1176 1838 1361 1890 Sponden
1385 1843 1426 1877 tu
1448 1835 1580 1877 istud?
1616 1838 1672 1878 H.
1694 1837 1891 1890 Spondeo.

224 1904 332 1944 ERG.
382 1906 432 1943 At
461 1916 532 1954 ego
563 1910 670 1944 tuom
703 1905 771 1944 tibi
803 1906 1004 1945 advenisse
1036 1906 1155 1945 filium
1192 1906 1426 1958 respondeo.

224 1972 340 2013 ΗΕΘ.
390 1972 489 2011 Cura
521 1984 634 2023 quam
668 1979 827 2024 optume
858 1980 983 2025 potes.
1014 1997 1069 2002 —
1099 1974 1207 2014 ERG.
1260 1973 1366 2013 Bene
1399 1973 1552 2012 ambula
1585 1979 1623 2012 et
1652 1971 1889 2013 redambula.
1902 1980 1959 2014 900

333 2074 399 2106 874
432 2072 554 2107 celoee
571 2071 624 2108 B:
651 2073 728 2117 celo
746 2075 782 2108 te
809 2072 886 2116 VE,
912 2073 1068 2110 celocem
1086 2073 1184 2108 No'm'
1204 2073 1310 2108 codd.
1330 2074 1403 2108 533
1494 2073 1628 2109 ibidem
1645 2071 1787 2108 Nonius
1800 2072 1891 2118 fort.

222 2133 318 2164 recte
424 2128 534 2163 ullum
559 2128 660 2163 Nom*
678 2129 795 2171 Harl„
820 2129 938 2164 Leicl.2
962 2133 1044 2171 (om.
1062 2129 1178 2166 Leid.¹
1198 2129 1334 2175 Guelf.)
1439 2133 1503 2165 8ῖῦ
1528 2129 1638 2165 alium
1743 2131 1807 2164 877
1833 2139 1891 2165 sa.-

220 2187 376 2221 turnitas
404 2185 438 2220 Β
530 2187 595 2220 878
620 2185 697 2229 egio
791 2189 856 2220 879
882 2197 1046 2222 meumne
1070 2186 1258 2221 Bentleius
1350 2190 1414 2221 880
1439 2183 1493 2231 μά
1517 2186 1567 2231 cf.
1591 2185 1698 2221 Most.
1725 2185 1809 2227 973,
1832 2185 1895 2221 ubi

220 2246 353 2288 neqat;
381 2241 540 2277 Herond.
561 2243 593 2284 5,
612 2243 660 2276 59
751 2243 896 2287 appollo
916 2243 950 2277 B
1043 2243 1112 2278 ΗΕ.
1129 2246 1166 2279 et
1185 2243 1235 2278 Β.·
1257 2243 1300 2278 Ε.
1319 2246 1360 2279 ut
1378 2242 1422 2284 E,
1441 2243 1494 2278 E·
1513 2246 1553 2278 ut
1570 2245 1674 2283 (cras.
1692 2242 1746 2285 τῖ’)
1772 2241 1802 2278 V

223 2300 280 2333 881
311 2309 357 2333 ne
380 2300 444 2333 tan
469 2302 554 2333 corz-t
577 2298 643 2340 (B2
667 2299 808 2342 iuras.)
903 2302 966 2335 882
992 2301 1100 2335 credo
1117 2300 1178 2334 L..·
1202 2300 1281 2343 diu3
1307 2300 1357 2344 cf.
1377 2299 1472 2335 Men.
1489 2301 1572 2342 176,
1598 2299 1675 2334 Tar.
1694 2298 1787 2334 Eun.
1809 2299 1892 2342 814,

221 2354 380 2390 Brixius
404 2354 453 2389 aa
478 2353 511 2388 T
507 2355 576 2390 νίη.
601 2356 704 2390 1062
810 2359 930 2392 netam
954 2359 1174 2401 prenestem;
1200 2357 1292 2391 ludit
1316 2357 1353 2392 in
1377 2367 1509 2402 ‚qaaere
1532 2355 1687 2391 nominis
1710 2356 1832 2391 neutri
1851 2356 1890 2390 in

220 2421 240 2446 e
264 2411 432 2446 exeuntis
523 2414 633 2447 netan
659 2412 818 2457 signeam
913 2416 976 2448 883
1003 2415 1063 2449 ναὶ
1088 2410 1158 2450 τόν
1174 2413 1233 2449 L..·
1255 2424 1302 2449 ne
1325 2416 1372 2455 ta,
1397 2412 1461 2448 sed
1477 2412 1528 2448 B²
1552 2413 1588 2448 in
1613 2422 1687 2447 ras.
1781 2412 1890 2448 frusi-

221 2477 350 2504 nonem
368 2467 413 2509 B,
439 2467 531 2503 frusi
553 2479 626 2504 non
651 2471 706 2504 est
740 2468 809 2504 VE
897 2480 943 2504 ne
967 2472 1030 2505 ton
1064 2468 1141 2511 VE,
1165 2480 1212 2505 ne
1234 2472 1271 2505 ta
1298 2469 1348 2504 B²
1378 2469 1416 2504 in
1439 2479 1513 2504 ras.
1607 2469 1778 2504 alatrium
1802 2468 1838 2503 B
1847 2468 1890 2511 V,

219 2523 378 2559 alatrina
403 2523 440 2559 E
540 2527 605 2560 884
629 2525 905 2570 perbarbaricas
932 2525 983 2560 B:
1011 2525 1215 2561 barraricas
1250 2525 1319 2560 VE
1424 2527 1488 2560 885
1514 2536 1559 2560 ue
1585 2524 1692 2560 BE2:
1714 2525 1776 2560 ille
1801 2524 1833 2560 V
1855 2528 1891 2560 et

218 2580 310 2626 fort.
330 2580 380 2615 E¹
471 2583 537 2616 886
560 2581 604 2616 E.
623 2580 850 2618 saracenus.-
875 2593 942 2617 om.
1037 2585 1099 2617 887
1126 2593 1196 2626 quo
1220 2582 1378 2618 iusserat
1392 2592 1490 2618 nuuc
1514 2581 1639 2617 B¹Vlc
1727 2581 1787 2616 hic
1812 2581 1891 2617 abit

220 2637 283 2678 13¹,
308 2637 368 2673 hic
391 2637 484 2672 abiit
509 2637 576 2673 VE
666 2640 731 2673 888
755 2639 902 2673 nomina
928 2649 995 2673 om.
1022 2637 1092 2673 VE
1181 2637 1211 2673 si
1234 2638 1336 2674 cuius
1362 2638 1425 2679 bis,
1450 2649 1546 2673 corr.
1571 2637 1798 2674 Camerarius

220 2695 258 2728 at
276 2693 522 2729 Camerarius:
547 2696 585 2730 et
691 2694 795 2731 bolus
819 2693 950 2730 B¹VE
1055 2697 1119 2729 894
1144 2694 1223 2730 uise
1247 2695 1295 2730 ad
1319 2694 1392 2729 B2:
1414 2694 1470 2730 uis
1494 2697 1574 2730 erat
1601 2693 1635 2729 V
1635 2693 1680 2737 E,
1706 2705 1772 2731 uos
1797 2705 1817 2730 e
1841 2694 1890 2730 ad

219 2749 271 2783 B¹
294 2753 335 2784 ut
357 2750 427 2785 vid.
520 2753 683 2787 certunst
775 2754 840 2787 895
865 2751 951 2796 quid
975 2750 1031 2786 uis
1055 2753 1092 2786 te
1119 2751 1171 2785 Β.·
1196 2750 1282 2796 quid
1304 2751 1399 2786 iuste
1428 2749 1498 2786 ΥΕ
1589 2753 1666 2786 896.
1692 2754 1769 2787 897.
1787 2761 1890 2798 pers.

221 2817 288 2840 om.
323 2806 391 2841 VE
527 2810 590 2844 896
615 2808 665 2853 cs:
690 2807 860 2844 Donatus
884 2807 934 2843 ad
957 2805 1119 2854 parasiti
1144 2807 1251 2843 verba
1276 2807 1370 2843 Eun.
1394 2809 1432 2849 2,
1457 2809 1496 2850 2,
1520 2808 1574 2843 27
1595 2818 1677 2844 cum
1700 2807 1746 2843 de
1769 2807 1888 2844 alieno

221 2862 410 2899 matieinor
433 2867 470 2900 et:
492 2864 659 2910 impendo
686 2865 749 2911 (cf.
774 2875 864 2900 mus.
890 2864 1003 2901 Rhea.
1028 2865 1091 2908 38,
1114 2865 1174 2908 16)
1267 2867 1331 2900 898
1357 2865 1494 2910 sponde
