1998 3179
78 101 146 136 prol.
167 100 269 128 52-—68
820 100 1015 138 CAPTIVI
1665 105 1743 142 183

349 214 447 253 haec
474 226 538 254 res
567 220 705 265 agetur
734 213 863 263 nobis,
893 215 1004 254 vobis
1034 215 1176 254 sabula.

350 281 418 322 sed
448 282 565 322 etiam
595 288 664 331 est,
695 283 829 334 paucis
860 295 926 322 vos
957 283 1062 334 quod
1091 283 1264 323 monitos
1294 283 1497 322 voluerim.

350 350 528 400 profecto
560 351 740 402 expediet
768 351 922 390 fabulae
952 351 1044 390 huic
1075 363 1235 402 operam
1265 351 1371 390 dare.

352 429 432 456 non
465 424 700 469 pertractate
730 419 828 458 sacta
860 425 918 458 est
950 431 1078 469 neque
1108 419 1198 458 item
1230 425 1274 458 ut
1302 425 1474 458 ceterae:

353 496 483 535 neque
512 485 723 536 spurcidici
753 486 892 525 insunt
920 498 1069 534 versus,
1101 485 1452 533 immemorabiles;

352 551 416 591 hic
447 564 577 603 neque
605 552 790 604 periurus
819 553 911 592 leno
943 559 1002 592 est
1032 565 1105 592 nec
1134 554 1321 592 meretrix
1351 554 1451 593 mala

354 631 484 671 neque
514 619 626 659 miles
655 619 872 671 gloriosus3
903 633 953 659 ne
983 621 1208 667 vereamini,

356 687 446 738 quia
476 685 623 725 bellum
655 687 800 726 Aetolis
829 699 914 726 esse
944 687 1022 726 dixi
1053 700 1142 726 cum
1173 687 1296 727 Aleis:

352 754 450 794 foris
481 755 560 793 illic
591 760 698 793 extra
729 766 910 794 scaenam
941 756 1038 794 fient
1067 755 1227 806 proelia.

355 833 445 860 nam
475 822 551 861 hoc
580 834 707 874 paene
737 822 967 873 iniquomst‚
999 822 1149 861 comico
1182 822 1367 873 choragio

354 889 490 928 conari
520 889 699 929 desubito
730 902 846 941 agere
877 902 949 929 nos
980 889 1232 941 tragoediam.

354 957 470 1008 proin
501 957 533 996 si
564 957 652 1008 quis
680 969 857 1009 pugnam
887 963 1078 1009 expectat,
1109 957 1186 997 litis
1217 957 1443 997 contrahat:

353 1024 609 1079 yalentiorem
642 1031 780 1065 nactus
810 1025 1073 1064 adversarium

356 1092 388 1132 si
418 1092 504 1140 erit,
536 1105 609 1144 ego
640 1093 778 1132 faciam
809 1099 853 1132 ut
881 1105 1055 1144 pugnam
1085 1092 1282 1144 inspectet
1311 1104 1392 1131 non
1422 1091 1580 1139 bonam,

356 1159 452 1198 adeo
484 1165 526 1199 ut
556 1166 733 1211 spectare
764 1166 900 1211 postea
933 1159 1060 1199 omnis
1091 1159 1228 1198 oderit.

357 1226 467 1266 abeo.
511 1226 646 1274 valete,
679 1227 827 1266 iudices
857 1227 1057 1266 iustissimi

356 1293 460 1333 domi
491 1294 688 1345 duellique
719 1294 954 1334 duellatores
984 1295 1147 1346 optumi.

86 1415 191 1450 addit
213 1414 334 1450 dolum
359 1414 398 1450 id
413 1415 562 1460 efficere
578 1418 617 1450 ut
639 1415 741 1460 patri
763 1425 830 1449 suo
855 1416 1011 1456 serviat;
1034 1416 1086 1450 ita
1103 1415 1298 1461 exequitur
1321 1414 1421 1460 qaod
1442 1424 1473 1449 v.
1493 1416 1517 1448 5
1531 1414 1756 1460 promiserat

86 1475 121 1507 et
143 1475 293 1507 enarrat
317 1469 416 1516 qaod
439 1482 468 1506 v.
489 1471 538 1506 21
563 1474 701 1506 tantam
725 1471 888 1506 indicare
911 1475 1069 1517 poterat,
1094 1483 1173 1507 cam
1198 1470 1454 1506 deliberatione
1469 1471 1538 1517 (51)
1563 1481 1656 1515 qaae
1674 1469 1755 1516 pri-

88 1539 185 1563 orem
210 1529 288 1570 (22)
313 1531 468 1562 revocat.
495 1527 559 1562 sed
584 1528 661 1569 (46)
685 1530 725 1561 ut
747 1537 857 1573 saepe
886 1538 961 1562 rem
990 1528 1174 1573 qravioris
1203 1527 1373 1562 momenti
1404 1537 1483 1561 cum
1500 1526 1667 1572 pondere
1692 1525 1755 1560 ad—

86 1583 226 1629 ianqit;
255 1584 306 1618 46
326 1594 379 1628 sq.
408 1583 517 1619 verba
547 1594 596 1619 ea:
628 1584 678 1618 35
705 1588 741 1618 et
773 1585 825 1618 40
855 1583 1021 1619 consulto
1049 1587 1280 1631 repetuntur,
1313 1583 1526 1629 iqnorantes
1556 1593 1618 1618 eos
1648 1593 1757 1628 aqere

88 1640 250 1686 quamvis
265 1644 383 1674 astute
399 1642 453 1674 ter
475 1643 515 1674 ut
538 1640 594 1674 rei
612 1639 758 1686 pondus
782 1639 931 1675 accedat
947 1640 1089 1675 dicitur.
1115 1640 1166 1675 48
1184 1640 1228 1675 de
1253 1650 1319 1675 sua
1335 1639 1516 1674 sententia
1535 1639 1584 1674 ad
1606 1649 1756 1684 sequen-

88 1697 140 1732 tia
165 1697 352 1742 pertinere
383 1695 555 1731 indicaui.
582 1697 624 1731 51
657 1697 708 1742 cf.
734 1695 828 1731 Rad.
854 1697 944 1738 154,
977 1707 1048 1742 quo
1081 1707 1185 1732 versa
1209 1706 1378 1731 numeros
1401 1695 1458 1730 liic
1487 1695 1594 1731 habet
1621 1706 1756 1740 nequa-

88 1763 197 1799 quam
221 1752 417 1788 deteriores
554 1756 596 1788 55
627 1755 850 1798 pertractate
879 1753 1041 1799 permire
1073 1753 1206 1788 dictum
1237 1754 1311 1788 sive
1342 1752 1443 1788 verbi
1469 1753 1649 1787 notionem
1685 1752 1757 1786 sive

87 1809 249 1846 adverbii
272 1820 375 1844 usum
406 1812 554 1855 spectes.
601 1812 830 1854 praetextate
854 1808 1037 1845 Mearsius
1139 1811 1181 1844 56
1206 1808 1505 1844 immemorabiles
1530 1819 1624 1854 qaae
1647 1807 1758 1843 edisci

89 1869 123 1901 et
146 1867 319 1901 memoria
351 1865 466 1901 teneri
495 1876 569 1900 non
592 1870 810 1910 mereantur,
835 1866 943 1911 quasi
964 1866 1168 1912 Μορσίμου
1196 1862 1322 1912 ῥήσεις
1426 1867 1468 1900 58
1493 1864 1669 1908 gloriosus
1688 1863 1760 1898 B2:

88 1921 266 1966 gloriosus
283 1933 363 1958 esse
456 1925 498 1957 59
516 1933 595 1958 esse
613 1922 685 1957 B2:
704 1933 795 1964 om.;
811 1923 860 1968 cf.
881 1923 930 1958 58
1022 1922 1095 1967 dix,
1112 1933 1205 1958 corr.
1223 1922 1276 1957 B²
1366 1921 1472 1957 alidis
1490 1921 1582 1962 (aliis
1608 1920 1667 1963 ῙἾ)

90 1981 132 2013 60
158 1979 250 2023 fort.
275 1978 383 2014 illaec
475 1981 515 2014 61
542 1979 724 2024 inquomst
755 1977 825 2013 VE
930 1981 972 2012 62
998 1978 1248 2014 desubitontos
1272 1978 1452 2019 (desubito
1469 1988 1536 2013 nos
1560 1977 1624 2017 ΒΞ)
1651 1987 1757 2020 agere

90 2035 169 2079 (age
193 2033 284 2077 ΥΕ),
308 2045 402 2070 corr.
427 2034 605 2075 Botlzius;
626 2034 691 2070 sed
713 2038 829 2070 restat
851 2034 1027 2070 dubitatio
1119 2035 1356 2080 tragoeidiam
1382 2033 1496 2069 BVE
1585 2035 1625 2067 63
1652 2043 1759 2078 expe-

90 2092 146 2126 tat
178 2089 248 2126 VE
335 2093 504 2127 contraat
519 2090 633 2127 DVE
721 2093 762 2126 68
787 2091 943 2136 bellique

1779 428 1818 460 55

1780 763 1818 795 60

1781 1099 1819 1130 65
