2018 3183
215 72 295 110 376
824 72 1006 108 PLAVTI
1027 72 1255 109 EPIDICVS
1687 75 1715 102 V
1733 76 1760 109 2.
1773 76 1877 105 59—68

213 186 289 226 ΕΡ.
338 186 560 238 Numquam
590 186 722 226 hercle
753 186 881 232 hodie,
913 186 987 226 nisi
1017 186 1251 238 supplicium
1283 187 1377 227 mihi
1407 189 1486 236 das,
1516 201 1578 229 me
1609 189 1704 229 solvi
1734 190 1873 230 sinam.

210 253 314 294 PER.
365 253 581 304 Optumum
613 259 729 304 atque
759 253 1049 304 aequissumum
1080 265 1180 294 oras.
1211 266 1360 303 soecos,
1392 256 1578 303 tunicam,
1610 256 1768 309 pallium
1881 267 1938 300 725

211 320 280 360 tibi
303 319 416 359 dabo.
466 321 541 359 ΕΡ.
587 318 685 365 Quid
709 319 850 360 deinde
872 318 1020 372 porro?
1068 321 1170 361 PER.
1219 320 1471 362 Libertatem.
1520 324 1596 364 ΕΡ.
1643 325 1691 363 At
1711 323 1875 376 postea?

210 400 310 426 novo
342 386 482 426 liberto
513 399 613 439 opus
643 393 702 427 est
731 386 836 438 quod
866 393 1024 439 pappet.
1083 388 1184 429 PER.
1232 388 1408 436 Dabitur,
1439 390 1637 442 praebebo
1670 391 1812 431 cibum.

208 455 282 495 ΕΡ.
316 455 537 505 Numquam
559 453 691 493 hercle
712 454 840 503 hodie,
863 455 938 495 nisi
959 466 1020 494 me
1043 456 1199 504 orassis‚
1220 456 1358 497 solves.
1399 458 1499 498 PER.
1523 458 1603 498 Oro
1626 465 1676 507 te,
1698 458 1870 511 Epidice‚

208 521 303 560 mihi
333 527 376 560 ut
405 521 600 572 ignoscas,
631 521 759 572 siquid
791 521 1022 574 imprudens
1053 522 1166 575 culpa
1197 524 1352 575 peccavi
1383 537 1482 564 mea.

208 594 246 627 at
277 587 327 627 ob
359 600 443 627 eam
474 601 558 628 rem
590 588 689 629 liber
720 595 816 629 esto.
875 590 953 630 ΕΡ.
1002 589 1152 630 Invitus
1182 590 1230 629 do
1261 591 1362 631 hane
1393 592 1544 632 veniam
1576 592 1660 639 tibi,
1880 597 1937 632 730

209 656 283 695 nisi
316 656 547 697 necessitate
577 669 708 710 cogar.
739 657 844 698 solve
876 669 983 704 sane,
1014 658 1046 697 si
1077 658 1198 698 lubet.

948 747 1138 788 POETA

209 812 280 852 Hic
311 812 343 852 is
372 813 491 852 homo
523 821 581 854 est
611 815 677 866 qui
708 813 929 854 libertatem
960 815 1102 855 malitia
1133 816 1283 855 invenit
1313 828 1395 856 sua.

207 879 378 931 plaudite
409 886 447 920 et
477 881 611 921 valete.
672 881 827 922 lumbos
858 883 1012 935 porgite
1043 889 1160 935 atque
1191 884 1400 936 exsurgite.

320 1004 383 1037 727
409 1002 448 1037 P.
469 1013 614 1048 praem.
648 1001 777 1038 deinde
799 1013 866 1039 suo
892 1002 970 1039 loco
995 1014 1062 1039 om.
1087 1004 1119 1046 I,
1151 1014 1179 1039 s.
1204 1014 1238 1039 v.
1263 1003 1309 1046 E,
1332 1010 1426 1050 spat.
1453 1016 1520 1040 om.
1539 1006 1569 1040 A
1686 1007 1748 1040 728
1772 1015 1871 1041 oras-

204 1058 275 1100 seis
299 1058 331 1093 A
424 1061 488 1093 729
512 1059 706 1104 ignoscens
730 1061 762 1094 A
854 1060 971 1105 siquid
994 1058 1072 1104 ΑΡ,
1096 1059 1148 1105 cf.
1173 1059 1223 1095 ad
1245 1060 1327 1095 Aul.
1354 1061 1431 1096 340
1523 1063 1585 1095 731
1614 1071 1723 1106 cogor
1751 1060 1872 1096 Vssin-

203 1115 286 1160 qius
379 1115 498 1150 solues
515 1118 546 1149 A
663 1117 727 1149 732
749 1126 871 1151 POETA
888 1116 936 1161 B,
960 1127 1058 1151 GREx
1082 1114 1115 1157 I,
1141 1127 1209 1151 om.
1234 1115 1306 1152 AE
1391 1116 1442 1152 is:
1468 1117 1516 1162 sis
1533 1118 1565 1152 A
1657 1128 1729 1163 qua
1750 1118 1782 1152 A

205 1172 269 1204 733
295 1173 332 1206 et
355 1173 405 1206 A:
440 1181 508 1205 om.
534 1169 570 1205 P
681 1172 824 1216 purgite
858 1175 967 1217 atque
1002 1173 1183 1218 exsorgite
1208 1175 1238 1207 A
1274 1173 1339 1217 (cf.
1365 1171 1497 1209 Pseud.
1525 1173 1627 1220 prol.
1651 1175 1704 1216 1),
1736 1173 1872 1218 surgite

204 1228 312 1271 atque
335 1227 498 1263 extollite
515 1225 550 1261 P
571 1228 691 1273 inepte
783 1239 805 1263 Τ
830 1238 943 1263 MACCI
966 1239 1102 1263 PLAv'rI
1125 1239 1292 1264 EPIDICVS
1316 1239 1489 1264 EXPLICIT
1512 1239 1649 1264 INCIPIT
1673 1239 1872 1266 mnenon

203 1293 398 1319 FELICITER
422 1286 464 1325 Α,
488 1294 624 1319 PLAVTI
648 1295 812 1320 EPIDICVS
835 1294 1008 1320 EXPLICIT
1032 1295 1168 1320 INCIPIT
1193 1295 1374 1321 BAcfflDEs
1399 1285 1439 1327 (Ι.
1465 1285 1507 1320 Β.
1533 1297 1601 1321 om.
1630 1285 1704 1328 EI)
1729 1286 1763 1321 P
