1998 3179
99 107 129 138 11
139 110 167 141 3.
187 110 288 138 44—69
837 107 1032 144 CAPTIVI
1679 111 1758 148 197

101 223 282 274 beneque
314 235 383 262 ero
413 222 579 274 gessisse
610 235 758 262 morem
789 223 828 262 in
860 223 979 262 tantis
1007 223 1204 264 aerumnis
1233 230 1385 274 tamen;

101 302 230 341 neque
260 290 349 328 med
381 302 563 341 umquam
596 290 812 330 deseruisse
842 296 881 329 te
912 302 1041 341 neque
1072 291 1181 330 factis
1213 304 1341 343 neque
1371 291 1459 339 fide,
1770 301 1826 333 405

100 357 218 397 rebus
249 357 289 396 in
321 357 450 397 dubiis
481 357 627 409 egenis.
673 358 770 397 haec
799 364 911 409 pater
940 358 1096 408 quando
1127 358 1236 406 sciet,

101 424 293 476 Tyndare,
324 431 367 464 ut
397 425 517 464 fueris
546 425 739 464 animatus
769 437 860 475 erga
891 437 1003 464 suom
1033 431 1195 475 gnatum
1225 432 1341 476 atque
1370 439 1424 471 se,

101 504 313 543 numquam
345 493 420 531 erit
449 497 525 531 tam
557 504 704 538 avarus,
736 492 830 542 quin
861 497 899 530 te
929 492 1063 542 gratiis
1094 494 1245 532 emittat
1275 505 1392 532 manu
1422 502 1447 533 -ι-

100 564 138 598 et
169 571 252 598 mea
284 571 415 611 opera,
447 560 478 599 si
508 559 600 598 hinc
630 559 768 606 rebim,
800 559 936 598 faciam
967 565 1010 598 ut
1039 560 1153 598 faciat
1183 560 1345 599 facilius.

101 639 191 665 nam
220 632 286 665 tua
318 638 436 678 opera
467 632 506 665 et
535 627 717 665 comitate
747 631 786 665 et
815 626 957 665 virtute
987 632 1026 665 et
1055 627 1246 678 sapientia
1428 625 1432 629 ’
1770 639 1826 671 410

98 694 224 733 fecisti
256 700 299 732 ut
327 694 455 733 redire
485 694 599 732 liceat
628 693 675 732 ad
706 694 880 744 parentis
911 693 1054 740 denuo,

99 764 190 801 clim
221 762 320 812 apud
353 761 460 799 hunc
489 761 694 799 coufessus
724 773 765 800 es
796 767 835 799 et
865 773 990 812 genus
1021 767 1060 800 et
1089 761 1239 800 divitias
1270 773 1395 800 meas:

99 841 176 880 quo
208 836 322 880 pacto
354 828 512 867 emisisti
544 841 564 866 e
596 828 732 867 vinclis
762 834 870 866 tuom
903 840 1014 867 erum
1044 834 1109 867 tua
1140 829 1343 880 sapientia.

97 897 220 936 Pan..
260 895 351 935 Feci
372 909 444 947 ego
476 896 548 935 ista
569 899 613 935 ut
633 908 929 943 commemoras,
961 902 999 935 et
1018 902 1056 935 te
1078 897 1300 936 meminisse
1331 897 1368 935 id
1399 903 1552 947 gratum
1573 903 1632 936 est
1652 897 1757 935 mihi.

96 963 236 1003 mefito
268 963 339 1003 tibi
371 975 414 1002 ea
446 970 663 1002 evenerunt
693 975 713 1002 a
744 975 825 1011 me3
857 976 948 1003 nam
981 976 1100 1011 nunc,
1132 964 1385 1012 Philocrates,
1770 976 1827 1008 415

98 1035 130 1071 si
161 1043 232 1081 ego
264 1031 357 1070 item
390 1043 602 1070 memorem
634 1043 734 1082 quae
764 1043 825 1070 me
857 1044 948 1082 erga
980 1032 1098 1070 multa
1128 1032 1252 1071 fecisti
1282 1032 1395 1079 bene,

99 1111 177 1137 nox
208 1098 308 1137 diem
341 1098 501 1147 adimat3
534 1110 623 1136 nam
656 1099 764 1149 quasi
795 1111 927 1138 servos
958 1110 1068 1137 meus
1099 1111 1215 1144 esses,
1248 1099 1369 1137 nihilo
1401 1099 1520 1138 setius

96 1162 186 1220 (tu)
217 1165 309 1204 mihi
341 1166 597 1216 obsequiosus
629 1179 784 1218 semper
815 1167 933 1206 fuisti.
993 1167 1108 1207 Hm.
1156 1167 1199 1205 Di
1229 1173 1397 1206 vostram
1430 1168 1557 1214 iidem,

97 1232 302 1271 hominum
333 1233 536 1284 ingenium
568 1234 742 1273 liberale.
788 1241 831 1273 ut
861 1235 1052 1273 lacrumas
1084 1235 1286 1274 excutiunt
1318 1235 1423 1273 mihi.

96 1301 225 1340 videas
255 1301 371 1340 corde
403 1314 532 1341 amare
564 1303 667 1341 inter
698 1315 753 1341 se.
785 1303 941 1353 quantis
969 1300 1146 1356 (lautus)
1175 1302 1354 1342 laudibus
1769 1315 1828 1348 420

98 1381 209 1408 suom
241 1381 350 1408 erum
382 1381 513 1409 servos
544 1370 784 1409 collaudavit.
843 1371 981 1410 TYND.
1032 1370 1099 1408 Pol
1130 1371 1215 1409 istic
1247 1383 1307 1409 me
1339 1371 1438 1409 haud
1471 1369 1722 1409 centesimam

98 1442 248 1486 partem
279 1436 408 1475 laudat
437 1449 551 1488 quam
582 1438 664 1489 ipse
695 1438 873 1476 meritust
904 1444 946 1476 ut
975 1438 1155 1477 laudetur
1184 1437 1374 1477 laudibus.

99 1503 212 1544 Hm.
262 1503 367 1555 Ergo
398 1517 486 1543 cum
519 1511 678 1556 optume
709 1505 847 1551 fecisti,
880 1517 985 1544 nunc
1016 1506 1125 1544 adest
1155 1506 1307 1544 occasio

99 1571 200 1609 bene
234 1571 331 1609 faeta
362 1572 576 1619 cumulare,
608 1579 650 1611 ut
681 1585 772 1623 erga
803 1573 909 1612 hunc
940 1585 1021 1611 rem
1055 1585 1167 1624 geras
1197 1573 1374 1612 fideliter.

97 1637 220 1677 Pan..
265 1638 385 1690 Magis
417 1651 495 1679 non
528 1640 670 1678 factum
703 1652 863 1690 possum
893 1640 1010 1687 velle,
1051 1652 1164 1691 quam
1197 1652 1315 1691 opera
1346 1641 1524 1692 experiar
1555 1639 1828 1692 persequi;4·25

98 1705 136 1744 id
167 1712 210 1744 ut
239 1705 352 1753 scias,
383 1706 510 1745 Iovem
542 1720 769 1759 supremum
802 1714 940 1747 testem
972 1708 1102 1754 laudo,
1134 1708 1268 1758 Hegio,

99 1785 160 1811 me
191 1773 388 1812 infidelem
419 1787 499 1813 non
531 1775 706 1814 futurum
740 1775 948 1814 Philocrati
1007 1775 1122 1815 Hm.
1174 1774 1327 1814 Probus
1357 1787 1398 1814 es
1427 1775 1558 1813 homo.

98 1840 220 1881 PHIL.
260 1840 339 1880 Nee
360 1854 421 1881 me
443 1854 557 1881 secus
588 1855 772 1893 umquam
803 1843 838 1882 ei
869 1844 1060 1882 facturum
1094 1843 1302 1894 quicquam
1334 1855 1449 1894 quam
1479 1848 1625 1882 memet
1653 1841 1759 1880 mihi.

97 1908 234 1948 TYND.
283 1909 408 1948 Istaec
438 1910 539 1949 dicta
570 1916 607 1949 te
638 1911 807 1962 experiri
839 1917 877 1950 et
907 1911 1038 1962 operis
1070 1917 1108 1949 et
1138 1911 1248 1950 factis
1279 1911 1387 1959 v010;

214 2078 280 2110 404
305 2086 429 2119 eroges
454 2076 502 2111 sis
528 2087 684 2112 amorem
716 2076 800 2119 VE,
833 2087 893 2112 ero
918 2077 1012 2121 gesis
1045 2088 1200 2113 amorem
1226 2078 1324 2119 ΒΨ,
1349 2089 1441 2113 coma
1473 2077 1521 2112 3²
1617 2079 1681 2111 405
1706 2087 1762 2111 me

111 2130 139 2165 V
147 2131 179 2165 E
269 2134 333 2166 408
363 2132 486 2176 quinte
517 2136 640 2178 gratus
673 2132 743 2167 BD
767 2134 881 2178 (qnod
902 2134 1000 2179 ferri
1022 2135 1176 2179 nequit),
1210 2135 1347 2179 quiinte
1379 2137 1502 2178 gratus
1535 2133 1623 2176 VE,·
1654 2144 1760 2168 manu

99 2187 240 2225 emittat
262 2189 387 2232 gratiis
408 2188 573 2230 Bria-ins,
599 2189 650 2234 cf.
671 2188 773 2224 Curc.
792 2190 870 2224 497
957 2193 1021 2225 413
1048 2191 1211 2225 exemisti
1230 2190 1426 2225 Lambinus
1443 2187 1567 2225 ‘unius
1589 2191 1673 2226 libre·
1694 2195 1760 2227 vet.

101 2245 350 2280 auctoritatem
375 2240 537 2280 secutus’
652 2246 807 2281 uinculis
923 2249 988 2282 415
1013 2247 1121 2291 (sed)
1144 2247 1272 2282 merito
1298 2246 1455 2282 Brioeius
1569 2250 1633 2282 417
1660 2247 1763 2291 quasi

99 2300 373 2337 Fleckeisenus:
396 2300 427 2335 si
450 2303 541 2347 (sup.
566 2312 597 2337 v.
626 2300 669 2346 0)
772 2312 872 2337 meus
896 2302 965 2336 del.
995 2302 1160 2343 Gu2·etus,·
1191 2303 1242 2347 cf.
1264 2302 1314 2337 acl
1339 2304 1386 2337 94
1478 2303 1590 2338 setius
1615 2304 1700 2338 DO:
1725 2315 1763 2340 se

99 2357 172 2392 tuis
202 2356 288 2399 VE,
321 2357 439 2392 secius
462 2357 497 2391 B
613 2361 677 2392 418
701 2358 781 2402 (tu)
805 2358 1078 2399 Fleckeiscnus,
1116 2359 1145 2392 V
1147 2359 1306 2405 ssinqe'us
1421 2362 1486 2394 420
1510 2360 1686 2407 supplevi,
1711 2361 1762 2405 cf.

99 2411 228 2448 Paras.
246 2424 287 2460 p.
303 2413 382 2460 frq.
402 2415 426 2448 3
450 2414 553 2449 ambo
578 2425 708 2459 magna
731 2415 840 2450 laude
862 2415 953 2450 lauti
1043 2415 1212 2450 laudibus
1231 2415 1265 2450 B
1290 2415 1384 2458 (ibus
1409 2416 1460 2450 B‘·‘
1484 2416 1531 2450 in.
1556 2420 1658 2457 ras.):
1683 2416 1761 2451 lau-

102 2469 204 2504 (lauit
283 2472 346 2505 421
375 2470 416 2505 T.
435 2469 705 2505 Fleckez'semcs:
728 2471 796 2506 PH.
878 2474 943 2505 422
967 2471 1117 2506 meritus
1142 2474 1197 2506 est
1277 2474 1318 2507 ut
1341 2482 1390 2506 ex
1414 2483 1508 2507 corr.
1536 2471 1580 2513 E,
1604 2471 1662 2506 uel
1688 2471 1719 2504 V

102 2527 168 2559 426
191 2536 420 2572 suppremum
446 2529 529 2569 (non
549 2526 591 2569 O)
680 2527 789 2563 laudo
816 2531 969 2563 testatur
989 2527 1132 2562 Nonius
1157 2529 1246 2562 335:
1270 2529 1333 2571 d03
1359 2528 1410 2572 cf.
1436 2529 1531 2569 332-
1547 2529 1672 2573 possz's
1693 2538 1761 2572 me,

101 2579 233 2626 Hegio,
259 2588 264 2627 1
289 2582 469 2618 infidelem
567 2586 633 2619 428
665 2584 732 2620 PH.
770 2584 818 2620 0:
843 2595 911 2619 om.
1009 2595 1115 2628 quam
1147 2596 1213 2618 om.
1240 2584 1294 2626 D,
1325 2585 1515 2629 quicquam
1547 2595 1615 2618 om.
1644 2584 1672 2619 O

101 2638 167 2671 429
193 2636 394 2674 Philocrati
413 2640 647 2675 continuatur
739 2641 895 2686 experiri
919 2640 1058 2676 DOB2:
1082 2641 1246 2684 experire
1271 2640 1333 2684 B',
1362 2641 1485 2684 experi
1519 2639 1550 2674 V
1550 2639 1588 2674 E
1676 2650 1761 2685 ope-

101 2692 152 2726 ris
177 2692 229 2728 B:
262 2704 387 2738 opera3
419 2695 470 2740 cf.
495 2695 700 2741 Seyfferlus
726 2696 770 2730 B.
793 2696 884 2742 plzil.
905 2707 948 2731 m.
974 2697 1084 2738 1887,
1113 2698 1183 2730 815
1207 2697 1333 2737 (istaec
1358 2696 1473 2731 dicta:
1499 2698 1536 2731 te
1560 2696 1761 2741 destinauit,

102 2747 166 2782 sed
188 2747 255 2783 hoc
269 2751 507 2796 suspicionem
525 2753 686 2787 sermoni
702 2763 775 2786 non
798 2758 921 2798 apicem
939 2752 1102 2796 inferat),
1126 2756 1272 2797 praeter
1298 2751 1372 2786 alia
1389 2751 1501 2787 Mer-c.
1520 2753 1602 2787 554.
1645 2757 1762 2788 tamen

102 2802 146 2838 cle
175 2804 382 2849 inteqrz'tate
411 2817 534 2842 versus
565 2808 707 2850 dubim,
739 2818 817 2842 cum
850 2808 898 2842 ad
929 2819 958 2843 v.
983 2809 1061 2842 425
1088 2807 1300 2853 responderi
1332 2808 1516 2851 videatur,
1546 2813 1582 2844 ct
1611 2809 1763 2845 conieci.-

101 2861 139 2894 te
162 2860 318 2905 experiri
340 2864 506 2908 persequi
529 2867 566 2899 et
589 2865 697 2900 factis
789 2867 825 2900 et
849 2865 955 2899 factis
980 2865 1031 2910 cf.
1057 2864 1186 2910 Amplz.
1211 2865 1263 2898 26
1270 2866 1292 2899 7
