1998 3179
97 98 180 132 1115,
199 97 318 126 79—109
834 97 1028 134 CAPTIVI
1675 102 1755 138 209

99 218 215 263 atque
245 211 352 250 hunc
383 224 445 250 me
474 211 570 250 velle
601 211 715 251 dicite
746 212 796 250 ita
827 212 1012 259 curarier,

102 291 153 317 ne
183 278 249 329 qui
279 278 452 317 deterius
480 278 572 318 huic
601 279 651 318 sit
680 291 793 330 quam
825 279 887 318 cui
918 291 1099 331 pessume
1130 285 1201 318 est.

99 345 236 384 TYND.
286 344 364 385 Cur
394 358 466 397 ego
498 352 534 385 te
564 346 684 384 invito
715 359 776 385 me
807 359 891 386 esse
921 347 1064 385 salvom
1096 345 1318 397 postulem?

100 413 288 464 periclum
319 413 418 451 vitae
450 424 556 452 meae
586 419 654 452 tuo
684 419 758 452 stat
788 414 976 464 periculo.

99 485 190 531 post
219 485 386 518 mortem
417 480 456 518 in
487 486 614 518 morte
645 479 741 518 nihil
772 486 829 518 est
859 479 963 529 quod
994 485 1162 519 metuam
1193 481 1295 519 mali.

99 547 170 586 etsi
201 547 356 598 pervivo
388 559 511 597 usque
541 547 585 585 ad
617 558 809 585 summam
839 552 1016 593 aetatem,
1048 553 1176 586 tamen

99 612 216 652 breve
246 614 411 664 spatium
444 619 502 652 est
530 613 759 664 perferundi
790 625 888 663 quae
919 613 1075 652 minitas
1106 614 1212 652 mihi.

98 680 179 719 vale
209 687 324 731 atque
355 680 467 727 salve,
498 680 570 719 etsi
600 680 709 719 aliter
739 685 782 718 ut
811 680 935 718 dicam
966 692 1104 719 meres.

97 754 151 793 tu,
182 746 494 797 Aristophontes,
525 746 573 784 de
603 759 665 785 me
695 752 738 785 ut
768 747 956 794 meruisti,
988 747 1038 785 ita
1068 748 1170 795 vale3

99 825 186 851 nam
218 813 310 852 mihi
341 819 504 865 propter
534 819 571 852 te
601 813 676 852 hoe
708 814 857 865 optigit.
907 814 1022 854 Hm.
1072 814 1275 854 Abducite.

94 879 230 920 Tm.
279 880 328 918 At
358 892 482 919 unum
512 880 587 919 hoc
618 892 775 931 quaeso,
807 881 838 920 si
868 881 944 920 huc
975 882 1114 921 rebitet
1146 883 1396 930 Philocrates,

95 953 137 985 ut
166 948 216 985 mi
250 947 332 986 eius
362 947 477 987 facias
508 948 772 987 conveniundi
804 948 968 1000 copiam.

93 1014 208 1054 Hm.
258 1014 443 1062 periistis,
475 1015 550 1054 nisi
581 1015 686 1054 hunc
718 1015 790 1054 iam
823 1028 843 1054 e
874 1022 1087 1067 conspectu
1120 1017 1323 1057 abducitis.

93 1082 228 1121 TYND.
279 1081 344 1120 Vis
373 1082 469 1121 haec
500 1082 657 1133 quidem
688 1083 819 1121 hercle
850 1089 921 1131 est,
953 1089 990 1121 et
1019 1084 1118 1122 trahi
1149 1091 1187 1123 et
1217 1085 1322 1124 trudi
1352 1085 1477 1125 simul.
1515 1109 1564 1115 —

92 1148 206 1188 ΗΕΘ.
257 1148 339 1187 Illic
369 1151 426 1188 est
456 1149 646 1188 abductus
676 1156 779 1188 recta
810 1152 849 1189 in
882 1150 1096 1202 phylacam‚
1128 1157 1171 1190 ut
1200 1152 1341 1203 dignus
1372 1158 1441 1192 est.

92 1227 164 1266 ego
195 1216 269 1255 illis
301 1217 460 1267 captivis
490 1216 573 1255 aliis
603 1217 885 1256 documentum
915 1217 1027 1265 dabo,

93 1296 142 1322 ne
173 1283 248 1322 tale
280 1283 485 1334 quisquam
517 1283 668 1323 facinus
697 1284 872 1335 incipere
902 1285 1052 1324 audeat.

91 1351 193 1401 quod
227 1350 375 1401 absque
406 1351 481 1389 hoc
512 1356 626 1398 esset,
658 1351 724 1400 qui
754 1351 848 1389 mihi
879 1351 954 1390 hoc
985 1353 1076 1391 fecit
1106 1353 1245 1404 palam,

90 1429 214 1468 usque
246 1418 479 1456 offrenatum
512 1418 590 1456 suis
621 1430 682 1456 me
713 1418 920 1457 ductarent
950 1419 1060 1458 dolis.

90 1497 198 1524 nunc
228 1490 376 1523 certum
409 1490 468 1523 est
499 1484 594 1523 nulli
626 1485 785 1536 posthac
818 1485 1025 1536 quicquam
1058 1487 1230 1526 credere.

88 1551 179 1591 satis
208 1554 293 1591 sum
325 1551 445 1590 semel
475 1551 674 1603 deceptus.
725 1553 874 1604 speravi
905 1553 1023 1592 miser

90 1631 135 1657 ex
166 1618 351 1658 servitute
381 1630 443 1656 me
474 1619 663 1658 exemisse
694 1620 833 1658 filium:

89 1698 132 1724 ea
163 1698 252 1738 spes
283 1686 411 1737 elapsa
443 1692 513 1724 est.
565 1686 714 1738 perdidi
746 1700 869 1726 unum
901 1688 1035 1735 filium,

88 1765 254 1804 puerum
287 1753 532 1803 quadrimum
565 1766 679 1804 quem
711 1755 803 1793 mibi
835 1767 966 1795 servos
997 1756 1164 1807 surpuit,

89 1832 216 1870 neque
247 1832 334 1858 eum
366 1832 518 1859 servom
549 1832 734 1871 umquam
766 1823 922 1873 repperi
954 1835 1083 1874 neque
1114 1824 1257 1872 filium;

88 1887 209 1926 maior
239 1887 384 1938 potitus
414 1888 585 1926 hostium
616 1895 685 1927 est.
732 1890 836 1940 quod
867 1891 942 1929 hoc
972 1893 1032 1929 est
1061 1890 1218 1931 scelus?

89 1954 194 2005 quasi
226 1954 264 1992 in
298 1955 501 1994 orbitatem
534 1955 678 1995 liberos
708 1957 974 2007 produxerim.

88 2033 250 2072 sequere
281 2021 365 2060 hac.
418 2023 603 2062 reducam
633 2030 671 2062 te
701 2023 767 2062 ubi
799 2024 916 2063 fuisti.
970 2025 1138 2064 neminis

72 2089 271 2128 ‘miserere
303 2095 451 2128 certum
484 2097 554 2137 est,
587 2091 676 2141 quia
707 2092 782 2130 mei
814 2092 972 2131 miseret
1002 2093 1213 2132 neminem.
1245 2117 1299 2122 —

86 2154 230 2196 ARIST.
280 2156 532 2208 Exauspicavi
565 2171 610 2196 ex
641 2158 789 2197 vinclis.
835 2171 943 2198 nunc
974 2160 1157 2210 intellego

87 2223 437 2275 redauspicandum
469 2237 553 2264 esse
584 2225 623 2264 in
656 2231 810 2265 catenas
841 2227 984 2266 denuo.
1015 2250 1069 2256 —

199 2345 262 2378 737
280 2344 334 2379 ita
349 2354 405 2379 me
422 2344 516 2379 uelle
534 2344 654 2389 dicite,
672 2356 768 2380 corr.
787 2345 1040 2382 Fleckeisenus
1132 2350 1195 2382 738
1212 2348 1345 2392 nequid
1372 2348 1403 2382 V
1404 2347 1440 2382 E
1523 2352 1586 2383 740
1604 2349 1745 2393 pericu-

85 2399 158 2434 lum
174 2400 273 2435 uitae
350 2403 413 2435 742
431 2401 499 2436 etsi
516 2412 625 2446 super
641 2402 727 2437 uiuo
747 2402 792 2444 B,
810 2406 846 2437 et
863 2404 1060 2448 superuiuo
1082 2402 1115 2438 E
1119 2405 1128 2425 ¹
1207 2407 1269 2438 747
1289 2407 1346 2440 at:
1364 2407 1473 2450 atque
1492 2405 1542 2439 B¹
1609 2405 1745 2441 rubitet

96 2455 126 2491 V
128 2455 164 2490 E
240 2459 304 2491 749
322 2457 466 2501 peristis
547 2458 667 2493 istunc
686 2458 864 2500 Brixius,·
881 2460 932 2505 ef.
953 2459 1115 2495 Bacliius
1131 2460 1167 2494 in
1185 2459 1425 2496 Studemuncli
1438 2461 1532 2496 stud.
1550 2463 1588 2503 2,
1605 2463 1684 2495 242

84 2515 147 2547 ⁴751
166 2513 348 2558 philacam
440 2516 503 2548 753
521 2515 642 2549 natale
667 2514 738 2550 VE
826 2520 890 2551 755
916 2516 1015 2552 ofere
1036 2519 1161 2552 natum
1179 2516 1225 2559 B,
1250 2517 1360 2553 offere
1380 2521 1526 2561 gnatum
1553 2517 1592 2560 V,
1616 2518 1744 2555 offerre

87 2571 208 2604 natum
226 2568 270 2611 E,
287 2579 383 2605 corr.
401 2568 613 2605 Gulielmius
706 2573 770 2605 756
788 2574 871 2616 post
886 2574 987 2615 haec,
1005 2584 1099 2608 corr.
1118 2573 1275 2608 Botliius
1369 2577 1430 2608 757
1449 2574 1610 2619 deceptis
1636 2574 1699 2609 VE

88 2627 150 2659 760
169 2625 343 2670 surripuit
423 2629 488 2660 762
506 2627 556 2671 cs.
573 2628 622 2660 92
705 2630 767 2662 763
785 2628 1015 2673 perduxerim
1037 2628 1067 2662 V
1069 2628 1106 2663 Ε
1183 2632 1247 2663 765
1264 2629 1425 2665 misereri
1442 2631 1544 2664 codd.
1559 2642 1637 2665 cum
1657 2631 1745 2667 Cha-

83 2680 173 2715 risio
190 2682 260 2715 159
277 2680 448 2717 Diomede
467 2681 656 2717 Prz'sciano
674 2682 735 2718 all.
754 2684 802 2718 acl
817 2695 926 2719 unum
946 2690 1127 2720 auctorem
1151 2685 1392 2726 redeuntibus,
1417 2696 1511 2721 corr.
1529 2685 1746 2732 Spenqelius

87 2735 179 2778 (item
196 2735 378 2772 Prisciani
394 2737 456 2780 R1)
548 2741 604 2773 est:
621 2749 688 2774 om.
703 2737 915 2774 Priscianus
931 2742 962 2782 1,
986 2742 1069 2775 207
1156 2741 1239 2785 quia
1254 2741 1324 2776 mei
1350 2741 1484 2776 VEB2:
1499 2743 1640 2787 quamei
1657 2743 1743 2778 Dio-

80 2791 202 2827 medes
218 2793 303 2835 333,
328 2794 385 2837 qui
403 2794 473 2829 mei
493 2804 572 2830 exc.
592 2794 762 2830 Bobiens.
802 2797 880 2837 561,
907 2796 990 2841 quia
1007 2797 1058 2831 B¹
1075 2797 1172 2841 (quia
1194 2797 1261 2832 mis
1280 2797 1431 2840 Pareus)
1523 2809 1626 2835 nemo
1643 2799 1744 2835 Pris-

78 2847 213 2882 cianus
304 2848 445 2884 Nonius
467 2851 538 2884 143
560 2852 603 2892 (S.
619 2851 784 2895 neminis)
808 2852 959 2887 neminis
983 2863 1038 2888 me
1062 2853 1208 2889 miseret
1230 2864 1313 2889 nam
1331 2865 1386 2889 me
1402 2855 1548 2890 miseret
1563 2856 1741 2891 neminem

149 2907 273 2935 Plautus
295 2909 318 2937 1.
1429 2914 1470 2945 14

1767 420 1821 451 710

1761 1430 1816 1460 755

1758 2105 1812 2136 765)
