2018 3183
207 65 289 103 392
943 70 1123 106 PLAVTI
1697 77 1726 105 11
1746 79 1771 111 1,
1785 79 1868 107 1—25

834 211 1239 254 MENAECHMVS
1319 221 1389 274 ᾖξ’·
1778 217 1822 256 11
1845 220 1865 257 1

478 256 663 346 Voluptas
695 257 838 319 nullast
868 281 1018 328 navitis,
1050 281 1256 329 Messenio,

479 347 602 387 maior
632 359 717 386 meo
749 347 890 395 animo,
924 360 1038 399 quam
1070 360 1189 400 quom
1221 361 1266 388 ex
1297 349 1373 389 alto
1404 351 1544 402 procul

476 423 618 454 terram
651 415 915 467 conspiciunt.

895 517 1184 559 MESSENIO

550 625 553 632 ,
926 570 1058 633 Miior,
1091 600 1170 626 nou
1205 587 1327 626 dicam
1359 587 1462 634 dolo,

479 644 624 704 [quam]
656 653 686 714 si
717 653 930 693 adveniens
960 660 1104 694 terram
1136 655 1263 694 videas
1292 668 1393 707 quae
1423 656 1541 695 suerit
1571 663 1648 696 tua.

478 720 543 760 sed
577 711 733 771 quaese,
765 733 880 772 quam
914 722 962 761 ob
994 734 1076 770 rem
1108 735 1216 763 nunc
1246 723 1507 776 Epidamnum
1538 723 1744 764 ienimus‘?

480 801 528 827 an
560 789 670 840 quasi
701 801 809 829 mare
840 790 967 830 omnis
997 775 1249 831 circumimus
1279 790 1453 832 insulas?

478 856 594 898 ΜΕΝ.
645 844 819 897 ΡΓειῐΓὲη]
852 853 1070 909 quaesitum
1101 860 1302 910 geminum
1333 872 1564 911 germanum
1596 872 1738 900 meum.

478 925 606 965 MEss.
657 925 751 964 Nam
785 926 875 977 quid
907 926 1012 965 modi
1044 928 1219 967 futurum
1251 934 1310 968 est
1339 928 1447 967 illum
1480 927 1701 980 quaerere?

481 993 544 1033 hic
576 1006 705 1033 annus
734 1000 883 1033 sextust
912 992 1120 1046 postquam
1151 995 1186 1034 ei
1216 991 1464 1048 rei‘operam
1495 997 1641 1036 (lamus.

483 1061 648 1109 Histros,
682 1061 890 1113 Hispanos,
922 1063 1184 1110 Massiliensis,
1217 1062 1401 1110 Hilurios‚

484 1142 589 1168 mare
621 1142 809 1181 superum
841 1143 958 1170 omne
990 1130 1270 1183 Graeciamque
1302 1133 1490 1171 exoticam

485 1210 652 1248 orasque
683 1198 833 1238 Italicas
865 1199 1006 1246 omnis,
1038 1212 1114 1251 qua
1144 1199 1370 1252 adgreditur
1402 1212 1518 1247 mare,

479 1278 615 1305 sumus
646 1267 907 1306 circumvecti.
968 1270 999 1306 si
1031 1279 1157 1315 acum,
1188 1269 1319 1315 credo,
1351 1280 1574 1320 quaereres,

482 1346 593 1373 acum
626 1334 856 1382 invenisses,
888 1335 919 1375 si
951 1342 1170 1387 appareret,
1204 1336 1278 1376 iam
1311 1336 1389 1376 diu.

481 1403 680 1442 hominem
712 1403 814 1443 inter
843 1403 949 1443 vivos
979 1405 1242 1455 quaeritamus
1272 1411 1490 1452 mortu0m3

486 1483 575 1510 nam
608 1471 893 1511 invenissemus
923 1472 996 1511 iam
1030 1473 1108 1519 diu,
1140 1473 1172 1513 si
1203 1473 1357 1512 viveret.
1401 1513 1404 1522 y

483 1539 600 1579 ΜΕΝ.
652 1538 756 1590 Ergo
789 1540 887 1579 istuc
919 1552 1066 1591 quaero
1097 1547 1247 1580 certum
1281 1541 1347 1592 qui
1378 1525 1493 1580 faciat
1522 1540 1629 1587 mihi,

483 1609 547 1658 qui
581 1620 666 1647 sese
698 1595 801 1646 (licat
830 1608 931 1657 scire
961 1620 1050 1648 eum
1083 1621 1167 1648 esse
1198 1615 1440 1648 emortuom:

485 1687 643 1727 operam
673 1682 876 1727 praeterea
908 1688 1121 1728 numquam
1153 1689 1301 1716 sumam
1334 1689 1538 1728 quaerere.

484 1742 616 1783 verum
645 1742 760 1783 'aliter
790 1730 894 1784 vivo⁸s
926 1757 1140 1796 numquam
1172 1742 1352 1785 desistam
1385 1745 1557 1796 exsequi.

484 1823 556 1861 ego
587 1811 694 1851 illum
727 1812 807 1851 scio
840 1825 955 1863 quam
989 1809 1094 1852 cordi
1127 1808 1176 1852 sit
1206 1825 1319 1852 carus
1350 1824 1450 1852 meo.

485 1879 614 1920 MEss.
666 1880 708 1919 In
742 1881 873 1932 scirpo
907 1881 1052 1920 nodum
1087 1881 1254 1932 quaeris.
1315 1882 1409 1932 quin
1443 1894 1515 1920 nos
1547 1880 1640 1919 liinc
1670 1880 1828 1920 domum

484 1949 668 1995 redimus,
702 1947 775 1988 nisi
806 1949 837 1989 si
869 1949 1069 1989 historiam
1100 1949 1284 2001 scripturi
1315 1947 1479 1989 sumus?

485 2015 601 2056 ΜΕΝ.
653 2016 805 2055 Dictum
837 2015 1016 2062 facessas,
1048 2017 1178 2056 datum
1211 2016 1305 2065 edis,
1337 2029 1472 2056 caveas
1501 2016 1615 2056 malo.

486 2086 674 2123 molestus
707 2097 755 2123 ne
786 2085 851 2131 sis,
884 2098 963 2125 non
998 2093 1065 2124 tuo
1097 2086 1172 2125 hoc
1206 2086 1271 2125 [iet
1300 2085 1431 2125 modo.
1489 2085 1618 2124 MEss.
1670 2083 1742 2123 Em

213 2233 361 2268 additur
392 2233 651 2269 Menaechmus
686 2244 760 2269 mes
797 2234 897 2269 senio
934 2234 1037 2271 taciti
1061 2233 1113 2276 P,
1147 2245 1202 2280 sq.
1233 2235 1340 2270 inser.
1368 2235 1604 2271 Mmmcmrvs
1636 2243 1880 2270 momscmzs.

213 2299 392 2325 missmao
417 2300 543 2324 senex.
573 2289 653 2331 BD,
679 2302 709 2326 v.
727 2300 803 2326 vac,
822 2293 850 2324 A
946 2293 1010 2325 226
1035 2290 1206 2336 uoluptas
1230 2291 1332 2327 nulla
1349 2294 1403 2327 est
1419 2293 1463 2334 A,
1487 2291 1702 2327 Laclantius
1725 2290 1775 2326 ad
1789 2289 1881 2327 Stat.

214 2346 318 2382 leeb.
343 2347 381 2388 2,
397 2347 488 2381 194:
511 2346 647 2382 nullast
671 2346 840 2390 uoluptas
865 2346 899 2381 P
989 2349 1053 2381 227
1080 2359 1185 2393 quom
1210 2351 1258 2384 A:
1286 2359 1368 2393 qum
1396 2348 1485 2389 13¹0,
1509 2358 1614 2393 quam
1639 2347 1702 2390 ΒΞ,
1727 2347 1813 2392 quin
1838 2346 1883 2390 D,

215 2403 358 2448 quando
372 2401 473 2439 Lact.
569 2404 634 2437 223
651 2402 878 2448 prospiciunt
899 2402 1015 2446 Laoc„
1034 2407 1076 2439 A.
1098 2416 1132 2439 n.
1155 2405 1178 2439 l.
1261 2405 1310 2440 M.
1330 2416 1409 2445 om„
1430 2409 1469 2440 ut
1488 2405 1525 2439 in
1546 2415 1599 2450 sq.
1619 2403 1752 2439 multas
1770 2404 1883 2439 nomi-

213 2469 297 2493 num
322 2462 427 2493 notas
520 2461 584 2492 229
611 2469 716 2503 quam
741 2459 771 2493 si
798 2459 841 2501 P,
867 2458 979 2500 Lact.9
1005 2472 1071 2505 q—
1089 2463 1131 2502 A,
1157 2471 1250 2496 corr.
1274 2460 1484 2501 Acidalius,·
1508 2471 1614 2505 quom
1639 2459 1795 2496 Bothius

215 2515 418 2560 conspicias
435 2514 536 2550 Lact.
632 2518 696 2550 230
710 2536 728 2540 -
746 2518 810 2551 239
821 2516 970 2562 priores
981 2521 1111 2561 partes
1127 2517 1298 2562 leqzmtur
1315 2518 1345 2552 A
1421 2520 1484 2552 230
1502 2518 1540 2552 in
1556 2517 1786 2563 epidamnum
1807 2515 1840 2551 B

216 2573 278 2606 231
306 2571 441 2615 omneis
466 2572 509 2612 A,
534 2571 616 2606 item
639 2571 720 2606 237
809 2573 830 2606 ι’.
855 2583 882 2607 e.
909 2583 956 2606 an
981 2573 1210 2618 circumimus
1234 2573 1339 2618 quase·
1362 2583 1462 2608 mare
1487 2584 1608 2608 omues
1630 2573 1794 2608 insulas?

216 2631 282 2663 234
307 2631 431 2664 sextus
455 2630 511 2663 est:
534 2626 586 2669 P,
612 2630 734 2663 sextus
759 2629 790 2662 A
878 2628 916 2674 nei
938 2628 992 2663 rei
1019 2627 1213 2664 Gruterus:
1245 2629 1298 2664 ire
1322 2629 1360 2664 hi
1387 2629 1485 2668 (hinc
1509 2629 1579 2672 B2)
1673 2631 1738 2664 238
1764 2629 1817 2665 sei
1841 2630 1884 2674 A,

214 2685 298 2719 item
321 2685 409 2719 239.
426 2685 498 2719 241
593 2685 658 2719 239
682 2684 754 2719 iam
781 2684 993 2719 Gulielmus:
1016 2688 1091 2721 tam
1183 2688 1248 2720 242
1274 2686 1334 2730 qui
1356 2685 1441 2720 BD:
1466 2685 1551 2730 quid
1578 2686 1614 2728 C,
1639 2685 1725 2731 quid
1748 2685 1788 2730 id
1808 2686 1840 2722 A

219 2743 281 2775 243
309 2741 391 2786 quei
415 2751 494 2777 sese
519 2740 639 2776 deieat
662 2742 693 2775 A
786 2743 852 2776 244
877 2741 1050 2777 summam
1066 2744 1098 2777 A
1192 2744 1256 2777 246
1281 2742 1382 2778 cordi
1406 2743 1453 2777 sit
1478 2752 1583 2778 carus
1606 2752 1686 2778 meo
1703 2741 1756 2777 P:
1779 2752 1885 2778 carus

218 2797 265 2832 sit
283 2797 383 2833 cordi
399 2807 477 2832 meo
496 2798 526 2832 A
620 2799 798 2833 247—255
817 2798 1044 2843 posteriores
1055 2802 1184 2844 parles
1200 2797 1370 2844 loquutur
1386 2800 1417 2834 A
1511 2801 1576 2834 249
1601 2803 1698 2834 recte
1714 2797 1884 2834 traditum

218 2863 295 2888 esse
319 2852 426 2888 docui
450 2852 573 2888 Herm.
598 2854 656 2895 18,
684 2854 756 2888 576
846 2853 920 2898 tdis
945 2856 975 2889 A
1003 2858 1027 2889 t.
1054 2854 1106 2890 Sc.

1884 736 1941 770 230

1887 1415 1945 1448 240

1889 1754 1944 1788 245
