1998 3179
92 90 107 118 1
124 90 150 124 2.
163 91 261 120 94—11
273 91 346 123 1.1o
782 88 1055 126 MERCATOR
1674 93 1752 129 445

93 205 253 244 stultitia
284 206 403 244 istaec
434 211 505 245 est.
563 204 700 245 CHAR.
747 204 847 250 Quid
880 203 1045 243 faciam?
1077 204 1208 251 credo,
1241 217 1319 244 non
1352 205 1484 244 credet
1513 211 1635 257 pater,

93 272 125 311 si
155 272 259 312 illam
289 273 401 312 matri
432 284 539 310 meae
569 270 678 324 (me)
709 272 847 311 emisse
878 272 1023 319 dicam;
1055 279 1144 323 post
1174 279 1302 312 autem
1334 272 1428 311 milli

91 339 218 378 scelus
248 339 411 385 videtur,
445 351 507 378 me
537 338 689 391 parenti
721 338 902 390 proloqui
934 339 1192 378 mendacium.

93 419 221 457 neque
250 407 313 446 ille
344 407 488 455 credet,
520 418 648 457 neque
679 405 863 445 credibile
895 414 950 445 est
981 407 1103 445 forma
1136 407 1271 445 eximia
1304 406 1518 453 mulierem,
1765 406 1819 439 2t0

92 486 177 512 eam
209 486 269 512 me
301 475 440 514 emisse
472 474 650 513 ancillam
683 474 808 512 matri.
868 473 1004 514 ACAN.
1055 474 1141 512 Non
1174 480 1288 516 taces,
1320 472 1575 513 stultissime?

92 540 226 580 credet
255 541 399 588 hercle,
432 553 521 580 nam
552 540 732 580 credebat
763 541 836 579 iam
867 541 974 580 mihi.
1032 541 1168 581 CHAR.
1218 540 1349 580 Metuo
1381 542 1507 586 miser,

93 620 143 646 ne
174 614 324 659 patrem
355 608 583 660 prehendat,
616 615 658 646 ut
687 608 735 647 sit
765 615 873 659 gesta
908 620 983 655 res,
1014 608 1199 659 suspicio.

89 675 164 714 hoc
196 676 298 726 quod
331 682 367 714 te
397 688 493 727 rogo
525 675 722 727 responde
752 672 956 728 (quaeso).
1016 675 1152 715 ACAN.
1203 675 1355 720 Quaeso
1388 675 1479 726 quid
1510 675 1653 727 rogas?

89 741 227 783 CEAR.
277 742 377 781 Num
417 755 501 782 esse
540 743 702 781 amicam
732 742 921 794 suspicari
961 743 1065 782 visus
1096 741 1184 782 est?
1242 742 1379 783 ACAN.
1429 742 1517 782 Non
1549 743 1652 782 visus
1684 749 1752 783 est.
1767 743 1822 776 215

89 809 185 861 quin
217 810 387 861 quicque
418 816 462 849 ut
483 809 660 849 dicebam
690 810 783 849 mihi
805 809 1002 849 credebat.
1060 809 1198 850 CHAR.
1240 810 1395 855 Verum,
1427 816 1470 849 ut
1498 810 1568 849 tibi
1599 810 1754 862 quidem

88 877 192 917 visus
215 883 284 917 est.
324 876 462 918 ACAN.
494 877 593 924 Non,
616 879 681 917 sed
705 877 901 917 credebat.
942 878 1078 918 CHAR.
1111 877 1188 916 Vae
1209 878 1301 916 milii
1324 878 1481 925 misero,
1504 878 1633 917 nullus
1654 890 1752 918 sum.

89 944 159 985 sed
189 946 279 998 quid
312 958 383 997 ego
416 945 478 984 hic
508 945 548 984 in
580 945 830 985 lamentando
862 958 995 997 peren,
1028 945 1075 984 ad
1107 956 1241 984 navem
1274 958 1353 984 nou
1386 943 1465 984 eo?

89 1024 268 1064 sequere.
327 1014 466 1054 Acm.
515 1013 556 1052 Si
588 1013 684 1053 istac
714 1013 801 1061 ibis,
832 1013 1082 1052 commodum
1114 1012 1262 1051 obviam
1294 1012 1426 1052 venies
1457 1012 1577 1064 patri;

91 1085 227 1131 postea
257 1081 420 1132 aspiciet
450 1087 486 1121 te
517 1081 695 1120 timidum
727 1093 811 1121 esse
843 1086 958 1132 atque
990 1080 1271 1119 exanimatum:
1305 1080 1394 1119 ilico
1766 1081 1821 1113 220

88 1147 287 1196 retinebit,
320 1148 504 1199 rogitabit
535 1150 638 1188 unde
669 1148 773 1187 illam
804 1150 956 1195 emeris,
988 1149 1123 1200 quanti
1155 1148 1312 1187 emeris:

88 1216 268 1256 timidum
299 1216 503 1268 temptabit
532 1223 588 1255 te.
646 1216 782 1257 CHAR.
834 1216 913 1255 Hac
945 1216 1009 1255 ibo
1040 1216 1182 1268 potius.
1242 1216 1318 1254 iam
1349 1227 1487 1254 censes
1518 1221 1667 1266 patrem

90 1283 232 1323 abiisse
263 1296 284 1323 a
314 1282 463 1336 portu?
522 1283 659 1324 ACAN.
709 1283 813 1330 Quin
846 1296 889 1323 ea
921 1295 993 1335 ego
1025 1283 1101 1322 huc
1132 1283 1386 1335 praecucurri
1414 1283 1548 1334 gratia,

90 1364 139 1390 ne
169 1357 208 1390 te
239 1352 478 1404 opprimeret
509 1351 796 1404 imprudentem
828 1358 943 1403 atque
975 1351 1168 1390 electaret.
1228 1351 1364 1392 CHAR.
1415 1350 1582 1402 Optime.
1614 1372 1667 1377 -

781 1430 1051 1470 DEMIPHO
1662 1428 1707 1468 II
1729 1430 1750 1467 1

358 1498 465 1538 Miris
496 1499 620 1538 modis
651 1497 688 1537 di
719 1498 831 1538 ludos
862 1499 1008 1537 faciunt
1039 1497 1263 1537 homiuibus
1765 1498 1820 1531 225

361 1566 547 1618 mirisque
578 1566 766 1618 exemplis
797 1566 948 1605 somnia
978 1566 1018 1605 in
1050 1566 1198 1605 somnis
1230 1566 1392 1604 danunt.

362 1634 464 1673 velut
494 1646 566 1685 ego
599 1641 714 1674 nocte
746 1634 818 1673 bac
850 1646 949 1685 quae
979 1634 1180 1685 praeteriit
1210 1645 1399 1684 proxuma

359 1702 399 1741 in
431 1702 580 1742 somnis
611 1703 672 1754 egi
703 1703 797 1742 satis
828 1709 865 1741 et
895 1702 949 1741 fui
982 1702 1099 1740 homo
1131 1701 1336 1740 exercitus.

359 1771 524 1809 mercari
554 1771 657 1810 visus
687 1771 781 1810 mihi
812 1783 898 1809 sum
929 1772 1138 1809 formosam
1169 1781 1346 1821 capram3

360 1838 394 1876 ei
425 1850 475 1877 ne
506 1845 667 1877 noceret
698 1851 815 1890 quam
844 1839 946 1878 domi
979 1845 1068 1876 ante
1099 1836 1217 1876 habui
1248 1849 1403 1888 capram
1763 1836 1818 1868 230

360 1918 436 1944 neu
468 1905 748 1952 discordarent,
780 1907 811 1945 si
842 1906 978 1944 ambae
1009 1905 1048 1944 in
1082 1917 1161 1944 uno
1193 1911 1322 1944 esseut
1353 1905 1453 1948 loco,

360 1973 555 2024 posterius
586 1986 699 2024 quam
734 1981 925 2013 mercatus
956 1975 1117 2020 sueram,
1149 1973 1252 2012 visus
1281 1985 1366 2012 sum

359 2041 399 2079 in
431 2041 668 2081 custodelam
700 2042 833 2081 simiae
865 2042 1116 2081 concredere.

360 2121 403 2147 ea
434 2109 542 2148 simia
574 2110 669 2149 adeo
700 2116 790 2162 post
821 2109 921 2149 haud
953 2110 1074 2148 multo
1106 2110 1152 2148 ad
1184 2122 1245 2148 me
1275 2109 1393 2154 veuit,

200 2207 265 2240 208
294 2206 389 2250 (me>
419 2208 606 2243 Acidalius
721 2211 784 2244 210
818 2209 962 2244 exumia
993 2207 1102 2248 C¹D¹‚
1134 2207 1186 2251 cf.
1216 2209 1296 2242 260
1412 2209 1473 2241 211
1511 2218 1588 2242 eam
1619 2207 1669 2251 cf.
1701 2207 1750 2242 ad

85 2259 198 2295 Poen.
217 2261 316 2302 302,·
333 2273 433 2298 meae
450 2263 635 2300 Lomanus
713 2268 779 2300 214
795 2264 975 2311 (quaeso)
991 2263 1232 2305 Rttsclzelius;
1248 2264 1297 2309 cf.
1311 2265 1386 2298 182
1464 2266 1528 2298 215
1546 2273 1619 2299 non
1636 2273 1749 2309 usque

85 2315 135 2351 ad
159 2319 222 2352 217
241 2318 341 2354 uisus
359 2322 414 2354 est
432 2330 499 2354 om.
520 2319 580 2355 CD
649 2324 712 2357 2Ιῖ
739 2332 784 2357 ue
854 2323 919 2356 218
937 2323 987 2365 cf.
1010 2320 1192 2355 Valdenus
1209 2320 1331 2355 Herm.
1346 2321 1402 2362 17,
1418 2321 1501 2359 596,
1521 2318 1749 2354 Abrahamus

85 2372 180 2408 stud.
205 2372 261 2408 Pt.
287 2376 369 2410 227
456 2377 578 2412 nauim
605 2377 665 2413 CD
758 2380 823 2412 220
853 2380 1044 2423 postquam
1070 2390 1087 2414 ς
1179 2377 1311 2422 aspicit
1340 2379 1376 2412 te
1403 2375 1482 2419 CI),
1512 2376 1666 2421 aspicite
1692 2375 1749 2418 B,-

85 2428 130 2464 dc
152 2434 338 2466 structura
362 2431 460 2467 verbi
482 2432 560 2468 vide
585 2433 634 2468 ad
659 2433 813 2470 Culicem
830 2446 872 2480 p.
891 2435 942 2469 48
957 2445 1012 2480 sq.
1127 2434 1335 2469 exanimata
1359 2435 1392 2469 B
1502 2442 1641 2467 versum
1664 2436 1750 2477 post

85 2486 160 2520 221
170 2487 301 2531 posuit
317 2487 475 2524 Brioeius
568 2492 629 2524 221
657 2490 720 2525 illa
735 2490 890 2525 meneris
909 2490 944 2525 B
1037 2492 1101 2524 222
1126 2490 1178 2525 ibi
1196 2490 1229 2524 B
1323 2491 1386 2524 223
1404 2488 1525 2524 abisse
1595 2487 1679 2532 quin
1706 2498 1750 2522 ea.

90 2540 336 2578 Camerarius:
364 2545 470 2590 quine
495 2548 541 2588 B,
565 2547 650 2590 quin
676 2546 736 2583 CD
849 2548 918 2582 hac
946 2546 1006 2583 CD
1121 2548 1186 2581 224
1211 2547 1385 2582 eiectaret
1410 2544 1470 2580 CI)
1582 2553 1750 2579 Dmupno

87 2599 240 2636 (Dssmo
263 2597 329 2642 D2)
353 2610 468 2636 smmx
492 2602 604 2638 BCD2
721 2604 766 2638 de
789 2603 858 2638 lzoc
881 2603 1020 2638 somnio
1044 2607 1079 2637 et
1103 2602 1217 2637 altero
1243 2602 1343 2647 quod
1364 2602 1401 2635 ἱη
1426 2601 1592 2636 Rudente
1616 2600 1750 2645 leqitur

87 2652 138 2696 cf.
156 2653 205 2687 ad
220 2653 315 2689 Rud.
335 2657 408 2691 593
424 2668 476 2703 sq.
551 2661 615 2693 226
640 2660 778 2695 donant
804 2659 875 2700 CD,
901 2659 1057 2694 clamant
1077 2658 1121 2700 B,
1146 2669 1241 2693 corr.
1259 2657 1418 2704 Pylades
1442 2656 1550 2699 (Ruti.
1570 2657 1659 2701 594)

87 2710 152 2743 228
177 2708 216 2744 in
241 2712 374 2747 somnis
400 2713 454 2748 bis
473 2714 532 2750 CD
601 2715 655 2750 ful
673 2718 705 2751 R
772 2718 833 2749 231
862 2715 894 2750 si
910 2714 1071 2750 Merula:
1095 2715 1166 2750 nisi
1235 2715 1340 2750 ambo
1365 2724 1461 2749 nunc
1485 2716 1606 2748 essent
1621 2712 1658 2747 B

88 2766 153 2800 233
178 2768 401 2803 custodelam
418 2769 593 2806 Botlu'us:
618 2771 836 2815 custodiam3
863 2771 913 2816 cf.
933 2770 1026 2807 Rud.
1055 2772 1138 2806 625.
1167 2772 1241 2805 696
1332 2770 1433 2806 simie
1453 2770 1489 2812 C,
1513 2769 1685 2805 sinmiae
1702 2769 1748 2812 D,

87 2820 117 2855 si
141 2831 185 2857 ae
210 2822 245 2857 B
337 2826 554 2870 congredere
579 2830 612 2863 B
700 2830 766 2862 234
798 2829 890 2863 solet
914 2838 1055 2874 ponere
1085 2827 1185 2863 haud
1215 2828 1327 2863 multo
1359 2829 1443 2872 post
1471 2824 1749 2871 (Kellerlzoffius

86 2876 125 2911 in
148 2876 388 2916 Studemundt
411 2882 506 2918 stud.
529 2884 567 2925 2,
596 2884 634 2918 71
651 2887 717 2929 sq.)
742 2888 776 2919 et
799 2884 898 2919 haud
922 2883 1033 2920 multo
1058 2884 1158 2929 prius
1182 2883 1324 2927 (Pseud.
1349 2885 1450 2920 1094
1474 2882 1567 2920 Rud.
1591 2884 1704 2926 1055)
