<?xml version="1.0" encoding="UTF-8"?>
<!DOCTYPE html PUBLIC "-//W3C//DTD XHTML 1.0 Transitional//EN"
    "http://www.w3.org/TR/xhtml1/DTD/xhtml1-transitional.dtd">
<html xmlns="http://www.w3.org/1999/xhtml" xml:lang="en" lang="en">
 <head>
  <title>
</title>
<meta http-equiv="Content-Type" content="text/html;charset=utf-8" />
  <meta name='ocr-system' content='tesseract 3.04.00' />
  <meta name='ocr-capabilities' content='ocr_page ocr_carea ocr_par ocr_line ocrx_word'/>
</head>
<body>
  <div class='ocr_page' id='page_1' title='image "./comoediaerecensu01plauuoft_0162.png"; bbox 0 0 2018 3183; ppageno 0'>
   <div class='ocr_carea' id='block_1_1' title="bbox 224 97 1890 139">
    <p class='ocr_par' dir='ltr' id='par_1_1' title="bbox 224 97 1890 139">
     <span class='ocr_line' id='line_1_1' title="bbox 224 97 1890 139; baseline -0.007 0"><span class='ocrx_word' id='word_1_1' title='bbox 224 101 305 139; x_wconf 86' lang='lat'>150</span> <span class='ocrx_word' id='word_1_2' title='bbox 964 97 1146 133; x_wconf 86' lang='lat' dir='ltr'><strong>PLAVTI</strong></span> <span class='ocrx_word' id='word_1_3' title='bbox 1685 98 1731 127; x_wconf 87' lang='lat' dir='ltr'>m</span> <span class='ocrx_word' id='word_1_4' title='bbox 1742 99 1769 131; x_wconf 77' lang='lat' dir='ltr'>e,</span> <span class='ocrx_word' id='word_1_5' title='bbox 1788 98 1890 128; x_wconf 75' lang='lat'>14-40</span> 
     </span>
    </p>
   </div>
   <div class='ocr_carea' id='block_1_2' title="bbox 222 210 1963 2026">
    <p class='ocr_par' dir='ltr' id='par_1_2' title="bbox 223 210 1524 265">
     <span class='ocr_line' id='line_1_2' title="bbox 223 210 1524 265; baseline -0.005 -9"><span class='ocrx_word' id='word_1_6' title='bbox 223 216 354 256; x_wconf 91' lang='lat' dir='ltr'>nullus</span> <span class='ocrx_word' id='word_1_7' title='bbox 386 221 443 254; x_wconf 90' lang='lat' dir='ltr'>est</span> <span class='ocrx_word' id='word_1_8' title='bbox 474 213 564 265; x_wconf 91' lang='lat' dir='ltr'>quoi</span> <span class='ocrx_word' id='word_1_9' title='bbox 598 225 676 251; x_wconf 91' lang='lat' dir='ltr'>non</span> <span class='ocrx_word' id='word_1_10' title='bbox 711 212 907 251; x_wconf 81' lang='lat' dir='ltr'>invideant</span> <span class='ocrx_word' id='word_1_11' title='bbox 938 223 1021 250; x_wconf 88' lang='lat' dir='ltr'>rem</span> <span class='ocrx_word' id='word_1_12' title='bbox 1051 210 1264 251; x_wconf 89' lang='lat' dir='ltr'>secundam</span> <span class='ocrx_word' id='word_1_13' title='bbox 1297 211 1524 263; x_wconf 84' lang='lat' dir='ltr'>optingere;</span> 
     </span>
    </p>

    <p class='ocr_par' dir='ltr' id='par_1_3' title="bbox 223 280 1244 331">
     <span class='ocr_line' id='line_1_3' title="bbox 223 280 1244 331; baseline -0.004 -9"><span class='ocrx_word' id='word_1_14' title='bbox 223 283 294 323; x_wconf 90' lang='lat' dir='ltr'>sibi</span> <span class='ocrx_word' id='word_1_15' title='bbox 328 295 377 321; x_wconf 90' lang='lat' dir='ltr'>ne</span> <span class='ocrx_word' id='word_1_16' title='bbox 410 282 637 325; x_wconf 75' lang='lat' dir='ltr'>invideatur,</span> <span class='ocrx_word' id='word_1_17' title='bbox 670 280 742 331; x_wconf 88' lang='lat' dir='ltr'>ipsi</span> <span class='ocrx_word' id='word_1_18' title='bbox 774 280 925 331; x_wconf 82' lang='lat' dir='ltr'>ignavia</span> <span class='ocrx_word' id='word_1_19' title='bbox 957 287 1063 319; x_wconf 81' lang='lat' dir='ltr'>recte</span> <span class='ocrx_word' id='word_1_20' title='bbox 1095 285 1244 318; x_wconf 81' lang='lat' dir='ltr'>cavent.</span> 
     </span>
    </p>

    <p class='ocr_par' dir='ltr' id='par_1_4' title="bbox 222 347 1956 466">
     <span class='ocr_line' id='line_1_4' title="bbox 222 347 1956 400; baseline -0.003 -10"><span class='ocrx_word' id='word_1_21' title='bbox 222 351 359 390; x_wconf 70' lang='lat' dir='ltr'>MNEs.</span> <span class='ocrx_word' id='word_1_22' title='bbox 411 349 558 400; x_wconf 85' lang='lat' dir='ltr'>Edepol</span> <span class='ocrx_word' id='word_1_23' title='bbox 593 360 640 386; x_wconf 92' lang='lat' dir='ltr'>ne</span> <span class='ocrx_word' id='word_1_24' title='bbox 672 354 713 386; x_wconf 88' lang='lat' dir='ltr'>tu</span> <span class='ocrx_word' id='word_1_25' title='bbox 745 348 898 386; x_wconf 92' lang='lat' dir='ltr'>illorum</span> <span class='ocrx_word' id='word_1_26' title='bbox 932 360 1060 387; x_wconf 89' lang='lat' dir='ltr'>mores</span> <span class='ocrx_word' id='word_1_27' title='bbox 1091 359 1280 399; x_wconf 82' lang='lat' dir='ltr'>perquam</span> <span class='ocrx_word' id='word_1_28' title='bbox 1314 347 1494 386; x_wconf 87' lang='lat' dir='ltr'>meditate</span> <span class='ocrx_word' id='word_1_29' title='bbox 1525 353 1648 387; x_wconf 90' lang='lat' dir='ltr'>tenes.</span> <span class='ocrx_word' id='word_1_30' title='bbox 1901 352 1956 384; x_wconf 85' lang='grc'>545</span> 
     </span>
     <span class='ocr_line' id='line_1_5' title="bbox 223 414 1656 466; baseline -0.002 -10"><span class='ocrx_word' id='word_1_31' title='bbox 223 418 288 458; x_wconf 89' lang='lat' dir='ltr'>sed</span> <span class='ocrx_word' id='word_1_32' title='bbox 321 416 435 455; x_wconf 90' lang='lat' dir='ltr'>etiam</span> <span class='ocrx_word' id='word_1_33' title='bbox 466 428 588 455; x_wconf 89' lang='lat' dir='ltr'>unum</span> <span class='ocrx_word' id='word_1_34' title='bbox 622 415 715 454; x_wconf 90' lang='lat' dir='ltr'>hoc:</span> <span class='ocrx_word' id='word_1_35' title='bbox 749 427 794 454; x_wconf 83' lang='lat' dir='ltr'>ex</span> <span class='ocrx_word' id='word_1_36' title='bbox 827 415 987 466; x_wconf 85' lang='lat' dir='ltr'>ingenio</span> <span class='ocrx_word' id='word_1_37' title='bbox 1018 415 1120 453; x_wconf 91' lang='lat' dir='ltr'>malo</span> <span class='ocrx_word' id='word_1_38' title='bbox 1152 414 1297 453; x_wconf 88' lang='lat' dir='ltr'>malum</span> <span class='ocrx_word' id='word_1_39' title='bbox 1328 414 1533 454; x_wconf 78' lang='lat' dir='ltr'>inveniunt</span> <span class='ocrx_word' id='word_1_40' title='bbox 1564 427 1656 454; x_wconf 88' lang='lat' dir='ltr'>suo:</span> 
     </span>
    </p>

    <p class='ocr_par' dir='ltr' id='par_1_5' title="bbox 225 482 1449 535">
     <span class='ocr_line' id='line_1_6' title="bbox 225 482 1449 535; baseline -0.003 -11"><span class='ocrx_word' id='word_1_41' title='bbox 225 485 321 524; x_wconf 93' lang='lat' dir='ltr'>nulli</span> <span class='ocrx_word' id='word_1_42' title='bbox 352 484 463 522; x_wconf 89' lang='lat' dir='ltr'>amici</span> <span class='ocrx_word' id='word_1_43' title='bbox 495 489 599 529; x_wconf 81' lang='lat' dir='ltr'>sunt,</span> <span class='ocrx_word' id='word_1_44' title='bbox 630 482 809 522; x_wconf 91' lang='lat' dir='ltr'>inimicos</span> <span class='ocrx_word' id='word_1_45' title='bbox 840 482 913 535; x_wconf 90' lang='lat' dir='ltr'>ipsi</span> <span class='ocrx_word' id='word_1_46' title='bbox 945 483 983 522; x_wconf 90' lang='lat' dir='ltr'>in</span> <span class='ocrx_word' id='word_1_47' title='bbox 1016 495 1101 522; x_wconf 87' lang='lat' dir='ltr'>sese</span> <span class='ocrx_word' id='word_1_48' title='bbox 1133 482 1261 522; x_wconf 91' lang='lat' dir='ltr'>omnis</span> <span class='ocrx_word' id='word_1_49' title='bbox 1292 482 1449 521; x_wconf 87' lang='lat' dir='ltr'>habent.</span> 
     </span>
    </p>

    <p class='ocr_par' dir='ltr' id='par_1_6' title="bbox 224 550 1512 597">
     <span class='ocr_line' id='line_1_7' title="bbox 224 550 1512 597; baseline -0.003 -5"><span class='ocrx_word' id='word_1_50' title='bbox 224 554 258 592; x_wconf 92' lang='lat' dir='ltr'>ei</span> <span class='ocrx_word' id='word_1_51' title='bbox 289 565 330 592; x_wconf 91' lang='lat' dir='ltr'>se</span> <span class='ocrx_word' id='word_1_52' title='bbox 361 563 449 591; x_wconf 87' lang='lat' dir='ltr'>cum</span> <span class='ocrx_word' id='word_1_53' title='bbox 482 551 734 597; x_wconf 82' lang='lat' dir='ltr'><strong>frustrantur,</strong></span> <span class='ocrx_word' id='word_1_54' title='bbox 766 551 947 590; x_wconf 84' lang='lat' dir='ltr'>frustrari</span> <span class='ocrx_word' id='word_1_55' title='bbox 978 550 1072 590; x_wconf 89' lang='lat' dir='ltr'>alios</span> <span class='ocrx_word' id='word_1_56' title='bbox 1103 550 1232 590; x_wconf 85' lang='lat' dir='ltr'>stolidi</span> <span class='ocrx_word' id='word_1_57' title='bbox 1264 550 1512 589; x_wconf 77' lang='lat' dir='ltr'>existumant.</span> 
     </span>
    </p>

    <p class='ocr_par' dir='ltr' id='par_1_7' title="bbox 223 616 1788 669">
     <span class='ocr_line' id='line_1_8' title="bbox 223 616 1788 669; baseline -0.003 -10"><span class='ocrx_word' id='word_1_58' title='bbox 223 621 324 660; x_wconf 87' lang='lat' dir='ltr'>sicut</span> <span class='ocrx_word' id='word_1_59' title='bbox 356 625 415 658; x_wconf 87' lang='lat' dir='ltr'>est</span> <span class='ocrx_word' id='word_1_60' title='bbox 444 618 519 666; x_wconf 82' lang='lat' dir='ltr'>hic,</span> <span class='ocrx_word' id='word_1_61' title='bbox 553 630 669 669; x_wconf 88' lang='lat' dir='ltr'>quem</span> <span class='ocrx_word' id='word_1_62' title='bbox 701 630 784 658; x_wconf 90' lang='lat' dir='ltr'>esse</span> <span class='ocrx_word' id='word_1_63' title='bbox 817 618 984 657; x_wconf 87' lang='lat' dir='ltr'>amicum</span> <span class='ocrx_word' id='word_1_64' title='bbox 1016 624 1122 657; x_wconf 87' lang='lat' dir='ltr'>ratus</span> <span class='ocrx_word' id='word_1_65' title='bbox 1153 630 1240 656; x_wconf 87' lang='lat' dir='ltr'>sum</span> <span class='ocrx_word' id='word_1_66' title='bbox 1271 623 1387 668; x_wconf 89' lang='lat' dir='ltr'>atque</span> <span class='ocrx_word' id='word_1_67' title='bbox 1419 617 1527 668; x_wconf 89' lang='lat' dir='ltr'>ipsus</span> <span class='ocrx_word' id='word_1_68' title='bbox 1557 628 1643 656; x_wconf 91' lang='lat' dir='ltr'>sum</span> <span class='ocrx_word' id='word_1_69' title='bbox 1675 616 1788 655; x_wconf 92' lang='lat' dir='ltr'>mihi:</span> 
     </span>
    </p>

    <p class='ocr_par' dir='ltr' id='par_1_8' title="bbox 223 684 1959 805">
     <span class='ocr_line' id='line_1_9' title="bbox 224 684 1959 738; baseline -0.003 -12"><span class='ocrx_word' id='word_1_70' title='bbox 224 688 300 735; x_wconf 85' lang='lat' dir='ltr'>ille,</span> <span class='ocrx_word' id='word_1_71' title='bbox 334 686 437 738; x_wconf 90' lang='lat' dir='ltr'>quod</span> <span class='ocrx_word' id='word_1_72' title='bbox 468 686 509 725; x_wconf 90' lang='lat' dir='ltr'>in</span> <span class='ocrx_word' id='word_1_73' title='bbox 541 699 582 725; x_wconf 87' lang='lat' dir='ltr'>se</span> <span class='ocrx_word' id='word_1_74' title='bbox 613 685 698 733; x_wconf 88' lang='lat' dir='ltr'>fuit,</span> <span class='ocrx_word' id='word_1_75' title='bbox 729 691 956 725; x_wconf 87' lang='lat' dir='ltr'>accuratum</span> <span class='ocrx_word' id='word_1_76' title='bbox 989 685 1123 724; x_wconf 92' lang='lat' dir='ltr'>babuit</span> <span class='ocrx_word' id='word_1_77' title='bbox 1155 685 1258 736; x_wconf 91' lang='lat' dir='ltr'>quod</span> <span class='ocrx_word' id='word_1_78' title='bbox 1290 691 1421 736; x_wconf 89' lang='lat' dir='ltr'>posset</span> <span class='ocrx_word' id='word_1_79' title='bbox 1454 684 1543 724; x_wconf 91' lang='lat' dir='ltr'>mali</span> <span class='ocrx_word' id='word_1_80' title='bbox 1902 689 1959 721; x_wconf 89' lang='grc'>550</span> 
     </span>
     <span class='ocr_line' id='line_1_10' title="bbox 223 753 1320 805; baseline -0.002 -11"><span class='ocrx_word' id='word_1_81' title='bbox 223 756 368 794; x_wconf 84' lang='lat' dir='ltr'>faceret</span> <span class='ocrx_word' id='word_1_82' title='bbox 398 754 436 793; x_wconf 93' lang='lat' dir='ltr'>in</span> <span class='ocrx_word' id='word_1_83' title='bbox 468 766 542 801; x_wconf 88' lang='lat' dir='ltr'>me,</span> <span class='ocrx_word' id='word_1_84' title='bbox 576 753 849 793; x_wconf 79' lang='lat' dir='ltr'>inconciliaret</span> <span class='ocrx_word' id='word_1_85' title='bbox 879 754 1012 805; x_wconf 89' lang='lat' dir='ltr'>copias</span> <span class='ocrx_word' id='word_1_86' title='bbox 1043 754 1171 793; x_wconf 91' lang='lat' dir='ltr'>omnis</span> <span class='ocrx_word' id='word_1_87' title='bbox 1203 765 1320 792; x_wconf 69' lang='lat' dir='ltr'>meas.</span> 
     </span>
    </p>

    <p class='ocr_par' dir='ltr' id='par_1_9' title="bbox 223 817 1891 1007">
     <span class='ocr_line' id='line_1_11' title="bbox 223 817 1891 873; baseline -0.004 -11"><span class='ocrx_word' id='word_1_88' title='bbox 223 823 333 862; x_wconf 70' lang='lat' dir='ltr'>Prs‘r.</span> <span class='ocrx_word' id='word_1_89' title='bbox 365 821 590 872; x_wconf 85' lang='lat' dir='ltr'>Improbum</span> <span class='ocrx_word' id='word_1_90' title='bbox 613 821 741 860; x_wconf 87' lang='lat' dir='ltr'>istunc</span> <span class='ocrx_word' id='word_1_91' title='bbox 758 834 842 860; x_wconf 87' lang='lat' dir='ltr'>esse</span> <span class='ocrx_word' id='word_1_92' title='bbox 860 828 1017 873; x_wconf 86' lang='lat' dir='ltr'>oportet</span> <span class='ocrx_word' id='word_1_93' title='bbox 1033 821 1246 860; x_wconf 89' lang='lat' dir='ltr'>hominem.</span> <span class='ocrx_word' id='word_1_94' title='bbox 1278 820 1415 861; x_wconf 71' lang='lat' dir='ltr'>MNEs.</span> <span class='ocrx_word' id='word_1_95' title='bbox 1439 819 1521 871; x_wconf 84' lang='lat' dir='ltr'>Ego</span> <span class='ocrx_word' id='word_1_96' title='bbox 1545 820 1594 858; x_wconf 85' lang='lat' dir='ltr'>ita</span> <span class='ocrx_word' id='word_1_97' title='bbox 1610 831 1693 859; x_wconf 89' lang='lat' dir='ltr'>esse</span> <span class='ocrx_word' id='word_1_98' title='bbox 1710 817 1891 857; x_wconf 82' lang='lat' dir='ltr'>arbitror.</span> 
     </span>
     <span class='ocr_line' id='line_1_12' title="bbox 223 885 1890 940; baseline -0.003 -11"><span class='ocrx_word' id='word_1_99' title='bbox 223 891 332 930; x_wconf 68' lang='lat' dir='ltr'>Prsr.</span> <span class='ocrx_word' id='word_1_100' title='bbox 379 888 553 928; x_wconf 83' lang='lat' dir='ltr'>Obsecro</span> <span class='ocrx_word' id='word_1_101' title='bbox 584 889 716 928; x_wconf 91' lang='lat' dir='ltr'>hercle</span> <span class='ocrx_word' id='word_1_102' title='bbox 746 889 920 940; x_wconf 84' lang='lat' dir='ltr'>loquere,</span> <span class='ocrx_word' id='word_1_103' title='bbox 954 889 1040 940; x_wconf 86' lang='lat' dir='ltr'>quis</span> <span class='ocrx_word' id='word_1_104' title='bbox 1072 889 1102 928; x_wconf 90' lang='lat' dir='ltr'>is</span> <span class='ocrx_word' id='word_1_105' title='bbox 1132 895 1201 928; x_wconf 91' lang='lat' dir='ltr'>est.</span> <span class='ocrx_word' id='word_1_106' title='bbox 1252 888 1389 928; x_wconf 73' lang='lat' dir='ltr'>MNEs.</span> <span class='ocrx_word' id='word_1_107' title='bbox 1435 887 1678 927; x_wconf 77' lang='lat' dir='ltr'>Benevolens</span> <span class='ocrx_word' id='word_1_108' title='bbox 1700 886 1786 925; x_wconf 78' lang='lat' dir='ltr'>vivit</span> <span class='ocrx_word' id='word_1_109' title='bbox 1808 885 1890 925; x_wconf 89' lang='lat' dir='ltr'>tibi.</span> 
     </span>
     <span class='ocr_line' id='line_1_13' title="bbox 226 955 1524 1007; baseline -0.002 -11"><span class='ocrx_word' id='word_1_110' title='bbox 226 970 316 997; x_wconf 91' lang='lat' dir='ltr'>nam</span> <span class='ocrx_word' id='word_1_111' title='bbox 348 957 387 996; x_wconf 91' lang='lat' dir='ltr'>ni</span> <span class='ocrx_word' id='word_1_112' title='bbox 421 957 471 995; x_wconf 87' lang='lat' dir='ltr'>ita</span> <span class='ocrx_word' id='word_1_113' title='bbox 502 963 616 1001; x_wconf 79' lang='lat' dir='ltr'>esset,</span> <span class='ocrx_word' id='word_1_114' title='bbox 647 962 776 995; x_wconf 85' lang='lat' dir='ltr'>tecum</span> <span class='ocrx_word' id='word_1_115' title='bbox 810 969 962 995; x_wconf 89' lang='lat' dir='ltr'>orarem</span> <span class='ocrx_word' id='word_1_116' title='bbox 994 962 1035 995; x_wconf 87' lang='lat' dir='ltr'>ut</span> <span class='ocrx_word' id='word_1_117' title='bbox 1067 957 1100 995; x_wconf 78' lang='lat' dir='ltr'>ei</span> <span class='ocrx_word' id='word_1_118' title='bbox 1133 955 1237 1007; x_wconf 90' lang='lat' dir='ltr'>quod</span> <span class='ocrx_word' id='word_1_119' title='bbox 1270 968 1404 1007; x_wconf 69' lang='lat' dir='ltr'>posses</span> <span class='ocrx_word' id='word_1_120' title='bbox 1435 955 1524 994; x_wconf 90' lang='lat' dir='ltr'>mali</span> 
     </span>
    </p>

    <p class='ocr_par' dir='ltr' id='par_1_10' title="bbox 223 1022 1959 1143">
     <span class='ocr_line' id='line_1_14' title="bbox 223 1022 1959 1074; baseline -0.003 -10"><span class='ocrx_word' id='word_1_121' title='bbox 223 1026 352 1064; x_wconf 80' lang='lat' dir='ltr'>facere</span> <span class='ocrx_word' id='word_1_122' title='bbox 382 1025 544 1063; x_wconf 82' lang='lat' dir='ltr'>faceres.</span> <span class='ocrx_word' id='word_1_123' title='bbox 602 1023 713 1064; x_wconf 79' lang='lat' dir='ltr'>PIST.</span> <span class='ocrx_word' id='word_1_124' title='bbox 764 1024 832 1063; x_wconf 85' lang='lat' dir='ltr'>Dic</span> <span class='ocrx_word' id='word_1_125' title='bbox 863 1025 979 1063; x_wconf 91' lang='lat' dir='ltr'>modo</span> <span class='ocrx_word' id='word_1_126' title='bbox 1011 1024 1210 1063; x_wconf 89' lang='lat' dir='ltr'>hominem</span> <span class='ocrx_word' id='word_1_127' title='bbox 1244 1024 1309 1074; x_wconf 87' lang='lat' dir='ltr'>qui</span> <span class='ocrx_word' id='word_1_128' title='bbox 1341 1023 1408 1062; x_wconf 89' lang='lat' dir='ltr'>sit:</span> <span class='ocrx_word' id='word_1_129' title='bbox 1442 1023 1474 1062; x_wconf 83' lang='lat' dir='ltr'>si</span> <span class='ocrx_word' id='word_1_130' title='bbox 1508 1035 1586 1061; x_wconf 87' lang='lat' dir='ltr'>non</span> <span class='ocrx_word' id='word_1_131' title='bbox 1620 1022 1749 1061; x_wconf 84' lang='lat' dir='ltr'>fecero</span> <span class='ocrx_word' id='word_1_132' title='bbox 1904 1025 1959 1059; x_wconf 88' lang='grc'>555</span> 
     </span>
     <span class='ocr_line' id='line_1_15' title="bbox 226 1091 1406 1143; baseline -0.002 -12"><span class='ocrx_word' id='word_1_133' title='bbox 226 1094 259 1131; x_wconf 91' lang='lat' dir='ltr'>ei</span> <span class='ocrx_word' id='word_1_134' title='bbox 291 1092 390 1131; x_wconf 87' lang='lat' dir='ltr'>male</span> <span class='ocrx_word' id='word_1_135' title='bbox 421 1092 551 1143; x_wconf 91' lang='lat' dir='ltr'>aliquo</span> <span class='ocrx_word' id='word_1_136' title='bbox 583 1098 710 1143; x_wconf 81' lang='lat' dir='ltr'>pacto,</span> <span class='ocrx_word' id='word_1_137' title='bbox 742 1103 804 1130; x_wconf 92' lang='lat' dir='ltr'>me</span> <span class='ocrx_word' id='word_1_138' title='bbox 837 1104 920 1131; x_wconf 88' lang='lat' dir='ltr'>esse</span> <span class='ocrx_word' id='word_1_139' title='bbox 952 1092 1069 1131; x_wconf 88' lang='lat' dir='ltr'>dicito</span> <span class='ocrx_word' id='word_1_140' title='bbox 1101 1091 1406 1143; x_wconf 84' lang='lat' dir='ltr'>ignavissimum.</span> 
     </span>
    </p>

    <p class='ocr_par' dir='ltr' id='par_1_11' title="bbox 224 1156 1894 1279">
     <span class='ocr_line' id='line_1_16' title="bbox 224 1156 1894 1210; baseline -0.002 -11"><span class='ocrx_word' id='word_1_141' title='bbox 224 1160 362 1200; x_wconf 72' lang='lat' dir='ltr'>Mmzs.</span> <span class='ocrx_word' id='word_1_142' title='bbox 403 1159 576 1210; x_wconf 89' lang='lat' dir='ltr'>Nequam</span> <span class='ocrx_word' id='word_1_143' title='bbox 600 1159 767 1207; x_wconf 77' lang='lat' dir='ltr'>homost,</span> <span class='ocrx_word' id='word_1_144' title='bbox 789 1171 922 1198; x_wconf 82' lang='lat' dir='ltr'>verum</span> <span class='ocrx_word' id='word_1_145' title='bbox 945 1159 1075 1198; x_wconf 89' lang='lat' dir='ltr'>hercle</span> <span class='ocrx_word' id='word_1_146' title='bbox 1099 1159 1246 1198; x_wconf 87' lang='lat' dir='ltr'>amicus</span> <span class='ocrx_word' id='word_1_147' title='bbox 1267 1165 1323 1198; x_wconf 88' lang='lat' dir='ltr'>est</span> <span class='ocrx_word' id='word_1_148' title='bbox 1344 1158 1427 1197; x_wconf 84' lang='lat' dir='ltr'>tibi.</span> <span class='ocrx_word' id='word_1_149' title='bbox 1475 1158 1585 1198; x_wconf 71' lang='lat' dir='ltr'>Pm.</span> <span class='ocrx_word' id='word_1_150' title='bbox 1625 1157 1750 1196; x_wconf 90' lang='lat' dir='ltr'>Tanto</span> <span class='ocrx_word' id='word_1_151' title='bbox 1773 1156 1894 1208; x_wconf 84' lang='lat' dir='ltr'>magis</span> 
     </span>
     <span class='ocr_line' id='line_1_17' title="bbox 226 1226 1527 1279; baseline -0.001 -14"><span class='ocrx_word' id='word_1_152' title='bbox 226 1229 286 1266; x_wconf 72' lang='lat' dir='ltr'>(lic</span> <span class='ocrx_word' id='word_1_153' title='bbox 318 1227 405 1278; x_wconf 87' lang='lat' dir='ltr'>quis</span> <span class='ocrx_word' id='word_1_154' title='bbox 436 1233 513 1274; x_wconf 86' lang='lat' dir='ltr'>est3</span> <span class='ocrx_word' id='word_1_155' title='bbox 545 1239 715 1278; x_wconf 91' lang='lat' dir='ltr'>nequam</span> <span class='ocrx_word' id='word_1_156' title='bbox 746 1227 918 1266; x_wconf 89' lang='lat' dir='ltr'>hominis</span> <span class='ocrx_word' id='word_1_157' title='bbox 949 1240 1021 1279; x_wconf 83' lang='lat' dir='ltr'>ego</span> <span class='ocrx_word' id='word_1_158' title='bbox 1055 1227 1159 1279; x_wconf 80' lang='lat' dir='ltr'>parvi</span> <span class='ocrx_word' id='word_1_159' title='bbox 1192 1227 1322 1278; x_wconf 86' lang='lat' dir='ltr'>pendo</span> <span class='ocrx_word' id='word_1_160' title='bbox 1353 1226 1527 1278; x_wconf 86' lang='lat' dir='ltr'>gratiam.</span> 
     </span>
    </p>

    <p class='ocr_par' dir='ltr' id='par_1_12' title="bbox 224 1294 1564 1347">
     <span class='ocr_line' id='line_1_18' title="bbox 224 1294 1564 1347; baseline -0.001 -13"><span class='ocrx_word' id='word_1_161' title='bbox 224 1294 362 1335; x_wconf 68' lang='lat' dir='ltr'>MNEs.</span> <span class='ocrx_word' id='word_1_162' title='bbox 413 1294 532 1334; x_wconf 87' lang='lat' dir='ltr'>Video</span> <span class='ocrx_word' id='word_1_163' title='bbox 565 1308 647 1334; x_wconf 90' lang='lat' dir='ltr'>non</span> <span class='ocrx_word' id='word_1_164' title='bbox 678 1301 834 1347; x_wconf 83' lang='lat' dir='ltr'>potesse</span> <span class='ocrx_word' id='word_1_165' title='bbox 868 1295 962 1347; x_wconf 90' lang='lat' dir='ltr'>quin</span> <span class='ocrx_word' id='word_1_166' title='bbox 994 1295 1064 1335; x_wconf 93' lang='lat' dir='ltr'>tibi</span> <span class='ocrx_word' id='word_1_167' title='bbox 1096 1296 1179 1335; x_wconf 87' lang='lat' dir='ltr'>eius</span> <span class='ocrx_word' id='word_1_168' title='bbox 1211 1307 1355 1334; x_wconf 88' lang='lat' dir='ltr'>nomen</span> <span class='ocrx_word' id='word_1_169' title='bbox 1389 1294 1564 1346; x_wconf 89' lang='lat' dir='ltr'>eloquar.</span> 
     </span>
    </p>

    <p class='ocr_par' dir='ltr' id='par_1_13' title="bbox 224 1362 1963 1549">
     <span class='ocr_line' id='line_1_19' title="bbox 224 1362 1963 1414; baseline -0.003 -12"><span class='ocrx_word' id='word_1_170' title='bbox 224 1362 450 1411; x_wconf 84' lang='lat' dir='ltr'>Pistoclere,</span> <span class='ocrx_word' id='word_1_171' title='bbox 482 1362 683 1414; x_wconf 86' lang='lat' dir='ltr'>perdidisti</span> <span class='ocrx_word' id='word_1_172' title='bbox 714 1375 776 1402; x_wconf 90' lang='lat' dir='ltr'>me</span> <span class='ocrx_word' id='word_1_173' title='bbox 808 1363 979 1403; x_wconf 87' lang='lat' dir='ltr'>sodalem</span> <span class='ocrx_word' id='word_1_174' title='bbox 1013 1363 1202 1402; x_wconf 82' lang='lat' dir='ltr'>funditus.</span> <span class='ocrx_word' id='word_1_175' title='bbox 1906 1364 1963 1397; x_wconf 85' lang='grc'>560</span> 
     </span>
     <span class='ocr_line' id='line_1_20' title="bbox 224 1427 1892 1482; baseline -0.002 -12"><span class='ocrx_word' id='word_1_176' title='bbox 224 1431 334 1471; x_wconf 74' lang='lat' dir='ltr'>PIST.</span> <span class='ocrx_word' id='word_1_177' title='bbox 352 1429 453 1476; x_wconf 87' lang='lat' dir='ltr'>Quid</span> <span class='ocrx_word' id='word_1_178' title='bbox 470 1430 571 1470; x_wconf 89' lang='lat' dir='ltr'>istuc</span> <span class='ocrx_word' id='word_1_179' title='bbox 588 1429 677 1470; x_wconf 83' lang='lat' dir='ltr'>est?</span> <span class='ocrx_word' id='word_1_180' title='bbox 704 1430 842 1472; x_wconf 64' lang='lat' dir='ltr'>Mms.</span> <span class='ocrx_word' id='word_1_181' title='bbox 861 1431 962 1477; x_wconf 89' lang='lat' dir='ltr'>Quid</span> <span class='ocrx_word' id='word_1_182' title='bbox 981 1430 1070 1471; x_wconf 77' lang='lat' dir='ltr'>est?</span> <span class='ocrx_word' id='word_1_183' title='bbox 1087 1431 1227 1471; x_wconf 90' lang='lat' dir='ltr'>misine</span> <span class='ocrx_word' id='word_1_184' title='bbox 1245 1443 1316 1482; x_wconf 82' lang='lat' dir='ltr'>ego</span> <span class='ocrx_word' id='word_1_185' title='bbox 1334 1431 1379 1470; x_wconf 90' lang='lat' dir='ltr'>ad</span> <span class='ocrx_word' id='word_1_186' title='bbox 1399 1437 1435 1470; x_wconf 87' lang='lat' dir='ltr'>te</span> <span class='ocrx_word' id='word_1_187' title='bbox 1453 1442 1498 1470; x_wconf 80' lang='lat' dir='ltr'>ex</span> <span class='ocrx_word' id='word_1_188' title='bbox 1515 1429 1671 1481; x_wconf 83' lang='lat' dir='ltr'>Epheso</span> <span class='ocrx_word' id='word_1_189' title='bbox 1690 1427 1892 1480; x_wconf 89' lang='lat' dir='ltr'>epistulam</span> 
     </span>
     <span class='ocr_line' id='line_1_21' title="bbox 225 1497 1746 1549; baseline -0.001 -12"><span class='ocrx_word' id='word_1_190' title='bbox 225 1510 344 1549; x_wconf 89' lang='lat' dir='ltr'>super</span> <span class='ocrx_word' id='word_1_191' title='bbox 375 1498 508 1545; x_wconf 87' lang='lat' dir='ltr'>amica,</span> <span class='ocrx_word' id='word_1_192' title='bbox 542 1504 585 1537; x_wconf 90' lang='lat' dir='ltr'>ut</span> <span class='ocrx_word' id='word_1_193' title='bbox 614 1499 667 1537; x_wconf 92' lang='lat' dir='ltr'>mi</span> <span class='ocrx_word' id='word_1_194' title='bbox 698 1497 926 1538; x_wconf 76' lang='lat' dir='ltr'>invenires?</span> <span class='ocrx_word' id='word_1_195' title='bbox 984 1499 1094 1539; x_wconf 72' lang='lat' dir='ltr'>P1szr.</span> <span class='ocrx_word' id='word_1_196' title='bbox 1146 1499 1286 1538; x_wconf 85' lang='lat' dir='ltr'>Fateor</span> <span class='ocrx_word' id='word_1_197' title='bbox 1316 1499 1475 1545; x_wconf 83' lang='lat' dir='ltr'>factum,</span> <span class='ocrx_word' id='word_1_198' title='bbox 1508 1504 1546 1536; x_wconf 86' lang='lat' dir='ltr'>et</span> <span class='ocrx_word' id='word_1_199' title='bbox 1577 1497 1746 1549; x_wconf 86' lang='lat' dir='ltr'>repperi.</span> 
     </span>
    </p>

    <p class='ocr_par' dir='ltr' id='par_1_14' title="bbox 225 1564 1962 1890">
     <span class='ocr_line' id='line_1_22' title="bbox 225 1564 1689 1617; baseline -0.001 -11"><span class='ocrx_word' id='word_1_200' title='bbox 225 1566 362 1606; x_wconf 70' lang='lat' dir='ltr'>MNEs.</span> <span class='ocrx_word' id='word_1_201' title='bbox 413 1564 545 1612; x_wconf 79' lang='lat' dir='ltr'>Quid?</span> <span class='ocrx_word' id='word_1_202' title='bbox 576 1565 647 1605; x_wconf 89' lang='lat' dir='ltr'>tibi</span> <span class='ocrx_word' id='word_1_203' title='bbox 678 1579 758 1606; x_wconf 86' lang='lat' dir='ltr'>non</span> <span class='ocrx_word' id='word_1_204' title='bbox 791 1573 873 1606; x_wconf 88' lang='lat' dir='ltr'>erat</span> <span class='ocrx_word' id='word_1_205' title='bbox 905 1567 1156 1606; x_wconf 87' lang='lat' dir='ltr'>meretricum</span> <span class='ocrx_word' id='word_1_206' title='bbox 1190 1567 1351 1607; x_wconf 86' lang='lat' dir='ltr'>aliarum</span> <span class='ocrx_word' id='word_1_207' title='bbox 1384 1565 1547 1606; x_wconf 86' lang='lat' dir='ltr'>Athenis</span> <span class='ocrx_word' id='word_1_208' title='bbox 1579 1565 1689 1617; x_wconf 91' lang='lat' dir='ltr'>copia</span> 
     </span>
     <span class='ocr_line' id='line_1_23' title="bbox 225 1632 1733 1686; baseline -0.001 -13"><span class='ocrx_word' id='word_1_209' title='bbox 225 1633 462 1685; x_wconf 92' lang='lat' dir='ltr'>quibuscum</span> <span class='ocrx_word' id='word_1_210' title='bbox 492 1633 656 1673; x_wconf 84' lang='lat' dir='ltr'>haberes</span> <span class='ocrx_word' id='word_1_211' title='bbox 687 1646 784 1681; x_wconf 85' lang='lat' dir='ltr'>rem,</span> <span class='ocrx_word' id='word_1_212' title='bbox 817 1634 890 1673; x_wconf 91' lang='lat' dir='ltr'>nisi</span> <span class='ocrx_word' id='word_1_213' title='bbox 923 1646 1012 1673; x_wconf 92' lang='lat' dir='ltr'>cum</span> <span class='ocrx_word' id='word_1_214' title='bbox 1043 1635 1105 1674; x_wconf 91' lang='lat' dir='ltr'>illa</span> <span class='ocrx_word' id='word_1_215' title='bbox 1137 1637 1252 1686; x_wconf 79' lang='lat' dir='ltr'>quam</span> <span class='ocrx_word' id='word_1_216' title='bbox 1285 1647 1356 1686; x_wconf 84' lang='lat' dir='ltr'>ego</span> <span class='ocrx_word' id='word_1_217' title='bbox 1388 1633 1632 1673; x_wconf 90' lang='lat' dir='ltr'>mandassem</span> <span class='ocrx_word' id='word_1_218' title='bbox 1664 1632 1733 1672; x_wconf 90' lang='lat' dir='ltr'>tibi</span> 
     </span>
     <span class='ocr_line' id='line_1_24' title="bbox 227 1701 1962 1753; baseline 0.001 -13"><span class='ocrx_word' id='word_1_219' title='bbox 227 1701 429 1753; x_wconf 89' lang='lat' dir='ltr'>occiperes</span> <span class='ocrx_word' id='word_1_220' title='bbox 459 1708 542 1741; x_wconf 89' lang='lat' dir='ltr'>tute</span> <span class='ocrx_word' id='word_1_221' title='bbox 574 1711 599 1743; x_wconf 82' lang='grc'>-1-</span> <span class='ocrx_word' id='word_1_222' title='bbox 633 1714 762 1741; x_wconf 91' lang='lat' dir='ltr'>amare</span> <span class='ocrx_word' id='word_1_223' title='bbox 795 1709 834 1742; x_wconf 90' lang='lat' dir='ltr'>et</span> <span class='ocrx_word' id='word_1_224' title='bbox 866 1703 917 1741; x_wconf 91' lang='lat' dir='ltr'>mi</span> <span class='ocrx_word' id='word_1_225' title='bbox 949 1703 1024 1742; x_wconf 90' lang='lat' dir='ltr'>ires</span> <span class='ocrx_word' id='word_1_226' title='bbox 1056 1703 1282 1742; x_wconf 86' lang='lat' dir='ltr'>consultum</span> <span class='ocrx_word' id='word_1_227' title='bbox 1313 1701 1441 1741; x_wconf 81' lang='lat' dir='ltr'>male?</span> <span class='ocrx_word' id='word_1_228' title='bbox 1906 1703 1962 1735; x_wconf 82' lang='lat'>565</span> 
     </span>
     <span class='ocr_line' id='line_1_25' title="bbox 225 1767 1894 1822; baseline -0.001 -14"><span class='ocrx_word' id='word_1_229' title='bbox 225 1769 335 1809; x_wconf 75' lang='lat' dir='ltr'>PIST.</span> <span class='ocrx_word' id='word_1_230' title='bbox 382 1769 515 1808; x_wconf 91' lang='lat' dir='ltr'>Sanun</span> <span class='ocrx_word' id='word_1_231' title='bbox 540 1767 608 1809; x_wconf 82' lang='lat' dir='ltr'>es?</span> <span class='ocrx_word' id='word_1_232' title='bbox 658 1769 796 1811; x_wconf 71' lang='lat' dir='ltr'>MNES.</span> <span class='ocrx_word' id='word_1_233' title='bbox 842 1770 938 1809; x_wconf 84' lang='lat' dir='ltr'>Rem</span> <span class='ocrx_word' id='word_1_234' title='bbox 961 1771 1120 1822; x_wconf 89' lang='lat' dir='ltr'>repperi</span> <span class='ocrx_word' id='word_1_235' title='bbox 1142 1782 1298 1809; x_wconf 91' lang='lat' dir='ltr'>omnem</span> <span class='ocrx_word' id='word_1_236' title='bbox 1323 1783 1369 1809; x_wconf 83' lang='lat' dir='ltr'>ex</span> <span class='ocrx_word' id='word_1_237' title='bbox 1391 1777 1458 1809; x_wconf 88' lang='lat' dir='ltr'>tuo</span> <span class='ocrx_word' id='word_1_238' title='bbox 1480 1769 1679 1821; x_wconf 85' lang='lat' dir='ltr'>magistro.</span> <span class='ocrx_word' id='word_1_239' title='bbox 1711 1780 1761 1808; x_wconf 91' lang='lat' dir='ltr'>ne</span> <span class='ocrx_word' id='word_1_240' title='bbox 1784 1779 1894 1820; x_wconf 86' lang='lat' dir='ltr'>nega.</span> 
     </span>
     <span class='ocr_line' id='line_1_26' title="bbox 225 1835 1712 1890; baseline 0.001 -15"><span class='ocrx_word' id='word_1_241' title='bbox 225 1836 429 1888; x_wconf 88' lang='lat' dir='ltr'>perdidisti</span> <span class='ocrx_word' id='word_1_242' title='bbox 459 1849 534 1875; x_wconf 91' lang='lat' dir='ltr'>me.</span> <span class='ocrx_word' id='word_1_243' title='bbox 593 1837 704 1878; x_wconf 72' lang='lat' dir='ltr'>P1srr.</span> <span class='ocrx_word' id='word_1_244' title='bbox 754 1837 934 1877; x_wconf 91' lang='lat' dir='ltr'>Etiamne</span> <span class='ocrx_word' id='word_1_245' title='bbox 967 1839 1068 1877; x_wconf 87' lang='lat' dir='ltr'>ultro</span> <span class='ocrx_word' id='word_1_246' title='bbox 1100 1839 1178 1878; x_wconf 88' lang='lat' dir='ltr'>tuis</span> <span class='ocrx_word' id='word_1_247' title='bbox 1209 1851 1270 1877; x_wconf 93' lang='lat' dir='ltr'>me</span> <span class='ocrx_word' id='word_1_248' title='bbox 1301 1838 1496 1890; x_wconf 89' lang='lat' dir='ltr'>prolectas</span> <span class='ocrx_word' id='word_1_249' title='bbox 1527 1835 1712 1890; x_wconf 85' lang='lat' dir='ltr'>probris?</span> 
     </span>
    </p>

    <p class='ocr_par' dir='ltr' id='par_1_15' title="bbox 224 1903 1896 2026">
     <span class='ocr_line' id='line_1_27' title="bbox 224 1903 1895 1958; baseline -0.001 -14"><span class='ocrx_word' id='word_1_250' title='bbox 224 1903 364 1945; x_wconf 57' lang='lat' dir='ltr'>Mims.</span> <span class='ocrx_word' id='word_1_251' title='bbox 396 1903 646 1950; x_wconf 80' lang='lat' dir='ltr'>Quid?amas</span> <span class='ocrx_word' id='word_1_252' title='bbox 663 1905 924 1946; x_wconf 82' lang='lat' dir='ltr'>Bacchidem?</span> <span class='ocrx_word' id='word_1_253' title='bbox 961 1907 1072 1947; x_wconf 75' lang='lat' dir='ltr'>PIST.</span> <span class='ocrx_word' id='word_1_254' title='bbox 1104 1907 1206 1947; x_wconf 88' lang='lat' dir='ltr'>Duas</span> <span class='ocrx_word' id='word_1_255' title='bbox 1223 1918 1316 1958; x_wconf 86' lang='lat' dir='ltr'>ergo</span> <span class='ocrx_word' id='word_1_256' title='bbox 1335 1906 1521 1946; x_wconf 89' lang='lat' dir='ltr'>hicintus</span> <span class='ocrx_word' id='word_1_257' title='bbox 1543 1917 1653 1945; x_wconf 90' lang='lat' dir='ltr'>eccas</span> <span class='ocrx_word' id='word_1_258' title='bbox 1669 1903 1895 1944; x_wconf 87' lang='lat' dir='ltr'>Bacchides.</span> 
     </span>
     <span class='ocr_line' id='line_1_28' title="bbox 224 1963 1896 2026; baseline 0 -15"><span class='ocrx_word' id='word_1_259' title='bbox 224 1971 281 2013; x_wconf 91' lang='lat' dir='ltr'>M.</span> <span class='ocrx_word' id='word_1_260' title='bbox 314 1970 445 2018; x_wconf 83' lang='lat' dir='ltr'>Quid?</span> <span class='ocrx_word' id='word_1_261' title='bbox 466 1971 589 2012; x_wconf 80' lang='lat' dir='ltr'>duas?</span> <span class='ocrx_word' id='word_1_262' title='bbox 619 1973 664 2014; x_wconf 91' lang='lat' dir='ltr'>P.</span> <span class='ocrx_word' id='word_1_263' title='bbox 695 1963 823 2025; x_wconf 67' lang='lat' dir='ltr'>Atque</span> <span class='ocrx_word' id='word_1_264' title='bbox 844 1973 977 2014; x_wconf 90' lang='lat' dir='ltr'>ambas</span> <span class='ocrx_word' id='word_1_265' title='bbox 993 1987 1162 2014; x_wconf 91' lang='lat' dir='ltr'>sorores.</span> <span class='ocrx_word' id='word_1_266' title='bbox 1193 1974 1250 2015; x_wconf 93' lang='lat' dir='ltr'>M.</span> <span class='ocrx_word' id='word_1_267' title='bbox 1283 1974 1474 2026; x_wconf 89' lang='lat' dir='ltr'>Loqueris</span> <span class='ocrx_word' id='word_1_268' title='bbox 1491 1986 1599 2013; x_wconf 87' lang='lat' dir='ltr'>nunc</span> <span class='ocrx_word' id='word_1_269' title='bbox 1616 1984 1738 2024; x_wconf 87' lang='lat' dir='ltr'>nugas</span> <span class='ocrx_word' id='word_1_270' title='bbox 1755 1972 1896 2012; x_wconf 84' lang='lat' dir='ltr'>sciens.</span> 
     </span>
    </p>
   </div>
   <div class='ocr_carea' id='block_1_3' title="bbox 540 2073 1672 2075">
    <p class='ocr_par' dir='ltr' id='par_1_16' title="bbox 540 2073 1672 2075">
     <span class='ocr_line' id='line_1_29' title="bbox 540 2073 1672 2075; baseline 0 0"><span class='ocrx_word' id='word_1_271' title='bbox 540 2073 1672 2075; x_wconf 95' lang='lat' dir='ltr'> </span> 
     </span>
    </p>
   </div>
   <div class='ocr_carea' id='block_1_4' title="bbox 995 2073 1672 2077">
    <p class='ocr_par' dir='ltr' id='par_1_17' title="bbox 995 2073 1672 2077">
     <span class='ocr_line' id='line_1_30' title="bbox 995 2073 1672 2077; baseline 0 0"><span class='ocrx_word' id='word_1_272' title='bbox 995 2073 1672 2077; x_wconf 95' lang='lat' dir='ltr'> </span> 
     </span>
    </p>
   </div>
   <div class='ocr_carea' id='block_1_5' title="bbox 223 2127 1900 2848">
    <p class='ocr_par' dir='ltr' id='par_1_18' title="bbox 223 2127 1900 2848">
     <span class='ocr_line' id='line_1_31' title="bbox 340 2127 1898 2173; baseline 0.001 -13"><span class='ocrx_word' id='word_1_273' title='bbox 340 2129 404 2161; x_wconf 85' lang='lat'>543</span> <span class='ocrx_word' id='word_1_274' title='bbox 430 2127 490 2172; x_wconf 84' lang='lat' dir='ltr'>qui</span> <span class='ocrx_word' id='word_1_275' title='bbox 513 2137 587 2163; x_wconf 89' lang='lat' dir='ltr'>non</span> <span class='ocrx_word' id='word_1_276' title='bbox 611 2127 785 2172; x_wconf 85' lang='lat' dir='ltr'>inuideat,</span> <span class='ocrx_word' id='word_1_277' title='bbox 811 2139 907 2163; x_wconf 83' lang='lat' dir='ltr'>corr.</span> <span class='ocrx_word' id='word_1_278' title='bbox 928 2129 1054 2165; x_wconf 82' lang='lat' dir='ltr'>Dousa</span> <span class='ocrx_word' id='word_1_279' title='bbox 1148 2132 1213 2164; x_wconf 78' lang='grc'><strong>544</strong></span> <span class='ocrx_word' id='word_1_280' title='bbox 1238 2129 1379 2165; x_wconf 83' lang='lat' dir='ltr'>sibimet</span> <span class='ocrx_word' id='word_1_281' title='bbox 1403 2139 1449 2164; x_wconf 88' lang='lat' dir='ltr'>ne</span> <span class='ocrx_word' id='word_1_282' title='bbox 1474 2127 1653 2169; x_wconf 77' lang='lat' dir='ltr'>Botleius;</span> <span class='ocrx_word' id='word_1_283' title='bbox 1667 2127 1760 2172; x_wconf 82' lang='lat' dir='ltr'>fort.</span> <span class='ocrx_word' id='word_1_284' title='bbox 1783 2127 1898 2173; x_wconf 82' lang='lat' dir='ltr'>(sua)</span> 
     </span>
     <span class='ocr_line' id='line_1_32' title="bbox 224 2182 1897 2228; baseline 0 -11"><span class='ocrx_word' id='word_1_285' title='bbox 224 2182 297 2228; x_wconf 92' lang='lat' dir='ltr'>ipsi</span> <span class='ocrx_word' id='word_1_286' title='bbox 431 2183 566 2228; x_wconf 87' lang='lat' dir='ltr'>ignaui,</span> <span class='ocrx_word' id='word_1_287' title='bbox 592 2195 685 2219; x_wconf 85' lang='lat' dir='ltr'>corr.</span> <span class='ocrx_word' id='word_1_288' title='bbox 711 2183 944 2220; x_wconf 76' lang='lat' dir='ltr'>Hermannus</span> <span class='ocrx_word' id='word_1_289' title='bbox 1082 2187 1148 2220; x_wconf 82' lang='grc'>546</span> <span class='ocrx_word' id='word_1_290' title='bbox 1177 2185 1390 2220; x_wconf 79' lang='lat' dir='ltr'>sententiam</span> <span class='ocrx_word' id='word_1_291' title='bbox 1415 2183 1586 2220; x_wconf 75' lang='lat' dir='ltr'>discinxit</span> <span class='ocrx_word' id='word_1_292' title='bbox 1618 2182 1802 2218; x_wconf 77' lang='lat' dir='ltr'>Vahlenus</span> <span class='ocrx_word' id='word_1_293' title='bbox 1824 2182 1897 2217; x_wconf 80' lang='lat' dir='ltr'>ind.</span> 
     </span>
     <span class='ocr_line' id='line_1_33' title="bbox 224 2238 1898 2287; baseline 0 -13"><span class='ocrx_word' id='word_1_294' title='bbox 224 2239 349 2274; x_wconf 82' lang='lat' dir='ltr'>Berol.</span> <span class='ocrx_word' id='word_1_295' title='bbox 373 2239 489 2281; x_wconf 86' lang='grc'><strong>1880,</strong></span> <span class='ocrx_word' id='word_1_296' title='bbox 516 2241 541 2275; x_wconf 88' lang='grc'><em>8</em></span> <span class='ocrx_word' id='word_1_297' title='bbox 649 2243 713 2275; x_wconf 78' lang='grc'>548</span> <span class='ocrx_word' id='word_1_298' title='bbox 739 2241 772 2276; x_wconf 91' lang='lat' dir='ltr'>ei</span> <span class='ocrx_word' id='word_1_299' title='bbox 797 2241 1006 2277; x_wconf 79' lang='lat' dir='ltr'>Bentleius:</span> <span class='ocrx_word' id='word_1_300' title='bbox 1029 2244 1138 2287; x_wconf 85' lang='lat' dir='ltr'>atque</span> <span class='ocrx_word' id='word_1_301' title='bbox 1162 2240 1188 2276; x_wconf 87' lang='lat' dir='ltr'>ii</span> <span class='ocrx_word' id='word_1_302' title='bbox 1213 2241 1264 2282; x_wconf 86' lang='lat' dir='ltr'>(hi</span> <span class='ocrx_word' id='word_1_303' title='bbox 1291 2239 1364 2283; x_wconf 90' lang='lat' dir='ltr'>CD)</span> <span class='ocrx_word' id='word_1_304' title='bbox 1479 2251 1562 2284; x_wconf 88' lang='lat' dir='ltr'>qum</span> <span class='ocrx_word' id='word_1_305' title='bbox 1587 2239 1624 2275; x_wconf 88' lang='lat' dir='ltr'>B</span> <span class='ocrx_word' id='word_1_306' title='bbox 1737 2238 1898 2275; x_wconf 81' lang='lat' dir='ltr'>frustan-</span> 
     </span>
     <span class='ocr_line' id='line_1_34' title="bbox 224 2291 1899 2342; baseline 0.002 -13"><span class='ocrx_word' id='word_1_307' title='bbox 224 2291 285 2330; x_wconf 80' lang='lat' dir='ltr'>tur</span> <span class='ocrx_word' id='word_1_308' title='bbox 308 2294 344 2329; x_wconf 89' lang='lat' dir='ltr'>B</span> <span class='ocrx_word' id='word_1_309' title='bbox 437 2299 502 2331; x_wconf 83' lang='lat'>549</span> <span class='ocrx_word' id='word_1_310' title='bbox 526 2306 640 2341; x_wconf 83' lang='lat' dir='ltr'>aeque</span> <span class='ocrx_word' id='word_1_311' title='bbox 663 2299 704 2333; x_wconf 81' lang='lat' dir='ltr'>ut</span> <span class='ocrx_word' id='word_1_312' title='bbox 727 2297 828 2342; x_wconf 85' lang='lat' dir='ltr'>ipsus</span> <span class='ocrx_word' id='word_1_313' title='bbox 854 2297 1111 2333; x_wconf 72' lang='lat' dir='ltr'>Fulzrmannus</span> <span class='ocrx_word' id='word_1_314' title='bbox 1135 2296 1354 2333; x_wconf 80' lang='lat' dir='ltr'>Fleckeisen.</span> <span class='ocrx_word' id='word_1_315' title='bbox 1384 2307 1470 2332; x_wconf 81' lang='lat' dir='ltr'>ann.</span> <span class='ocrx_word' id='word_1_316' title='bbox 1498 2297 1556 2339; x_wconf 88' lang='lat'>97,</span> <span class='ocrx_word' id='word_1_317' title='bbox 1583 2297 1660 2331; x_wconf 75' lang='lat'>847</span> <span class='ocrx_word' id='word_1_318' title='bbox 1748 2298 1813 2330; x_wconf 90' lang='lat'>550</span> <span class='ocrx_word' id='word_1_319' title='bbox 1837 2296 1899 2332; x_wconf 91' lang='lat' dir='ltr'>ille</span> 
     </span>
     <span class='ocr_line' id='line_1_35' title="bbox 224 2351 1898 2398; baseline 0.001 -12"><span class='ocrx_word' id='word_1_320' title='bbox 224 2351 282 2386; x_wconf 91' lang='lat' dir='ltr'>B:</span> <span class='ocrx_word' id='word_1_321' title='bbox 305 2351 384 2397; x_wconf 82' lang='lat' dir='ltr'>ipse</span> <span class='ocrx_word' id='word_1_322' title='bbox 412 2351 472 2388; x_wconf 79' lang='grc' dir='ltr'>ΟΒ</span> <span class='ocrx_word' id='word_1_323' title='bbox 565 2356 625 2388; x_wconf 88' lang='grc'>551</span> <span class='ocrx_word' id='word_1_324' title='bbox 654 2353 889 2390; x_wconf 83' lang='lat' dir='ltr'>inconciliare</span> <span class='ocrx_word' id='word_1_325' title='bbox 912 2355 1046 2396; x_wconf 86' lang='lat' dir='ltr'>(-illare</span> <span class='ocrx_word' id='word_1_326' title='bbox 1074 2354 1149 2396; x_wconf 75' lang='lat' dir='ltr'>B1),</span> <span class='ocrx_word' id='word_1_327' title='bbox 1180 2363 1272 2389; x_wconf 86' lang='lat' dir='ltr'>corr.</span> <span class='ocrx_word' id='word_1_328' title='bbox 1297 2351 1516 2389; x_wconf 68' lang='lat' dir='ltr'>Ritsclaeelius</span> <span class='ocrx_word' id='word_1_329' title='bbox 1621 2355 1686 2388; x_wconf 83' lang='lat'>552</span> <span class='ocrx_word' id='word_1_330' title='bbox 1711 2363 1775 2398; x_wconf 86' lang='lat' dir='ltr'>ego</span> <span class='ocrx_word' id='word_1_331' title='bbox 1802 2352 1843 2394; x_wconf 84' lang='lat' dir='ltr'>P,</span> <span class='ocrx_word' id='word_1_332' title='bbox 1866 2353 1898 2388; x_wconf 99' lang='lat' dir='ltr'><em>A</em></span> 
     </span>
     <span class='ocr_line' id='line_1_36' title="bbox 224 2407 1898 2456; baseline 0.002 -15"><span class='ocrx_word' id='word_1_333' title='bbox 224 2418 258 2441; x_wconf 74' lang='grc' dir='ltr'>η.</span> <span class='ocrx_word' id='word_1_334' title='bbox 277 2407 320 2442; x_wconf 81' lang='lat' dir='ltr'>l..·</span> <span class='ocrx_word' id='word_1_335' title='bbox 342 2407 424 2453; x_wconf 79' lang='lat' dir='ltr'>(et)</span> <span class='ocrx_word' id='word_1_336' title='bbox 448 2418 514 2453; x_wconf 88' lang='lat' dir='ltr'>ego</span> <span class='ocrx_word' id='word_1_337' title='bbox 539 2407 745 2455; x_wconf 74' lang='lat' dir='ltr'>Seyffertus</span> <span class='ocrx_word' id='word_1_338' title='bbox 773 2410 866 2445; x_wconf 76' lang='lat' dir='ltr'>stud.</span> <span class='ocrx_word' id='word_1_339' title='bbox 890 2410 947 2446; x_wconf 86' lang='lat' dir='ltr'>Pl.</span> <span class='ocrx_word' id='word_1_340' title='bbox 971 2412 1018 2446; x_wconf 76' lang='lat'>12</span> <span class='ocrx_word' id='word_1_341' title='bbox 1048 2411 1164 2454; x_wconf 78' lang='lat' dir='ltr'>(euius</span> <span class='ocrx_word' id='word_1_342' title='bbox 1195 2410 1389 2446; x_wconf 80' lang='lat' dir='ltr'>locutionis</span> <span class='ocrx_word' id='word_1_343' title='bbox 1421 2408 1590 2455; x_wconf 76' lang='lat' dir='ltr'>exempla</span> <span class='ocrx_word' id='word_1_344' title='bbox 1620 2414 1686 2445; x_wconf 80' lang='lat' dir='ltr'>aut</span> <span class='ocrx_word' id='word_1_345' title='bbox 1708 2411 1898 2456; x_wconf 75' lang='lat' dir='ltr'>repetitum</span> 
     </span>
     <span class='ocr_line' id='line_1_37' title="bbox 223 2464 1899 2512; baseline 0.001 -12"><span class='ocrx_word' id='word_1_346' title='bbox 223 2464 369 2500; x_wconf 82' lang='lat' dir='ltr'>verbum</span> <span class='ocrx_word' id='word_1_347' title='bbox 393 2464 526 2501; x_wconf 78' lang='lat' dir='ltr'>habent</span> <span class='ocrx_word' id='word_1_348' title='bbox 549 2471 614 2501; x_wconf 83' lang='lat' dir='ltr'>aut</span> <span class='ocrx_word' id='word_1_349' title='bbox 636 2466 921 2502; x_wconf 77' lang='lat' dir='ltr'>subaudiendum</span> <span class='ocrx_word' id='word_1_350' title='bbox 945 2467 1050 2508; x_wconf 78' lang='lat' dir='ltr'>idem)</span> <span class='ocrx_word' id='word_1_351' title='bbox 1164 2467 1258 2512; x_wconf 79' lang='lat' dir='ltr'>fort.</span> <span class='ocrx_word' id='word_1_352' title='bbox 1283 2466 1420 2503; x_wconf 85' lang='lat' dir='ltr'>arbitro</span> <span class='ocrx_word' id='word_1_353' title='bbox 1446 2467 1478 2500; x_wconf 87' lang='lat' dir='ltr'><em>A</em></span> <span class='ocrx_word' id='word_1_354' title='bbox 1571 2468 1634 2501; x_wconf 88' lang='grc'>553</span> <span class='ocrx_word' id='word_1_355' title='bbox 1660 2466 1822 2511; x_wconf 61' lang='lat' dir='ltr'>owsecrc</span> <span class='ocrx_word' id='word_1_356' title='bbox 1847 2468 1899 2510; x_wconf 74' lang='grc' dir='ltr'>Α,-</span> 
     </span>
     <span class='ocr_line' id='line_1_38' title="bbox 225 2520 1900 2570; baseline 0.001 -14"><span class='ocrx_word' id='word_1_357' title='bbox 225 2522 423 2566; x_wconf 84' lang='lat' dir='ltr'>obsequere</span> <span class='ocrx_word' id='word_1_358' title='bbox 439 2520 475 2556; x_wconf 88' lang='lat' dir='ltr'><em>P</em></span> <span class='ocrx_word' id='word_1_359' title='bbox 564 2522 759 2568; x_wconf 88' lang='lat' dir='ltr'>[lo]q[uere]</span> <span class='ocrx_word' id='word_1_360' title='bbox 778 2523 856 2568; x_wconf 83' lang='grc' dir='ltr'>ΑΡ,</span> <span class='ocrx_word' id='word_1_361' title='bbox 879 2524 1047 2570; x_wconf 88' lang='lat' dir='ltr'>eloquere</span> <span class='ocrx_word' id='word_1_362' title='bbox 1071 2522 1324 2559; x_wconf 74' lang='lat' dir='ltr'>Fleckeisenus</span> <span class='ocrx_word' id='word_1_363' title='bbox 1418 2524 1481 2557; x_wconf 83' lang='lat'>558</span> <span class='ocrx_word' id='word_1_364' title='bbox 1507 2533 1559 2565; x_wconf 68' lang='lat' dir='ltr'>·¹l1</span> <span class='ocrx_word' id='word_1_365' title='bbox 1584 2521 1762 2568; x_wconf 64' lang='lat' dir='ltr'>homimis</span> <span class='ocrx_word' id='word_1_366' title='bbox 1786 2525 1900 2569; x_wconf 79' lang='lat' dir='ltr'>(ego)</span> 
     </span>
     <span class='ocr_line' id='line_1_39' title="bbox 225 2570 1899 2626; baseline 0.001 -13"><span class='ocrx_word' id='word_1_367' title='bbox 225 2578 332 2613; x_wconf 80' lang='lat' dir='ltr'>etiam</span> <span class='ocrx_word' id='word_1_368' title='bbox 351 2579 403 2620; x_wconf 91' lang='lat' dir='ltr'>A,·</span> <span class='ocrx_word' id='word_1_369' title='bbox 431 2578 539 2625; x_wconf 87' lang='lat' dir='ltr'>(pol)</span> <span class='ocrx_word' id='word_1_370' title='bbox 569 2570 896 2624; x_wconf 75' lang='lat' dir='ltr'>ego&#39;Ritsclzelius,</span> <span class='ocrx_word' id='word_1_371' title='bbox 928 2581 1020 2625; x_wconf 86' lang='lat' dir='ltr'>sort.</span> <span class='ocrx_word' id='word_1_372' title='bbox 1046 2590 1110 2625; x_wconf 88' lang='lat' dir='ltr'>ego</span> <span class='ocrx_word' id='word_1_373' title='bbox 1138 2579 1293 2616; x_wconf 90' lang='lat' dir='ltr'>hominis</span> <span class='ocrx_word' id='word_1_374' title='bbox 1318 2589 1471 2624; x_wconf 85' lang='lat' dir='ltr'>nequam</span> <span class='ocrx_word' id='word_1_375' title='bbox 1610 2581 1674 2614; x_wconf 82' lang='lat'>559</span> <span class='ocrx_word' id='word_1_376' title='bbox 1699 2579 1782 2614; x_wconf 87' lang='lat' dir='ltr'>tibi:</span> <span class='ocrx_word' id='word_1_377' title='bbox 1806 2573 1899 2626; x_wconf 68' lang='lat' dir='ltr'>fert.</span> 
     </span>
     <span class='ocr_line' id='line_1_40' title="bbox 224 2633 1808 2682; baseline 0.001 -13"><span class='ocrx_word' id='word_1_378' title='bbox 224 2634 277 2669; x_wconf 89' lang='lat' dir='ltr'>ibi</span> <span class='ocrx_word' id='word_1_379' title='bbox 294 2634 324 2669; x_wconf 91' lang='lat' dir='ltr'><em>A</em></span> <span class='ocrx_word' id='word_1_380' title='bbox 440 2637 620 2670; x_wconf 83' lang='lat'>561-662</span> <span class='ocrx_word' id='word_1_381' title='bbox 637 2635 762 2671; x_wconf 80' lang='lat' dir='ltr'>deest</span> <span class='ocrx_word' id='word_1_382' title='bbox 784 2637 815 2671; x_wconf 91' lang='lat' dir='ltr'><em>A</em></span> <span class='ocrx_word' id='word_1_383' title='bbox 928 2639 988 2672; x_wconf 87' lang='lat'>561</span> <span class='ocrx_word' id='word_1_384' title='bbox 1017 2637 1103 2682; x_wconf 85' lang='lat' dir='ltr'>quid</span> <span class='ocrx_word' id='word_1_385' title='bbox 1127 2636 1196 2672; x_wconf 81' lang='lat' dir='ltr'>sit?</span> <span class='ocrx_word' id='word_1_386' title='bbox 1223 2634 1420 2676; x_wconf 74' lang='lat' dir='ltr'>Beckerus,</span> <span class='ocrx_word' id='word_1_387' title='bbox 1445 2635 1497 2680; x_wconf 83' lang='lat' dir='ltr'>ef.</span> <span class='ocrx_word' id='word_1_388' title='bbox 1523 2633 1572 2669; x_wconf 84' lang='lat' dir='ltr'>ad</span> <span class='ocrx_word' id='word_1_389' title='bbox 1594 2634 1706 2671; x_wconf 84' lang='lat' dir='ltr'>Poen.</span> <span class='ocrx_word' id='word_1_390' title='bbox 1734 2636 1808 2671; x_wconf 85' lang='lat'>353</span> 
     </span>
     <span class='ocr_line' id='line_1_41' title="bbox 226 2691 1807 2738; baseline 0.003 -14"><span class='ocrx_word' id='word_1_391' title='bbox 226 2692 290 2725; x_wconf 89' lang='grc'>563</span> <span class='ocrx_word' id='word_1_392' title='bbox 317 2691 402 2736; x_wconf 89' lang='lat' dir='ltr'>quid</span> <span class='ocrx_word' id='word_1_393' title='bbox 420 2691 611 2738; x_wconf 61' lang='lat' dir='ltr'>Angelius:</span> <span class='ocrx_word' id='word_1_394' title='bbox 634 2692 696 2738; x_wconf 86' lang='lat' dir='ltr'>qui</span> <span class='ocrx_word' id='word_1_395' title='bbox 788 2695 852 2728; x_wconf 89' lang='lat'>565</span> <span class='ocrx_word' id='word_1_396' title='bbox 877 2695 954 2729; x_wconf 84' lang='lat' dir='ltr'>tute</span> <span class='ocrx_word' id='word_1_397' title='bbox 978 2694 994 2738; x_wconf 88' lang='grc'>&lt;</span> <span class='ocrx_word' id='word_1_398' title='bbox 1002 2692 1134 2733; x_wconf 84' lang='lat' dir='ltr'>etiam&gt;</span> <span class='ocrx_word' id='word_1_399' title='bbox 1150 2691 1354 2738; x_wconf 78' lang='lat' dir='ltr'>Seyffertus</span> <span class='ocrx_word' id='word_1_400' title='bbox 1363 2704 1377 2733; x_wconf 91' lang='lat'><em>;</em></span> <span class='ocrx_word' id='word_1_401' title='bbox 1397 2692 1490 2737; x_wconf 85' lang='lat' dir='ltr'>fort.</span> <span class='ocrx_word' id='word_1_402' title='bbox 1508 2694 1548 2727; x_wconf 83' lang='lat' dir='ltr'>tu</span> <span class='ocrx_word' id='word_1_403' title='bbox 1572 2702 1646 2727; x_wconf 91' lang='lat' dir='ltr'>rem</span> <span class='ocrx_word' id='word_1_404' title='bbox 1671 2692 1807 2729; x_wconf 81' lang='lat' dir='ltr'>habere</span> 
     </span>
     <span class='ocr_line' id='line_1_42' title="bbox 224 2747 1808 2794; baseline 0.003 -13"><span class='ocrx_word' id='word_1_405' title='bbox 224 2757 292 2791; x_wconf 89' lang='lat' dir='ltr'>me,</span> <span class='ocrx_word' id='word_1_406' title='bbox 318 2757 410 2782; x_wconf 83' lang='lat' dir='ltr'>corr.</span> <span class='ocrx_word' id='word_1_407' title='bbox 434 2747 653 2784; x_wconf 70' lang='lat' dir='ltr'>Re&#39;tsohele&#39;us</span> <span class='ocrx_word' id='word_1_408' title='bbox 745 2751 811 2784; x_wconf 88' lang='grc'>566</span> <span class='ocrx_word' id='word_1_409' title='bbox 836 2759 952 2785; x_wconf 80' lang='lat' dir='ltr'>sanun</span> <span class='ocrx_word' id='word_1_410' title='bbox 978 2749 1074 2785; x_wconf 79' lang='lat' dir='ltr'><em>BC²2</em></span> <span class='ocrx_word' id='word_1_411' title='bbox 1106 2758 1233 2784; x_wconf 84' lang='lat' dir='ltr'>sanum</span> <span class='ocrx_word' id='word_1_412' title='bbox 1257 2747 1302 2790; x_wconf 82' lang='grc' dir='ltr'>Ι),</span> <span class='ocrx_word' id='word_1_413' title='bbox 1329 2753 1446 2784; x_wconf 72' lang='lat' dir='ltr'>sanun</span> <span class='ocrx_word' id='word_1_414' title='bbox 1473 2747 1513 2783; x_wconf 89' lang='lat' dir='ltr'>C¹</span> <span class='ocrx_word' id='word_1_415' title='bbox 1628 2748 1747 2794; x_wconf 86' lang='lat' dir='ltr'>reperi</span> <span class='ocrx_word' id='word_1_416' title='bbox 1772 2749 1808 2785; x_wconf 91' lang='lat' dir='ltr'>B</span> 
     </span>
     <span class='ocr_line' id='line_1_43' title="bbox 227 2802 1806 2848; baseline 0.003 -12"><span class='ocrx_word' id='word_1_417' title='bbox 227 2804 290 2836; x_wconf 84' lang='lat'>567</span> <span class='ocrx_word' id='word_1_418' title='bbox 307 2802 489 2848; x_wconf 85' lang='lat' dir='ltr'>proiectas</span> <span class='ocrx_word' id='word_1_419' title='bbox 508 2804 585 2840; x_wconf 87' lang='lat' dir='ltr'>CD¹</span> <span class='ocrx_word' id='word_1_420' title='bbox 679 2807 742 2840; x_wconf 87' lang='lat'>568</span> <span class='ocrx_word' id='word_1_421' title='bbox 757 2805 977 2841; x_wconf 84' lang='lat' dir='ltr'>Bacchidem</span> <span class='ocrx_word' id='word_1_422' title='bbox 992 2805 1047 2840; x_wconf 91' lang='lat' dir='ltr'>P1.</span> <span class='ocrx_word' id='word_1_423' title='bbox 1065 2805 1156 2840; x_wconf 90' lang='lat' dir='ltr'>duas</span> <span class='ocrx_word' id='word_1_424' title='bbox 1173 2803 1416 2840; x_wconf 79' lang='lat' dir='ltr'>Camerarius:</span> <span class='ocrx_word' id='word_1_425' title='bbox 1433 2803 1488 2839; x_wconf 92' lang='lat' dir='ltr'>P1.</span> <span class='ocrx_word' id='word_1_426' title='bbox 1509 2803 1698 2840; x_wconf 83' lang='lat' dir='ltr'>bachidem</span> <span class='ocrx_word' id='word_1_427' title='bbox 1715 2805 1806 2841; x_wconf 80' lang='lat' dir='ltr'>duas</span> 
     </span>
    </p>
   </div>
   <div class='ocr_carea' id='block_1_6' title="bbox 227 2859 731 2908">
    <p class='ocr_par' dir='ltr' id='par_1_19' title="bbox 227 2859 731 2908">
     <span class='ocr_line' id='line_1_44' title="bbox 227 2859 731 2908; baseline 0.01 -16"><span class='ocrx_word' id='word_1_428' title='bbox 227 2860 291 2893; x_wconf 84' lang='grc'>569</span> <span class='ocrx_word' id='word_1_429' title='bbox 317 2859 424 2904; x_wconf 86' lang='lat' dir='ltr'>duae,</span> <span class='ocrx_word' id='word_1_430' title='bbox 448 2869 543 2895; x_wconf 81' lang='lat' dir='ltr'>corr.</span> <span class='ocrx_word' id='word_1_431' title='bbox 570 2860 731 2908; x_wconf 64' lang='lat' dir='ltr'>Pylades</span> 
     </span>
    </p>
   </div>
  </div>
 </body>
</html>
