2018 3183
211 124 265 162 88
944 121 1124 157 PLAVTI
1646 122 1675 149 v
1687 123 1713 155 2.
1731 121 1840 155 82—gr.
1853 122 1870 149 c

211 239 397 279 istoscine
428 244 578 290 patrem
608 249 772 288 aequom
805 243 863 275 est
894 248 1022 275 mores
1053 235 1186 275 liberis
1216 234 1422 286 largirier?

211 306 319 346 nilne
349 311 388 344 te
419 303 567 356 pudet?
625 304 741 344 Dm.
792 303 876 350 Pol,
907 304 939 343 si
969 303 1070 342 aliud
1104 303 1158 342 nil
1188 303 1249 350 sit,
1280 303 1336 342 tui
1367 315 1442 350 me,
1473 315 1584 350 uxor,
1614 302 1747 354 pudet.

207 374 316 412 ΛΒΤ.
367 371 472 411 Cano
503 371 627 423 capite
658 377 696 409 te
726 370 909 410 cuculum
941 382 1040 409 uxor
1070 383 1116 410 ex
1146 371 1278 410 lustris
1307 370 1420 422 rapit.

207 441 323 479 Dm.
373 439 459 478 Non
492 439 582 477 licet
611 450 770 477 manere
800 440 912 487 (cena
944 438 1141 489 coquitur)
1172 439 1264 477 dum
1295 450 1431 477 cenem
1463 435 1610 476 modo?
1879 446 1936 479 935

206 507 313 546 Am.
365 506 526 545 Ecastor
557 505 716 544 cenabis
747 505 875 553 hodie,
907 512 950 544 ut
979 506 1121 557 dignus
1152 519 1204 553 es,
1236 518 1419 557 magnum
1453 505 1609 544 malum.

205 574 322 614 Dm.
373 573 470 612 Male
501 571 725 611 cubandum
758 579 836 612 est:
868 573 1078 612 iudicatum
1110 585 1172 612 me
1204 585 1301 612 uxor
1331 572 1489 611 abducit
1518 571 1690 611 domum.

205 642 317 681 ABG.
369 639 564 687 Dicebam,
596 646 719 691 pater,
751 640 834 688 tibi,
867 653 916 680 ne
947 641 1058 680 matri
1092 640 1319 680 consuleres
1349 640 1460 679 male.

205 708 328 749 PfflL.
376 708 432 747 De
461 707 562 760 palla
593 714 813 755 memento,
844 707 995 747 amabo.
1054 709 1170 748 Dm.
1220 708 1343 747 luben
1374 708 1477 746 lianc
1506 707 1599 746 hinc
1629 703 1867 746 abscedere?

204 775 311 815 ART.
335 775 537 814 Idomum.
568 774 691 815 PHIL.
713 775 768 814 Da
784 776 931 815 savium
949 776 1062 815 etiam
1080 777 1190 827 prius
1205 788 1322 827 quam
1338 775 1432 815 abis.
1468 775 1584 815 DEM.
1607 774 1676 813 lin
1696 783 1936 817 crucem.940

203 842 326 882 PmL.
358 842 480 881 Immo
498 842 603 881 intro
620 842 763 894 potius.
795 855 960 894 sequere
977 844 1047 882 hac
1063 856 1137 890 me,
1156 843 1366 882 mianime.
1388 842 1866 894 ARG.Egoverosequor.

957 965 1118 1006 GREX

203 1043 278 1082 Hic
307 1055 427 1082 senex
457 1043 488 1083 si
521 1043 612 1094 quid
644 1043 740 1083 clam
773 1055 935 1083 uxorem
965 1057 1036 1084 suo
1067 1045 1198 1084 animo
1230 1045 1322 1084 fecit
1351 1045 1481 1097 volup,

206 1122 336 1162 neque
367 1122 507 1149 novom
541 1123 670 1161 neque
701 1111 843 1150 mirum
875 1112 967 1151 fecit
996 1124 1070 1151 nec
1099 1124 1214 1151 secus
1245 1124 1360 1162 quam
1392 1112 1453 1151 alii
1484 1112 1631 1159 solent;

203 1189 278 1216 nec
309 1177 514 1228 quisquam
548 1185 606 1217 est
636 1184 713 1217 tam
745 1178 906 1229 ingenio
937 1179 1035 1218 duro
1069 1191 1142 1218 nec
1172 1186 1248 1218 tam
1280 1181 1392 1218 firmo
1423 1185 1595 1231 pectore,

201 1244 296 1296 quin
328 1244 394 1283 uhi
426 1244 596 1296 quicque
628 1246 845 1285 occasionis
876 1246 925 1286 sit
954 1246 1028 1286 sibi
1060 1246 1175 1286 saciat
1204 1246 1318 1286 bene.
1877 1257 1935 1290 945

202 1324 311 1351 nunc
343 1311 375 1350 si
405 1312 517 1352 voltis
548 1313 751 1365 deprecari
781 1313 872 1352 huic
903 1314 986 1353 seni
1020 1326 1069 1353 ne
1101 1314 1266 1365 vapulet,

201 1390 335 1418 remur
364 1379 564 1431 impetrari
595 1392 722 1431 posse,
753 1380 934 1432 plausum
966 1381 997 1421 si
1028 1381 1174 1421 clarum
1207 1381 1317 1421 datis.

315 1502 379 1535 932
415 1511 532 1536 mores
569 1504 642 1545 est,
678 1513 773 1537 corr.
806 1501 966 1548 Pylades
1103 1506 1168 1538 936
1200 1504 1345 1548 dignum
1375 1507 1446 1548 est,
1477 1514 1570 1538 corr.
1598 1503 1774 1538 Gruterus

199 1559 276 1592 935.
303 1559 368 1592 936
393 1556 477 1592 boni
501 1569 625 1593 versus
647 1558 740 1593 male
763 1559 891 1594 inserti
914 1560 958 1595 ab
984 1560 1247 1607 interpolatore
1362 1563 1425 1596 937
1451 1561 1601 1596 adducit
1625 1559 1739 1602 codd„
1764 1560 1864 1596 ducit

197 1611 342 1647 Nonius
364 1614 451 1655 128,
475 1624 570 1649 corr.
594 1614 722 1650 Dousa
859 1619 936 1651 940.
962 1619 1024 1651 941
1052 1617 1194 1653 inverso
1219 1617 1366 1659 ordine,
1398 1627 1494 1652 corr.
1519 1616 1774 1652 FleckeiSeuus

198 1672 262 1704 940
288 1670 301 1704 i
326 1670 468 1705 domum
494 1681 562 1705 om.
581 1671 631 1706 B¹
724 1671 816 1707 abiis
845 1672 924 1713 BD,
949 1673 1055 1708 abitis
1080 1673 1236 1709 Botlzius
1373 1677 1433 1709 941
1462 1674 1577 1717 intus,
1610 1684 1704 1708 corr.
1736 1672 1863 1708 Fleck-

197 1725 338 1760 eiscnus
366 1726 500 1771 (potius
529 1727 639 1769 intro)
776 1730 870 1764 Ano.
903 1729 1077 1764 Botleius:
1102 1730 1200 1764 DEM.
1294 1732 1358 1764 942
1384 1741 1496 1766 uxore
1513 1729 1564 1764 13²
1588 1732 1696 1771 (recte
1720 1729 1864 1765 Nonius

195 1782 281 1823 187)
396 1792 498 1818 suam
515 1782 576 1825 E¹,
601 1783 744 1819 Nonius
869 1785 980 1830 uolup
1007 1785 1150 1820 Nonius
1174 1791 1344 1821 testatur.-
1369 1786 1569 1832 uoluptatis
1683 1790 1747 1821 945
1773 1797 1861 1831 qua-

196 1847 265 1880 que
289 1836 325 1871 B
416 1840 481 1872 947
507 1839 674 1884 plausum
699 1840 730 1875 si
755 1839 960 1875 Bentletus:
986 1841 1016 1875 si
1040 1841 1206 1885 plausum
1230 1842 1282 1878 sic
1307 1843 1351 1881 (si
1370 1843 1432 1883 ΒΞ)
1523 1842 1667 1877 PLAv'm
1690 1852 1863 1878 ASINARIA

194 1902 367 1929 EXPLICIT
385 1893 459 1928 BE
