2018 3183
247 90 328 129 352
976 86 1160 122 PLAVTI
1735 86 1765 114 11
1782 87 1800 114 2
1821 86 1909 115 e-—ao

245 206 355 256 (ΑΡ.)
404 206 594 245 continuo
625 210 668 242 ut
699 203 861 241 maritus
891 202 968 241 fiat.
1028 201 1132 241 PER.
1182 200 1314 239 Laudo
1347 199 1552 239 consilium
1582 206 1704 240 tuom.
1841 206 1977 240 ι89.190

248 286 336 313 nam
369 277 440 326 ego
472 273 579 312 illum
620 271 745 310 audivi
787 270 826 309 in
858 281 1030 308 amorem
1061 269 1224 308 haerere
1255 267 1355 320 apud
1389 268 1521 307 nescio
1552 280 1668 319 quam
1699 268 1908 312 fidicinam,

246 342 284 380 id
316 353 386 393 ego
420 339 635 380 excrucior.
694 338 770 378 ΕΡ.
819 337 865 377 Di
895 337 1025 376 hercle
1056 336 1185 376 omnis
1214 348 1275 375 me
1305 336 1487 375 adiuvant
1517 341 1663 387 augent
1692 341 1841 375 amant:

246 409 320 461 ipsi
350 409 388 447 hi
420 407 578 459 quidem
608 406 702 445 mihi
733 406 828 444 dant
857 405 968 452 viam,
1001 416 1077 456 quo
1109 410 1223 455 pacto
1253 403 1302 442 ab
1333 415 1374 443 se
1405 410 1608 453 argentum
1640 403 1824 443 auferam.

248 489 318 528 age
351 475 534 515 nunciam
567 486 664 513 orna
695 480 744 521 te,
777 472 950 525 Epidice,
983 481 1020 511 et
1049 472 1247 524 palliolum
1279 472 1319 510 in
1352 471 1496 510 collum
1527 471 1664 510 conice
2015 519 2018 523 ι

249 545 377 595 itaque
408 543 640 583 adsimulato
672 542 781 594 quasi
812 554 883 593 per
914 541 1052 581 urbem
1085 546 1206 579 totam
1236 540 1434 579 hominem
1458 539 1704 591 quaesiveris.
1924 527 2018 598 195}

2001 603 2018 625 Ρ

246 682 330 731 age,
361 678 393 718 si
424 678 517 730 quid
547 677 642 729 agis.
758 677 796 715 di
826 675 1076 724 immortales,
1108 675 1255 714 utinam
1289 674 1517 714 conveniam
1550 674 1653 713 domi
2003 630 2018 688 ξ

247 747 521 799 Periphanem,
551 758 622 798 per
642 756 801 784 omnem
832 744 969 784 urbem
1002 756 1119 796 quem
1149 755 1234 783 sum
1267 743 1442 782 defessus
1473 754 1683 794 quaerere:
2007 735 2018 754 ³

247 827 318 867 per
347 815 573 862 medicinas,
604 826 676 866 per
706 814 936 861 tonstrinas,
967 813 1006 852 in
1039 812 1240 864 gymnasio
1271 818 1388 862 atque
1420 811 1458 850 in
1492 811 1589 855 foro,

247 896 318 936 per
347 883 563 936 myropolia
594 888 631 922 et
663 882 836 921 lanienas
867 882 1094 932 circumque
1125 880 1377 932 argentarias.

248 952 455 1003 rogitando
487 963 572 991 sum
604 962 746 989 raucus
778 950 914 996 sactus,
946 961 1072 1000 paene
1103 949 1141 987 in
1175 960 1290 987 cursu
1325 946 1491 986 concidi.
1927 951 1983 984 200

248 1020 352 1059 PER.
402 1019 577 1072 Epidice.
638 1018 713 1059 ΕΡ.
764 1017 970 1069 Epidicum
1001 1016 1089 1068 quis
1120 1022 1179 1055 est
1200 1015 1266 1067 qui
1298 1013 1480 1054 revocat?
1553 1014 1654 1054 PER.
1700 1013 1781 1065 Ego
1812 1024 1911 1059 sum,

1390 1083 1640 1134 Periphanes.

245 1155 323 1195 ΑΡ.
374 1155 424 1194 Et
454 1167 527 1206 ego
559 1153 775 1206 Apoecides
805 1165 904 1192 sum.
964 1152 1042 1193 ΕΡ.
1092 1151 1140 1190 Et
1169 1163 1241 1203 ego
1274 1150 1430 1202 quidem
1462 1163 1547 1191 sum
1577 1149 1774 1202 Epidicus.
1834 1149 1915 1196 sed,

1376 1230 1453 1266 ere,
1485 1224 1644 1270 optuma

247 1303 315 1330 vos
345 1290 453 1330 video
487 1288 782 1342 opportunitate
813 1287 927 1327 ambo
959 1287 1154 1326 advenire.
1214 1287 1318 1328 PER.
1370 1286 1471 1333 Quid
1502 1287 1558 1326 rei
1589 1284 1676 1326 est?

248 1359 323 1400 ΕΡ.
346 1359 459 1398 Mane
474 1355 729 1412 <duni>,sine
745 1356 936 1408 respirem
953 1368 1111 1407 quaeso,
1143 1355 1245 1396 PER.
1271 1355 1393 1394 Immo
1410 1355 1630 1407 adquiesce.
1671 1354 1746 1395 ΕΡ.
1777 1353 1917 1393 Animo

1497 1423 1647 1463 malest.

247 1495 298 1536 A.
344 1494 491 1547 Recipe
507 1494 737 1533 anhelitum.
788 1493 834 1534 P.
879 1492 1112 1540 Clementer,
1134 1492 1352 1544 requiesce.
1411 1492 1459 1533 E.
1504 1492 1690 1531 Animum
1712 1490 1984 1530 advortite.205

249 1577 269 1603 a
299 1563 455 1615 legione
487 1575 625 1602 omnes
655 1562 806 1601 remissi
837 1567 932 1601 sunt
961 1561 1122 1600 domum
1153 1560 1310 1600 Thebis.
1369 1559 1448 1601 Ar.
1498 1558 1619 1615 (Quis
1649 1556 1749 1613 hoc>

249 1632 342 1671 dicit
357 1629 534 1671 factum?
593 1630 641 1671 E.
681 1629 765 1680 Ego
791 1630 840 1669 ita
859 1630 1002 1669 sactum
1018 1642 1102 1669 esse
1119 1629 1219 1668 dico.
1279 1629 1325 1669 P.
1367 1628 1459 1668 Scin
1477 1634 1519 1667 tu
1537 1625 1665 1668 istuc?
1723 1626 1772 1668 E.
1813 1625 1916 1670 Scio,

248 1700 352 1741 PER.
392 1699 468 1745 Qui
497 1705 541 1738 tu
565 1697 669 1738 scis?
728 1698 804 1738 ΕΡ.
844 1696 942 1743 Quia
964 1710 1035 1749 ego
1058 1697 1114 1736 ire
1136 1697 1212 1736 vidi
1235 1696 1376 1736 milites
1398 1696 1525 1748 plenis
1545 1696 1636 1743 viis;

250 1781 355 1808 arma
385 1769 565 1807 referunt
595 1772 634 1805 et
663 1766 836 1805 iumenta
867 1766 1030 1804 ducunt.
1089 1765 1193 1804 PER.
1241 1764 1364 1804 Nimis
1394 1764 1540 1803 factum
1572 1763 1686 1804 bene.

248 1837 324 1876 ΕΡ.
373 1835 473 1875 Tum
507 1835 747 1886 captivorum
779 1833 871 1885 quid
902 1833 1052 1873 ducunt
1082 1833 1236 1872 secum!
1270 1844 1428 1884 pueros,
1458 1832 1643 1884 virgines,
1929 1834 1987 1868 210

251 1905 377 1952 binos,
407 1910 557 1951 ternos,
589 1903 686 1942 alius
718 1902 892 1953 quinque
904 1913 913 1950 ;
947 1903 988 1941 tit
1019 1913 1238 1941 concursus
1269 1914 1341 1953 per
1371 1900 1461 1948 vias,

251 1973 350 2012 tilios
380 1985 473 2012 suos
505 1972 671 2023 quisque
702 1971 845 2010 visunt.
904 1970 1007 2011 PER.
1061 1970 1202 2010 Hercle
1234 1982 1315 2008 rem
1349 1976 1496 2021 gestam
1529 1968 1641 2008 hene.

249 2041 325 2081 ΕΡ.
376 2040 475 2080 Tum
507 2040 757 2079 meretricum
792 2051 980 2078 numerus
1012 2044 1156 2085 tantus,
1188 2043 1380 2090 quantum
1410 2037 1449 2077 in
1481 2037 1581 2076 urbe
1612 2037 1719 2076 omni
1749 2036 1834 2083 fuit,

251 2108 402 2147 obviam
435 2113 596 2147 ornatae
628 2106 892 2147 occurrebant
921 2107 1002 2146 suis
1034 2118 1213 2158 quaeque
1244 2105 1497 2153 amatoribus,

366 2244 425 2277 191
455 2252 613 2277 amorem
631 2241 702 2276 B2:
725 2250 859 2276 morem
884 2238 1032 2281 B²VE;
1056 2249 1178 2275 amore
1197 2238 1448 2280 Camerartuae
1471 2238 1522 2284 of.
1542 2238 1618 2274 Cas.
1636 2237 1728 2279 242,
1753 2235 1820 2282 leq.
1838 2246 1918 2282 αρν.

249 2297 356 2341 (CIL.
379 2299 410 2341 1,
427 2299 523 2341 200)
551 2299 597 2334 75
618 2301 652 2332 et
676 2296 790 2333 Poen.
806 2297 926 2338 1278,
954 2296 1101 2333 Catonis
1125 2307 1156 2330 r.
1181 2307 1212 2331 r.
1230 2307 1272 2342 p.
1301 2297 1362 2337 52,
1379 2296 1435 2330 20
1459 2293 1505 2329 K.
1531 2294 1604 2336 al.,·
1634 2293 1736 2328 Pers.
1757 2293 1832 2328 535

252 2357 315 2391 192
341 2365 496 2391 excruor
586 2364 644 2389 me
666 2354 788 2389 hercle
813 2354 927 2388 omnis
944 2352 1140 2399 Lanqemcs
1235 2355 1298 2388 194
1322 2351 1474 2397 epydice
1491 2350 1527 2386 B
1617 2350 1768 2395 pallium
1787 2348 1922 2385 Gellius

250 2412 286 2454 4,
303 2413 359 2454 17,
376 2412 401 2446 4
426 2412 506 2458 (qui
528 2414 682 2448 testatur
706 2410 830 2446 conice
845 2410 1079 2456 scripturam)
1174 2411 1237 2444 196
1255 2408 1444 2444 coueniam
1461 2406 1496 2442 B
1590 2409 1653 2443 198
1677 2417 1744 2452 per
1765 2405 1920 2441 alterum

251 2479 318 2504 om.
343 2467 415 2504 VE
504 2470 567 2504 201
594 2467 634 2503 Ρ.
658 2466 865 2503 Acidalius:
887 2467 931 2501 A.
1026 2465 1222 2511 epidictum
1246 2464 1337 2500 B¹V
1341 2463 1378 2499 E
1467 2466 1533 2499 202
1557 2463 1699 2509 quidem
1723 2472 1788 2507 ego
1806 2460 1920 2497 Muel-

251 2524 358 2569 lev-us,
383 2525 435 2570 of.
455 2523 633 2560 Luchsius
657 2534 782 2559 comm.
798 2533 899 2570 pros.
915 2523 948 2563 1,
965 2523 1012 2557 16
1105 2524 1168 2557 203
1187 2522 1292 2557 ambo
1318 2520 1460 2559 (amabo
1487 2519 1570 2563 VE)
1595 2519 1770 2556 aduenire
1786 2528 1919 2565 oppor-

251 2581 407 2618 tunitate
430 2583 561 2627 (oport.
587 2580 684 2624 1713),
709 2590 804 2616 corr.
822 2579 980 2615 Botlzius
1073 2581 1138 2613 204
1161 2578 1281 2624 <dum>
1298 2576 1458 2612 Brixius
1549 2579 1614 2612 205
1631 2577 1676 2612 A.
1693 2575 1816 2622 recipe
1835 2574 1921 2611 Bri-

249 2638 355 2673 xius:
371 2638 545 2683 recipiam
636 2637 832 2672 clementer
848 2636 898 2681 cf.
910 2634 1022 2672 Mero.
1038 2635 1134 2676 952;
1145 2634 1286 2670 Fronto
1297 2645 1340 2680 p.
1353 2635 1407 2668 26
1421 2633 1529 2677 lente,
1543 2633 1670 2679 otiose,
1682 2633 1876 2669 clementer

251 2696 317 2729 206
340 2695 437 2740 <quis
461 2693 553 2739 hoc>
580 2692 808 2730 Camerarius
922 2695 985 2727 207
1011 2691 1102 2727 dicit
1125 2691 1292 2733 Reizz'us,
1324 2690 1376 2736 cf.
1410 2689 1616 2737 Waqncrus
1637 2691 1676 2725 in
1700 2687 1922 2726 Fleckeiseni

251 2760 337 2786 ann.
365 2751 426 2793 89,
447 2751 515 2786 631
532 2761 584 2796 sq.
594 2762 606 2784 .·
630 2750 699 2786 scit
791 2752 854 2785 211
882 2748 1038 2795 quinque
1055 2759 1093 2786 ς.·
1108 2748 1260 2793 quisque
1275 2743 1403 2789 (recte
1418 2746 1477 2782 hic
1493 2748 1666 2793 quinque,
1689 2757 1763 2783 non
1779 2739 1919 2793 quinos'

250 2805 459 2850 Lambinus,
475 2807 638 2853 fortasse
653 2806 788 2842 rectius
804 2805 934 2851 aliquis
952 2805 1122 2851 quinque)
1215 2806 1279 2839 213
1305 2806 1464 2849 quantus
1481 2803 1525 2846 E,
1543 2802 1644 2850 quod
1658 2806 1876 2850 expectatur

252 2864 319 2897 214
347 2864 400 2899 sic
424 2862 500 2906 ΑΡ,
525 2863 577 2908 ⁶f·
605 2863 677 2898 653
685 2875 699 2904 ;
723 2862 808 2908 <ibi)
831 2862 1053 2898 amatoribus
1078 2861 1276 2898 Muellerus
