2018 3183
243 123 327 162 388
993 124 1173 159 PLAVTI
1737 125 1750 154 1
1768 126 1796 158 2.
1808 126 1913 155 28-50

238 239 295 280 Μ.
314 239 410 285 Quis
422 240 540 279 homo
561 238 647 279 est?
678 240 723 280 P.
740 239 823 291 Ego
840 251 939 279 sum.
970 238 1026 279 M.
1045 239 1172 278 Omea
1185 238 1460 286 Commoditas,
1478 252 1501 278 o
1518 251 1601 278 mea
1615 239 1911 292 Opportunitas,

238 307 353 345 salve.
413 307 458 346 P.
510 307 634 346 Salve.
693 307 750 347 M.
802 306 903 353 Quid
936 304 1045 358 agis?
1103 306 1148 347 P.
1199 306 1332 345 Teneo
1372 306 1527 345 dextera
1566 307 1725 358 genium
1767 320 1910 347 meum.

240 375 356 414 ΜΕΝ.
408 374 494 413 Non
527 374 688 426 potuisti
719 374 842 426 magis
872 386 943 426 per
972 381 1128 426 tempus
1157 374 1210 413 mi
1241 374 1423 413 advenire
1453 385 1568 426 quam
1599 375 1768 414 advenis.

237 442 342 482 PEN.
393 442 447 481 Ita
479 454 552 493 ego
583 443 715 482 soleo:
747 441 1034 481 commoditatis
1065 441 1193 481 omnis
1223 441 1408 481 articulos
1438 442 1533 481 scio.
1925 449 1980 483 140

236 510 353 550 ΜΕΝ.
396 510 466 548 Vin
489 515 532 549 tu
554 510 705 550 facinus
727 510 971 549 luculentum
994 507 1218 561 inspicere?
1277 509 1381 548 PEN.
1423 509 1519 555 Quis
1540 509 1577 548 id
1601 510 1704 548 coxit
1733 508 1910 561 coquos?

236 578 311 618 iam
343 579 474 625 sciam,
505 578 536 617 si
569 577 661 628 quid
694 576 954 624 titubatumst,
986 576 1052 615 ubi
1084 576 1267 627 reliquias
1297 577 1444 615 videro.

236 646 352 686 ΜΕΝ.
404 646 473 685 Dic
503 646 579 695 mi„
601 657 840 697 enumquam
870 651 912 684 tu
944 644 1069 684 vidisti
1101 643 1273 684 tabulam
1304 644 1446 696 pictam
1479 644 1518 683 in
1552 645 1709 695 pariete,

235 713 303 753 ubi
333 713 463 765 aquila
496 714 750 754 Catameitum
784 720 940 765 raperet
969 719 1036 752 aut
1067 712 1132 752 ubi
1163 712 1296 752 Venus
1326 711 1562 752 Adoneum?

234 782 339 821 PEN.
372 782 510 834 Saepe.
548 782 614 821 sed
632 782 723 833 quid
742 782 836 821 istae
851 781 1027 834 picturae
1049 781 1095 820 ad
1113 793 1174 819 me
1191 779 1388 820 attinent?
1433 780 1549 820 ΜΕΝ.
1586 783 1666 829 Age
1684 792 1746 819 me
1762 780 1906 832 aspice.
1921 786 1978 820 145

235 849 375 900 ecquid
407 850 597 890 adsimulo
629 848 835 890 similiter?
895 850 998 889 PEN.
1049 849 1145 894 Quis
1175 849 1283 888 istest
1315 856 1476 888 ornatus
1507 847 1625 888 tuos?

234 918 351 958 ΜΕΝ.
402 918 472 957 Dic
503 918 702 958 hominem
734 918 1013 969 lepidissimum
1045 929 1129 956 esse
1160 929 1234 956 me.
1292 917 1397 956 PEN.
1450 916 1518 956 Vbi
1553 917 1676 956 essuri
1708 915 1872 956 sumus?

235 985 351 1025 ΜΕΝ.
403 986 472 1025 Dic
494 986 611 1025 modo
641 986 716 1025 hoc
738 985 844 1037 quod
868 997 938 1036 ego
968 991 1005 1024 te
1027 985 1156 1024 iubeo.
1217 985 1320 1024 Pax.
1365 985 1476 1023 Dico:
1509 985 1626 1023 horno
1658 984 1908 1037 lepidissime.

234 1053 351 1093 ΜΕΝ.
402 1053 553 1105 Ecquid
585 1053 783 1101 audesde
813 1059 881 1092 tuo
913 1053 1013 1092 istuc
1044 1051 1215 1092 addere?
1275 1053 1379 1092 PEN.
1430 1053 1557 1104 Atque
1588 1052 1830 1092 hilarissime.

233 1121 349 1162 ΜΕΝ.
401 1122 525 1173 Perge
553 1119 733 1176 (porro).
793 1122 897 1161 PEN.
947 1121 1034 1160 Non
1067 1132 1189 1172 pergo
1219 1120 1364 1167 hercle,
1397 1120 1470 1159 nisi
1502 1120 1584 1160 scio
1616 1132 1693 1171 qua
1723 1121 1858 1172 gratia.
1921 1123 1978 1157 150

233 1190 398 1241 litigium
430 1190 500 1229 tibi
532 1196 591 1230 est
621 1202 709 1229 cum
744 1201 878 1237 uxore,
909 1202 955 1228 eo
987 1189 1038 1227 mi
1069 1189 1139 1228 abs
1169 1195 1207 1228 te
1238 1200 1354 1227 caveo
1386 1188 1550 1228 cautius.

234 1257 350 1298 ΜΕΝ.
387 1258 491 1297 Clam
509 1264 711 1297 uxoremst
732 1257 797 1297 ubi
817 1257 981 1310 pulchre
1006 1256 1218 1296 habeamus
1235 1263 1351 1308 atque
1368 1256 1474 1296 hunc
1491 1255 1770 1295 comburamus
1791 1256 1906 1295 diem.

235 1326 339 1366 PEN.
381 1327 462 1378 Age
485 1338 581 1365 sane
613 1326 743 1378 igitur,
776 1326 933 1377 quando
956 1337 1122 1377 aequom
1154 1337 1253 1371 oras,
1285 1337 1401 1376 quam
1425 1337 1513 1364 mox
1535 1323 1706 1364 incendo
1736 1322 1907 1379 rogum?

234 1395 315 1434 dies
347 1395 505 1445 quidem
537 1395 610 1433 iam
643 1395 689 1434 ad
720 1394 948 1443 umbilicum
980 1400 1039 1433 est
1069 1393 1289 1433 dimidiatus
1320 1399 1509 1432 mortuos.
1837 1396 1975 1431 154.155

233 1461 349 1502 MEN.
391 1462 445 1501 Te
463 1475 629 1510 morare,
652 1463 744 1502 mihi
767 1474 887 1514 quom
906 1462 1136 1513 obloquere.
1181 1462 1285 1502 PEN.
1323 1461 1491 1500 Oculum
1508 1460 1677 1500 ecfodito
1692 1472 1764 1513 per
1778 1461 1904 1501 solum

233 1531 339 1576 mihi,
371 1530 640 1578 Menaechme,
671 1531 703 1571 si
735 1531 855 1570 ullum
888 1530 1048 1569 verbum
1082 1531 1167 1569 faxo
1202 1529 1275 1569 nisi
1308 1530 1412 1581 quod
1445 1529 1616 1568 iusseris.

233 1597 349 1638 ΜΕΝ.
366 1597 838 1638 Concedehucasoribus.
860 1598 965 1638 PEN.
982 1598 1076 1636 Fiat.
1098 1597 1214 1637 ΜΕΝ.
1236 1596 1357 1636 Etiam
1370 1597 1543 1636 concede
1556 1597 1644 1636 huc.
1666 1596 1770 1636 PEN.
1787 1595 1905 1635 Licet.

233 1665 349 1706 ΜΕΝ.
400 1665 525 1706 Etiam
558 1679 665 1706 nunc
697 1654 870 1706 concede
902 1665 1085 1705 audacter
1115 1665 1162 1704 ab
1193 1665 1354 1704 leonino
1386 1677 1492 1704 cavo.

232 1733 337 1774 PEN.
387 1734 446 1773 Eu
480 1735 618 1786 edepol
650 1741 784 1781 netu,
817 1740 860 1773 ut
890 1746 962 1786 ego
995 1734 1151 1785 opinor,
1184 1746 1288 1773 esses
1319 1733 1484 1783 agitator
1515 1731 1677 1784 probus.
1918 1735 1973 1768 160

348 1938 408 1969 137
436 1935 484 1969 M.
510 1936 557 1969 oh
639 1934 867 1978 oportunitas
975 1936 1038 1969 138
1065 1932 1127 1978 qui
1154 1931 1203 1967 B¹
1294 1932 1423 1968 dextra
1539 1934 1603 1967 139
1628 1943 1736 1977 quem
1762 1931 1813 1967 B²

148 2002 165 2013 ⁰
234 1995 290 2027 141
322 2001 457 2036 quocus
554 1994 616 2026 142
641 1990 837 2026 titubatust
863 1990 923 2026 CD
1021 1992 1082 2024 143
1106 1989 1195 2023 mihi
1217 1999 1410 2033 numquam
1435 1992 1489 2028 (-a
1513 1987 1581 2032 B),
1612 1998 1708 2023 corr.
1734 1988 1903 2032 Briaeius,

230 2049 280 2093 cf.
306 2050 443 2083 Auson.
465 2048 528 2088 24,
553 2049 572 2082 1
590 2059 633 2094 p.
651 2048 719 2081 121
745 2046 827 2082 Seli.
853 2048 939 2089 (109
956 2045 1013 2089 Ρ.)
1048 2056 1092 2081 en
1129 2055 1296 2090 umquam
1332 2044 1457 2079 uidisti
1492 2044 1661 2080 nebulam
1695 2045 1831 2090 pictam
1865 2045 1904 2082 in

230 2105 396 2150 pariete?
493 2107 555 2138 144
580 2103 789 2139 catamitum
815 2108 849 2138 et
873 2104 1026 2138 adonem
1048 2102 1100 2137 Β2
1199 2104 1260 2136 146
1286 2101 1347 2146 qui
1372 2101 1455 2136 istic
1479 2103 1545 2145 est,
1570 2112 1665 2137 corr.
1691 2101 1903 2144 Muellerus,

230 2162 282 2205 cf.
311 2160 409 2195 Trin.
435 2161 536 2195 1099
654 2163 716 2194 147
750 2160 805 2195 vel
833 2160 914 2195 med
1029 2159 1128 2194 esuri
1157 2159 1208 2194 Β2
1329 2160 1391 2193 148
1422 2169 1492 2203 quo
1527 2157 1578 2193 B¹
1670 2157 1729 2194 dic
1761 2158 1813 2194 B¹

235 2221 296 2252 149
315 2220 351 2253 et
367 2218 453 2262 quid
474 2216 533 2253 CD
614 2217 655 2251 P.
674 2228 741 2251 om.
762 2216 796 2251 R
874 2217 975 2260 atqui
1071 2219 1134 2250 150
1152 2215 1306 2261 <poi-ro>
1326 2213 1483 2260 Pylades
1576 2218 1638 2250 151
1664 2214 1824 2251 litutium
1846 2215 1904 2259 3¹,

231 2274 386 2310 litidium
406 2273 465 2310 CD
556 2283 599 2308 eo
625 2272 860 2307 Ritscloelius:
884 2272 932 2307 M.
959 2283 979 2307 o
1000 2272 1045 2314 B,
1069 2274 1115 2308 011
1135 2277 1225 2318 post
1248 2276 1342 2317 spat.
1361 2281 1462 2317 pers.
1482 2270 1526 2312 D,
1550 2271 1629 2306 sine
1652 2271 1770 2317 spatio
1789 2270 1818 2307 C

235 2334 298 2366 152
330 2331 421 2366 clam
459 2339 606 2365 uxorem
642 2329 706 2364 ubi
741 2328 972 2373 sepulchrum
1008 2329 1226 2370 habeamus,
1262 2337 1359 2362 corr.
1396 2327 1584 2372 Vssinqins
1611 2326 1812 2369 (Charisius
1834 2328 1907 2363 145

233 2392 371 2423 tantum
389 2387 482 2422 clam
499 2396 646 2421 uxorem
663 2389 755 2429 est);⁷
773 2385 824 2430 cf.
843 2384 955 2420 Mero.
971 2386 1063 2425 583;
1082 2384 1131 2419 ad
1145 2385 1337 2429 pulchrum
1352 2384 1416 2429 (cf.
1434 2383 1542 2430 Epist.
1556 2385 1630 2419 157
1649 2383 1763 2419 Poen.
1787 2384 1904 2432 1367)

231 2445 265 2479 si
286 2446 383 2479 hunc
409 2444 503 2478 diem
528 2442 728 2487 intelleqas,
753 2441 822 2476 lioc
846 2441 895 2476 acl
918 2441 1201 2477 combustionem
1226 2452 1299 2475 non
1317 2440 1470 2486 quadret
1555 2441 1681 2486 possis
1704 2451 1771 2486 age
1795 2442 1903 2486 hunc,

231 2501 294 2536 sed
317 2500 516 2536 habeamus
541 2501 649 2544 atque
681 2498 921 2534 coalescentia
945 2498 1055 2533 verba
1079 2508 1151 2531 non
1175 2508 1298 2532 moveo
1415 2498 1465 2542 cf.
1490 2497 1589 2532 Asin.
1608 2497 1681 2532 291
1709 2497 1810 2544 Capt.
1828 2498 1904 2533 464

232 2556 345 2593 Stich.
365 2557 451 2591 436.
481 2556 556 2590 648
674 2557 832 2590 154.155
864 2553 937 2589 iam
968 2553 1199 2588 dumbilicum
1226 2553 1286 2589 CD
1310 2558 1345 2588 et
1370 2558 1409 2588 ut
1433 2554 1501 2590 vid.
1529 2553 1591 2594 13¹,
1622 2557 1719 2589 recte
1746 2563 1827 2588 cum
1853 2553 1904 2589 Β2

234 2612 370 2649 Gellius
388 2613 423 2655 3,
440 2613 498 2653 14,
514 2613 560 2646 16
652 2614 709 2646 est
730 2616 814 2656 post
837 2613 999 2646 mortuus
1020 2610 1153 2645 Gellius
1247 2613 1310 2645 156
1334 2610 1390 2646 Ne
1409 2610 1478 2652 ΒΞ,
1504 2621 1545 2646 *e
1563 2610 1613 2645 B¹
1705 2620 1811 2655 quam
1831 2609 1902 2652 CD,

232 2670 319 2715 quin
344 2670 413 2712 B2‚
438 2680 527 2714 qum
557 2668 607 2703 B¹
675 2667 704 2702 P
730 2678 797 2703 om.
874 2667 1040 2703 occulum
1066 2666 1101 2702 B
1139 2712 1142 2714 q
1177 2666 1221 2702 cle
1245 2667 1431 2702 oculorum
1455 2667 1533 2702 solo
1560 2666 1657 2702 Stati
1682 2665 1788 2702 Theb.
1805 2667 1837 2709 1,
1856 2667 1905 2701 55

230 2726 298 2770 (cf.
325 2726 539 2766 Gronovius)
566 2723 767 2760 Schoellius
791 2723 976 2765 admonet,
1009 2723 1060 2769 cf.
1086 2723 1234 2758 Alienus
1257 2724 1294 2758 in
1318 2723 1476 2758 Fowleri
1499 2723 1553 2758 ed.
1575 2724 1803 2769 p.184sq.‚·
1830 2733 1900 2758 van

235 2781 340 2826 Cleef
351 2781 394 2816 de
411 2781 644 2816 attractionis
666 2791 733 2815 usu
750 2779 896 2816 Platon.
914 2780 1039 2823 (Bonn
1055 2781 1169 2823 1890)
1184 2791 1222 2826 p.
1243 2781 1291 2814 56
1378 2782 1439 2814 157
1456 2779 1586 2815 iuseris
1604 2779 1657 2814 B²
1750 2782 1814 2815 158
1836 2779 1902 2815 fiat

234 2838 345 2873 etiam
372 2838 423 2872 M.
450 2838 608 2873 concede
631 2837 704 2872 huc
727 2837 814 2872 licet
836 2837 883 2879 B,
907 2841 1000 2883 spat.
1019 2841 1108 2883 post
1127 2836 1194 2872 fiat
1211 2836 1271 2872 CD
1365 2839 1429 2872 159
1454 2836 1632 2872 accedit
1655 2837 1687 2872 A
1778 2835 1825 2872 ab
1848 2835 1901 2871 P:

233 2904 255 2929 a
279 2895 309 2928 Α
335 2898 422 2930 teste
449 2893 591 2929 Laenio
616 2896 783 2935 (159-17
790 2896 808 2928 2
830 2893 975 2940 priores
997 2894 1078 2937 fere
1103 2903 1267 2929 versuum
1288 2897 1414 2940 partes
1440 2893 1621 2939 lequntnr)
1815 2895 1822 2904 ¹
