2029 3200
83 83 136 117 fig.
156 83 248 111 I—vi

79 710 221 762 quibus
251 711 452 762 ingenium
484 711 523 749 in
556 710 685 748 animo
716 710 900 757 utibilest,
932 710 1128 749 modicum
1160 716 1197 748 ct
1227 711 1311 750 sine
1341 710 1558 750 vernilitate

347 799 486 847 vincla,
516 799 657 850 virgae,
689 799 832 838 molae:
862 797 866 853 Ι
894 799 1090 839 saevitudo
1122 800 1218 839 mala
1250 801 1291 839 fit
1322 800 1434 851 peior

348 889 566 929 converrite
599 903 620 927 *
653 889 796 940 scopis,
826 889 927 941 agite
958 892 1118 928 strenue

1222 979 1355 1030 ecquis
1386 982 1517 1019 evocat

348 1059 436 1086 cum
469 1046 685 1086 nassiterna
717 1052 755 1085 et
786 1058 874 1085 cum
905 1058 1004 1097 aqua
1034 1046 1150 1086 istum
1182 1045 1518 1098 impurissimum?
1737 1053 1756 1084 5

77 1138 177 1174 sicut
205 1135 303 1175 lac-te
333 1136 442 1175 lactis
472 1135 632 1175 similest

76 1224 292 1277 (BAccms)
341 1225 403 1263 illa
432 1225 484 1264 mi
516 1225 762 1275 cognominis
789 1222 794 1278 Ι
823 1226 893 1264 fuit

188 1368 243 1403 De
272 1367 459 1414 deperdito
492 1379 570 1403 cum
595 1369 809 1405 Aululariae
837 1369 911 1414 fine
937 1369 1091 1414 fabulae
1122 1369 1223 1404 initio
1259 1369 1435 1405 dixerunt
1463 1373 1610 1414 praeter
1645 1369 1738 1405 alios

75 1424 292 1460 Bitschelius
316 1435 373 1470 op.
398 1427 435 1466 2,
458 1426 538 1459 292
554 1435 620 1470 sq.,
652 1425 861 1470 Vssinqius,
887 1424 1101 1460 Ribbeck-ius
1130 1435 1219 1459 mus.
1243 1424 1357 1460 Rhea.
1384 1426 1446 1466 42,
1470 1426 1532 1459 111
1548 1435 1602 1470 sq.
1612 1438 1625 1466 ,·
1648 1425 1740 1460 nihil

68 1480 234 1526 profecit
249 1479 432 1526 Iosephus
449 1480 555 1515 Baar
571 1480 614 1516 de
626 1480 763 1516 Bacch.
777 1480 898 1515 Plaut.
912 1481 1017 1514 1891.
1108 1479 1351 1516 Mnesilochus
1368 1479 1506 1526 Ephesi
1520 1480 1738 1516 Bacchidem

74 1547 152 1571 cum
179 1535 390 1572 Cleomacho
414 1536 555 1571 viderat
576 1536 690 1577 (miles
718 1540 754 1572 et
782 1546 882 1570 erum
907 1541 942 1571 et
966 1535 1179 1582 Chrysalum
1203 1536 1314 1578 novit,
1339 1546 1368 1570 v.
1390 1537 1477 1571 842.
1505 1538 1615 1578 872);
1638 1537 1739 1572 miles

73 1591 233 1627 Athenas
261 1593 509 1638 proficiscitur
537 1603 617 1628 cum
649 1593 863 1634 concubina,
893 1592 1136 1627 Mnesilochus
1165 1592 1364 1628 Pistoclero
1397 1593 1587 1638 epistulam
1620 1594 1737 1629 mittit.

74 1647 273 1683 concubina
302 1659 381 1683 cum
410 1649 521 1684 milite
549 1649 750 1694 paciscitur
780 1653 821 1684 ut
843 1659 922 1683 eum
945 1648 1139 1694 relinquat,
1164 1648 1214 1683 ad
1235 1659 1398 1684 sororem
1424 1649 1649 1691 devertatur,
1674 1649 1738 1684 clu-

74 1708 194 1740 centos
225 1715 404 1746 numnam,
435 1706 607 1750 quoniam
639 1716 771 1740 annum
802 1715 873 1740 non
907 1704 1086 1750 explevit,
1117 1705 1150 1739 ei
1181 1705 1338 1739 resolvat
1362 1708 1404 1747 (v.
1432 1707 1517 1739 590.
1542 1706 1643 1739 1096
1658 1710 1738 1751 sq).

183 1761 325 1796 initium
348 1760 500 1806 fabulae
524 1761 594 1796 tale
615 1761 731 1804 fuisse
747 1760 898 1796 videtur.
946 1760 1144 1796 Bacchidis
1167 1771 1292 1796 servus
1316 1772 1338 1795 a
1356 1765 1473 1807 portu
1498 1761 1652 1803 advenit,
1677 1761 1741 1796 ubi

72 1828 234 1852 sororem
268 1817 344 1853 eius
375 1828 453 1852 cum
486 1817 598 1852 milite
626 1817 716 1853 vidit
745 1823 779 1852 et
811 1828 861 1852 ex
891 1817 1124 1852 similitudine
1155 1818 1314 1863 aquovit,
1340 1819 1468 1852 ornari
1496 1818 1602 1854 aedes
1630 1818 1738 1861 iubet,

73 1883 158 1909 erae
180 1884 255 1909 rem
278 1877 408 1908 narrat
431 1874 520 1919 (frq.
545 1875 661 1916 1-9).
706 1885 816 1909 soror
839 1884 919 1908 cum
943 1873 1067 1908 militis
1090 1884 1206 1919 puero
1232 1877 1273 1916 (v.
1303 1875 1385 1915 577)
1410 1875 1517 1917 venit,
1537 1875 1685 1920 puellae
1701 1886 1740 1910 se

73 1930 236 1966 salutant
257 1930 347 1976 (frq.
373 1931 538 1973 10—14).
588 1930 811 1966 Pistoclerus
843 1930 980 1965 sodalis
1004 1930 1154 1965 amicam
1187 1932 1347 1975 quaerit,
1384 1941 1528 1966 sorores
1560 1932 1738 1966 canticum

73 1986 149 2021 eius
165 1986 331 2028 audiunt,
355 1991 546 2033 arqentum
573 1998 644 2032 quo
671 1999 764 2033 opus
787 1992 841 2022 est
862 1987 1018 2032 primum
1045 1987 1122 2021 eius
1147 1997 1260 2032 opera
1279 1998 1419 2032 parare
1442 1989 1663 2023 constituunt
1687 1991 1738 2022 at-

73 2053 142 2088 que
166 2042 342 2078 accedunt
358 2043 448 2088 (frq.
474 2044 520 2077 15
530 2047 597 2088 sq.)

183 2098 201 2133 I
224 2097 368 2134 Nonius
386 2100 461 2133 342
478 2110 505 2134 s.
531 2099 711 2134 modicum
801 2099 1000 2143 ingenium:
1027 2100 1130 2143 ignes
1148 2099 1244 2134 Non.
1342 2099 1530 2135 Charisius
1544 2102 1625 2134 206
1649 2103 1736 2141 (mo-

73 2155 165 2197 dice)
194 2154 377 2200 ingenium
409 2157 447 2190 in
472 2155 591 2191 animo
624 2155 750 2191 utibile
781 2158 817 2190 et
847 2155 1027 2191 modicum
1059 2158 1114 2191 est
1250 2156 1286 2190 ΙΙ
1310 2155 1453 2191 Nonius
1480 2158 1551 2191 172
1567 2168 1594 2191 s.
1619 2156 1737 2192 saeui-

73 2211 161 2246 tudo
254 2216 368 2246 metro
392 2216 428 2247 et
450 2211 650 2247 sententiae
672 2212 724 2246 sic
746 2211 829 2256 fere
853 2211 1061 2246 subvenias:
1087 2212 1210 2247 uincla
1233 2212 1357 2256 uirgae
1381 2212 1518 2256 molae3
1547 2212 1737 2248 saeuitudo

72 2267 168 2302 mala
189 2267 193 2311 Ι
214 2265 324 2302 ficiet
346 2267 473 2313 peiora.
565 2267 619 2303 ΙΠ
645 2267 829 2303 Charisius
852 2269 926 2302 219
949 2270 1122 2311 (strenue)
1226 2268 1367 2314 (aedis)
1391 2268 1620 2311 Ritschelius,
1643 2269 1737 2314 fort.

71 2323 225 2368 (istuc),
250 2324 300 2368 cf.
325 2323 438 2359 Stich.
465 2325 532 2359 351
550 2335 604 2370 sq.
696 2324 749 2360 IV
772 2324 902 2360 Festus
916 2326 988 2359 169
1012 2336 1039 2360 s.
1053 2325 1260 2360 nassiterna
1352 2336 1430 2360 cum
1457 2324 1524 2360 III
1546 2325 1739 2360 coniunxit

74 2379 312 2421 Ritschelius;
337 2382 531 2416 antecessit
554 2392 685 2416 nomen
709 2382 806 2417 servi
828 2392 931 2426 quem
950 2386 1074 2417 evocat
1165 2382 1257 2417 haec
1275 2382 1355 2426 quis
1448 2382 1498 2426 cf.
1525 2381 1739 2426 Fulqemius

75 2436 148 2469 563
171 2435 258 2471 effer
285 2436 543 2472 mnasiternam
573 2447 654 2472 cum
686 2448 780 2482 aqua
811 2437 910 2473 foras
1046 2438 1079 2473 V
1105 2438 1250 2473 Probus
1277 2439 1299 2472 7
1326 2437 1519 2484 Pompeius
1542 2437 1615 2471 199
1643 2437 1739 2472 sicut

72 2490 167 2526 lacte
189 2492 294 2527 lactis
326 2493 440 2527 simile
463 2496 518 2528 est
548 2495 616 2535 (est
644 2505 710 2529 om.
737 2493 892 2540 Pomp),
916 2493 1060 2529 Marius
1084 2494 1228 2529 Plotius
1251 2495 1326 2529 472
1352 2493 1545 2530 Cledonius
1569 2494 1620 2527 48
1644 2493 1738 2528 sicut

73 2546 168 2582 lacte
195 2548 302 2584 laetis
331 2551 464 2592 (omnes
493 2550 588 2585 lacte
613 2553 795 2593 testantes)
932 2552 1003 2585 ista
1033 2550 1227 2585 similitudo
1256 2551 1346 2595 fecit
1370 2554 1411 2585 ut
1434 2551 1470 2584 in
1495 2554 1606 2595 portu
1630 2560 1739 2584 soror

73 2608 340 2649 aquoso-eretur,
356 2605 394 2640 in
409 2609 553 2640 servata
567 2606 699 2651 fabula
722 2610 935 2641 momentum
953 2606 1060 2642 habet
1076 2617 1105 2642 v.
1125 2607 1200 2640 835
1210 2617 1278 2651 sq„
1294 2605 1356 2640 ubi
1368 2605 1567 2641 Nicobulus
1586 2604 1739 2640 Bacchi-

74 2658 152 2694 dem
175 2659 246 2694 sibi
265 2664 388 2696 notam
411 2661 532 2696 videre
563 2672 602 2697 se
625 2667 738 2708 putat
761 2673 925 2697 sororem
949 2663 1073 2697 videns
1164 2662 1215 2697 VI
1249 2662 1396 2697 Servius
1426 2661 1475 2696 ad
1502 2662 1588 2696 Aen.
1610 2663 1643 2702 6,
1662 2663 1738 2696 383

74 2715 320 2759 (cognominis)
348 2727 431 2752 nam
461 2718 500 2752 in
523 2717 654 2754 Plauto
684 2718 818 2753 lectum
849 2722 922 2762 est,
955 2729 1036 2753 cum
1060 2729 1134 2753 una
1158 2718 1203 2752 de
1229 2717 1471 2753 Bacchidibus
1496 2717 1649 2753 diceret:
1674 2717 1738 2753 illa

74 2781 105 2805 e.
122 2781 154 2815 q.
173 2782 201 2805 s.
337 2773 406 2808 mei
423 2774 458 2814 (i.
476 2785 505 2808 e.
529 2775 590 2816 mi)
611 2774 848 2816 Cassellanus,
873 2774 1139 2810 Floriacensis:
1170 2785 1250 2810 mea
1273 2773 1350 2809 rell.
1489 2773 1676 2809 verborum
1700 2775 1737 2809 in

75 2825 201 2862 Servio
226 2827 362 2862 incerta
383 2829 475 2872 sides

137 2887 260 2916 Plautus
284 2888 307 2916 1.
1442 2889 1461 2921 9

1805 718 1885 753 frg.1
1905 717 1954 750 (tv
1966 717 2003 745 Gt

1805 807 1833 835 11
1851 808 1899 841 (V)

1806 897 1844 924 ΙΙΙ
1863 896 1925 930 (VI)

1805 986 1840 1013 IV
1858 987 1933 1020 (VH)

1803 1143 1824 1170 v
1843 1143 1930 1177 (vm)

1802 1233 1835 1260 Vl
1857 1233 1925 1266 (ΙΙΙ)
