2018 3183
222 92 302 130 438
956 90 1138 127 PLAVTI
1712 93 1726 122 1
1743 95 1770 127 1.
1783 95 1886 125 32—52

490 219 590 259 quae
622 206 720 246 nihil
749 206 949 258 attingunt
978 206 1023 245 ad
1055 218 1138 246 rem
1171 218 1243 246 nec
1275 213 1367 246 sunt
1397 207 1499 254 usui,

490 282 568 314 tam
599 280 749 313 amator
778 274 931 326 profert
961 286 1077 326 saepe
1107 274 1269 314 advorso
1301 281 1500 326 tempore;

492 343 565 381 hoc
595 341 888 393 pauciloquium
921 354 1079 382 rursum
1110 342 1256 382 idcirco
1286 342 1483 394 praedico,

491 410 580 461 quia
613 409 743 449 nullus
774 421 959 461 umquam
990 416 1140 449 amator
1168 410 1303 450 adeost
1333 410 1468 450 callide

492 477 696 525 facundus,
728 489 829 529 quae
859 478 899 516 in
931 490 1014 517 rem
1045 478 1124 517 sint
1154 489 1262 517 suam
1294 484 1338 517 ut
1368 479 1491 530 possit
1521 479 1642 531 loqui.

492 557 599 586 nunc
630 558 697 585 vos
727 546 780 585 mi
811 545 924 585 irasci
957 545 1007 585 ob
1037 545 1327 598 multiloquium
1360 559 1440 586 non
1472 547 1603 587 decet:

490 614 626 653 eodem
659 626 737 666 quo
769 626 942 654 amorem
976 614 1106 653 Venus
1136 614 1189 653 mi
1219 614 1295 653 hoc
1326 614 1463 666 legavit
1495 615 1569 654 die.

490 681 581 722 illuc
612 682 755 722 revorti
785 688 988 730 certumst,
1019 688 1155 721 conata
1187 682 1361 734 eloquar.

488 750 685 802 principio
715 748 782 802 <ut
813 748 883 804 ex>
912 749 1074 802 ephebis
1104 755 1227 790 aetate
1259 751 1332 790 exii

491 824 608 869 atque
639 818 793 857 animus
823 818 950 858 studio
981 823 1134 858 amotus
1164 818 1344 870 puerilist
1374 831 1496 865 meus‚

490 898 620 925 amare
651 886 771 925 valide
803 886 916 937 coepi
946 885 1039 925 hinc
1069 886 1335 925 meretricem:
1369 887 1458 926 ilico

491 965 554 993 res
585 953 781 993 exulatum
813 954 859 992 ad
891 953 994 992 illam
1026 953 1123 993 clam
1155 953 1286 993 abibat
1315 954 1447 1006 patris.

489 1022 580 1061 leno
613 1022 877 1073 importunus,
909 1022 1092 1061 dominus
1121 1022 1204 1062 eius
1234 1022 1420 1069 mulieris,

490 1090 525 1128 vi
556 1101 708 1128 summa
740 1096 783 1129 ut
813 1090 983 1141 quicque
1015 1095 1168 1141 poterat
1197 1089 1374 1141 rapiebat
1405 1090 1576 1130 domum.

492 1157 715 1209 obiurigare
746 1164 856 1209 pater
885 1158 980 1196 haec
1013 1163 1147 1196 noctes
1178 1164 1217 1196 et
1247 1158 1340 1201 dies,

490 1225 706 1276 perfidiam,
738 1224 965 1264 iniustitiam
997 1224 1187 1264 lenonum
1217 1237 1470 1276 expromere3

494 1292 655 1332 lacerari
687 1293 810 1332 valide
841 1304 951 1332 suam
982 1305 1077 1341 rem,
1110 1293 1213 1333 illius
1243 1293 1435 1343 augerier.

489 1372 642 1399 summo
674 1360 771 1399 haec
801 1361 989 1408 clamore3
1021 1361 1217 1400 interdum
1250 1372 1429 1401 mussans
1458 1360 1663 1413 conloqui:

489 1428 676 1475 abnuere,
709 1429 883 1480 negitare
913 1429 1008 1468 adeo
1043 1442 1106 1468 me
1138 1435 1272 1468 natum
1302 1441 1427 1468 suom.

491 1495 770 1535 conclamitare
802 1503 881 1536 tota
912 1496 1011 1536 urbe
1041 1503 1080 1536 et
1109 1497 1347 1549 praedicere,

492 1575 630 1603 omnes
660 1570 845 1604 tenerent
874 1565 1100 1604 mutuitanti
1133 1564 1305 1604 credere.

332 1689 376 1721 32
400 1688 528 1722 suntus
558 1685 635 1720 uidi
669 1685 749 1729 CD,
781 1689 866 1722 sunt
898 1686 974 1722 uidi
1000 1687 1051 1729 B,
1081 1698 1176 1722 corr.
1205 1687 1432 1723 Camerarius
1547 1689 1590 1723 33
1614 1690 1705 1723 tam:
1736 1697 1781 1723 ea
1805 1686 1884 1723 Rit-

217 1743 372 1780 schelius
485 1742 661 1788 proferri,
686 1753 782 1778 corr.
808 1742 970 1789 Pylades
1084 1746 1128 1778 34
1152 1755 1294 1779 rursum
1318 1744 1474 1780 idcirco:
1501 1743 1610 1779 sumit
1634 1743 1732 1780 circo
1759 1743 1794 1779 B

218 1803 261 1836 35
287 1811 436 1846 usquam
454 1803 487 1836 B
575 1799 686 1835 adeos
711 1799 841 1835 callide
860 1799 905 1841 Β,
930 1800 1021 1836 adeo
1039 1800 1190 1836 callidus
1211 1800 1282 1842 CD,
1306 1811 1402 1835 corr.
1421 1799 1649 1836 Camerarius
1741 1803 1783 1836 36
1808 1810 1884 1836 rem

220 1858 309 1894 insit
333 1868 415 1901 sua,
449 1866 545 1892 corr.
580 1856 810 1890 Camerarius
947 1856 1015 1892 hoc
1045 1857 1150 1892 dicit:
1178 1856 1444 1902 multiloquium
1475 1857 1650 1893 amatoris
1673 1862 1709 1894 et
1729 1868 1884 1904 parum-

219 1914 380 1960 loquium
405 1917 547 1959 (parum
570 1912 730 1957 loquium
752 1923 821 1958 per
853 1914 1079 1949 occasionem
1107 1914 1232 1958 fictum
1257 1924 1330 1949 non
1355 1913 1505 1956 coaluit)
1525 1913 1570 1958 fit
1593 1913 1765 1960 quoniam
1789 1923 1886 1959 quae

213 1971 363 2017 profert
380 1969 471 2005 nulli
489 1970 570 2004 usui
594 1980 670 2004 esse
693 1969 822 2012 solent,
847 1974 881 2005 et
899 1969 1179 2016 pauciloquium
1204 1968 1300 2014 (hoc,
1324 1969 1401 2005 scil.
1426 1969 1702 2016 multiloquium,
1727 1980 1884 2012 rursum,

217 2027 293 2063 scil.
317 2032 401 2072 post
422 2025 740 2072 parumloquium,
769 2026 944 2072 praedico
967 2027 1257 2074 pauciloquium)
1290 2026 1460 2072 quoniam
1492 2025 1622 2072 quibus
1653 2036 1747 2073 opus
1770 2026 1883 2062 estin

219 2084 410 2120 occasione
434 2082 614 2128 proferre
645 2093 719 2116 non
747 2088 887 2128 potest;
919 2094 1008 2129 erqo
1040 2088 1184 2119 amator
1215 2082 1356 2128 loquax
1387 2087 1422 2118 et
1452 2093 1584 2130 parum
1616 2086 1653 2119 et
1679 2093 1803 2129 pauca
1833 2082 1883 2118 lo-

219 2140 344 2186 quitur
436 2141 477 2174 38
502 2138 589 2174 mihi
613 2139 682 2174 hac
708 2138 754 2180 B,
778 2140 847 2175 hac
862 2139 952 2174 mihi
970 2138 1042 2181 OD,
1067 2150 1160 2176 corr.
1183 2138 1412 2175 Camerarius
1504 2142 1546 2175 39
1571 2141 1709 2176 certum
1729 2142 1766 2176 et
1789 2139 1815 2182 (i
1834 2138 1882 2182 C),

219 2207 315 2231 corr.
334 2193 572 2236 Ritscliellus;
597 2198 735 2231 certum
751 2198 793 2231 ut
810 2198 942 2231 conata
960 2194 1201 2237 Camerarius,
1223 2198 1265 2231 ut
1282 2198 1411 2240 coepta.
1427 2195 1647 2232 Ritschelius
1715 2199 1759 2231 40
1782 2197 1883 2242 prin-

219 2253 315 2298 cipio
339 2255 448 2297 atque
473 2252 612 2288 animus
637 2253 700 2298 (cf.
725 2253 784 2293 41)
808 2252 973 2297 phoebus
998 2255 1094 2288 etate
1119 2252 1219 2297 exiit,
1243 2263 1338 2287 corr.
1356 2251 1522 2288 Muretus
1547 2252 1604 2295 (de
1627 2255 1644 2289 t
1666 2252 1808 2289 adiecto
1834 2253 1885 2288 ad

219 2309 292 2344 exii
322 2309 373 2354 cf.
398 2320 429 2344 v.
455 2309 501 2344 13
533 2314 568 2344 et
599 2308 649 2343 acl
671 2320 701 2345 v.
727 2310 813 2352 42„
844 2309 909 2344 sed
937 2312 978 2345 ut
1009 2312 1110 2346 aetas
1140 2319 1185 2344 ex
1215 2308 1364 2353 ephebis
1395 2308 1483 2344 exiit
1511 2312 1595 2356 post
1619 2308 1780 2345 Dousam
1808 2309 1883 2345 Rit-

217 2365 374 2400 schelius
465 2368 505 2399 41
533 2365 708 2410 puerilest
799 2368 917 2401 meust
939 2368 979 2407 B,
1003 2368 1157 2401 meumst
1174 2364 1219 2408 D,
1243 2368 1418 2400 mecumst
1435 2364 1464 2400 C
1552 2368 1595 2400 42
1619 2366 1742 2412 coepit
1765 2365 1884 2408 codd„

218 2428 252 2457 et
276 2422 440 2458 similiter
464 2425 479 2456 t
503 2421 714 2457 adiecerunt
737 2432 859 2456 omnes
882 2422 938 2457 vel
962 2422 996 2456 B
1014 2433 1044 2458 v.
1063 2423 1124 2457 46.
1150 2423 1206 2456 47.
1233 2422 1294 2456 50.
1322 2422 1374 2456 51.
1401 2423 1457 2456 55.
1484 2422 1541 2457 59.
1570 2423 1630 2457 60.
1658 2422 1712 2457 63.
1741 2422 1798 2457 64.
1822 2423 1884 2458 68.

224 2480 278 2514 74.
308 2480 362 2514 76.
392 2480 448 2515 78.
475 2479 538 2513 80.
567 2479 623 2513 81.
651 2479 712 2520 83,
736 2478 787 2523 cf.
807 2478 864 2513 45.
892 2479 950 2513 53.
976 2481 1033 2514 57.
1064 2481 1083 2513 '7
1089 2480 1110 2513 7
1197 2478 1275 2522 hic,
1300 2489 1394 2514 corr.
1421 2477 1577 2515 Botlzius
1666 2478 1885 2515 meritricem

222 2535 284 2571 CD
390 2538 433 2570 43
458 2546 534 2579 rex,
559 2546 654 2570 corr.
680 2533 771 2570 Pius
877 2539 916 2571 at
943 2535 975 2570 Β
1087 2535 1177 2571 clam
1204 2534 1430 2571 Gulielmius:
1455 2535 1528 2570 iam
1635 2537 1677 2570 45
1703 2534 1742 2570 ui
1766 2537 1885 2571 sumat

221 2601 363 2637 quoque
386 2594 427 2627 ut
452 2591 618 2636 (quicque
644 2592 774 2626 omisso
799 2594 840 2628 ut
865 2591 938 2633 CD)
962 2595 1118 2637 poterat,
1143 2602 1237 2628 corr.
1264 2591 1493 2627 Camerarius
1517 2597 1551 2626 et
1575 2590 1793 2627 Ritsclzelius

219 2648 371 2694 rapibus
397 2648 431 2683 B
539 2650 582 2682 46
607 2648 798 2693 obiurgare
822 2651 891 2690 (·et
916 2648 962 2692 B)
1074 2652 1114 2683 47
1141 2648 1308 2683 lenonum
1333 2647 1548 2683 iniustitiam
1574 2646 1792 2684 Ritscltelius

221 2706 263 2738 49
287 2714 410 2740 mussa
431 2703 502 2746 CD,
526 2704 638 2739 missa
654 2703 701 2746 B,
726 2715 818 2740 corr.
837 2704 928 2740 Pius
1020 2709 1062 2740 50
1086 2704 1242 2749 negitari
1261 2703 1332 2747 CD,
1356 2704 1510 2740 necitari
1526 2707 1560 2741 B
1650 2707 1693 2740 52
1718 2707 1883 2741 tenerent

219 2760 270 2806 cf.
286 2760 421 2796 Bacclz.
435 2761 510 2796 463
527 2759 634 2796 Most.
651 2762 761 2803 117&
778 2762 945 2798 timerent
957 2761 1177 2798 Ritsclzelius
1245 2764 1348 2797 mutu
1365 2761 1459 2797 tanti
1473 2761 1545 2804 CD,
1562 2761 1743 2797 mutuanti
1756 2760 1792 2796 B

219 2815 312 2851 nihil
340 2817 399 2851 liic
431 2816 611 2852 turbatam
636 2827 712 2853 esse
736 2817 919 2864 intelleqet
941 2818 974 2853 si
998 2819 1080 2864 quis
1105 2817 1211 2854 talem
1235 2828 1377 2853 versum
1400 2821 1484 2854 ante
1507 2828 1539 2854 v.
1564 2818 1612 2853 53
1635 2818 1775 2854 inserat
1796 2817 1882 2854 dein

220 2882 345 2908 rursus
362 2873 474 2909 uerba
491 2873 612 2910 facere
633 2885 773 2910 mecum
797 2874 835 2910 in
859 2876 957 2910 hunc
980 2875 1136 2919 modum,
1160 2885 1233 2920 quo
1257 2875 1391 2911 inserto
1415 2885 1504 2910 sane
1525 2885 1600 2910 non
1623 2885 1716 2922 opus
1738 2878 1793 2910 est

1912 759 1950 792 40

1911 1099 1950 1132 45

1913 1439 1950 1471 50
