1998 3179
737 714 1068 748 ARGVMENTVM

345 831 575 884 Gomprimit
608 832 837 872 adulescens
870 833 1056 873 Lemnius
1087 834 1322 886 Sicyoniam,

344 899 377 942 ts
407 900 507 939 redit
537 901 575 939 in
614 902 789 952 patriam,
823 908 859 939 et
890 909 1044 952 gnatam
1077 907 1236 952 generat
1271 902 1428 953 nuptiis.

342 965 526 1019 Sicyonia
558 980 681 1018 aeque
711 968 813 1019 parit
842 969 1024 1019 puellam.
1086 969 1186 1009 hanc
1217 969 1390 1008 servolus

341 1033 457 1077 Tollit
486 1038 602 1086 {itque
635 1037 808 1087 exponit,
840 1039 877 1075 et
908 1049 952 1074 ex
985 1036 1134 1076 insidiis
1165 1043 1344 1087 aucupat.

347 1101 438 1144 Eam
470 1102 659 1141 sublatam
692 1103 876 1142 meretrix
907 1103 968 1142 alii
1000 1104 1149 1142 detulit.
1760 1117 1778 1148 5

345 1169 492 1212 Lemno
524 1177 612 1221 post
642 1170 798 1209 rediens
828 1171 933 1209 ducit
964 1183 1078 1221 quam
1112 1179 1395 1222 compresserat

344 1236 558 1288 Lemnique
589 1245 717 1276 natam
750 1238 918 1289 spondet
948 1238 1240 1277 adulescentulo

342 1305 485 1348 Amore
518 1312 630 1356 capto
663 1305 764 1344 illins
794 1305 1053 1356 proiecticiae.

345 1370 562 1423 Requirens
594 1385 726 1412 servos
757 1373 903 1423 reperit
933 1385 1047 1423 quam
1081 1373 1309 1423 proiecerat.

345 1437 476 1490 ltaque
506 1440 591 1490 lege
622 1446 660 1479 et
690 1440 762 1478 rite
793 1440 913 1478 civem
947 1440 1141 1490 cognitam
1766 1453 1801 1486 ιο

344 1505 667 1553 Alcesimarchus,
701 1514 742 1545 ut
774 1514 856 1545 erat
887 1513 1035 1554 nactus,
1066 1507 1250 1558 possidet.

187 1657 323 1683 mc1121'r
340 1658 580 1683 CISTRLLABIA
720 1652 731 1682 1
761 1648 899 1683 lemnus
922 1648 1091 1683 liconiam
1122 1651 1172 1689 (-a
1197 1648 1233 1682 E
1242 1647 1283 1690 V)
1423 1652 1441 1683 2
1468 1653 1602 1694 nuptus

76 1705 96 1737 3
121 1703 257 1748 sycioni
283 1703 344 1746 B¹‚
376 1704 501 1749 sycion
535 1703 596 1739 VE
722 1715 858 1749 aaeque
885 1705 935 1739 Βι
959 1710 999 1739 ut
1023 1704 1091 1740 vid.
1128 1704 1158 1738 V
1271 1706 1383 1750 pariit
1409 1705 1480 1740 BE
1594 1710 1614 1740 4
1635 1707 1731 1743 ‘tolit

74 1758 186 1794 voluit
218 1757 363 1794 auctor'
391 1759 593 1795 Schoellius
700 1764 718 1794 6
749 1761 879 1796 redens
905 1760 1035 1795 B¹VE
1135 1771 1240 1805 quam
1272 1772 1349 1797 com
1374 1766 1635 1806 compresserat

75 1817 93 1848 7
120 1815 323 1860 despondit,
349 1826 442 1851 corr.
468 1816 625 1851 Botleius
718 1820 737 1851 8
762 1828 827 1862 pro
853 1817 1018 1852 lecticiae
1037 1816 1098 1860 13¹,
1124 1828 1189 1862 pro
1214 1817 1335 1852 leticie
1354 1817 1396 1860 E,
1421 1818 1600 1863 prol·;titie
1634 1818 1664 1852 V

76 1873 96 1905 9
118 1871 282 1916 repperit
298 1871 383 1917 BV,
408 1873 543 1918 reperit
560 1872 596 1907 E
688 1876 727 1907 10
753 1873 896 1917 itaque:
914 1874 1100 1919 produxit
1123 1873 1286 1914 alteram,
1313 1878 1352 1908 ut
1376 1880 1517 1908 acutam
1614 1877 1651 1910 11
1679 1875 1730 1910 al-

75 1927 168 1962 cessi
193 1928 364 1964 max-chus
389 1932 484 1970 (·cus
510 1928 557 1970 E)

140 2904 262 2933 Plautus
281 2906 303 2933 1.
1418 2911 1459 2944 18
