2018 3183
235 104 315 140 414
982 104 1165 140 PLAVTI
1714 107 1742 133 v
1761 87 1902 139 229-ae

231 219 407 270 loquere,
439 224 528 257 uter
559 218 756 257 meruistis
787 216 973 269 culpam?
1003 219 1150 271 paucis,
1183 232 1262 258 non
1295 219 1437 272 longos
1468 221 1591 273 logos.

231 285 345 326 MAT.
388 285 589 336 Nusquam
611 285 793 336 equidem
816 286 1025 337 quicquam
1048 286 1213 338 deliqui:
1236 287 1311 327 hoc
1331 288 1500 339 primum
1523 295 1560 328 te
1582 288 1752 338 absolvo,
1774 298 1898 343 pater.
1910 295 1967 330 780

231 365 366 392 verum
397 352 525 392 vivere
556 352 619 391 hic
651 365 732 391 non
762 364 924 404 possum
957 365 1086 404 neque
1116 354 1257 393 durare
1288 354 1367 394 ullo
1398 355 1528 395 modo.

231 421 346 472 proin
361 419 582 460 tumehinc
594 418 776 459 abducas.
808 420 908 462 SEN.
931 420 1032 467 Quid
1052 422 1150 461 istuc
1162 429 1290 461 autem
1303 421 1391 462 est?
1421 422 1534 464 MAT.
1557 423 1756 473 Ludibrio,
1774 431 1898 478 pater,

231 488 393 528 habeor.
453 488 554 529 SEN.
605 486 743 527 Vnde?
802 488 916 528 ΜΑΤ.
968 488 1024 527 Ab
1057 489 1146 537 illo,
1177 490 1270 541 quoi
1301 502 1362 529 me
1393 491 1644 540 mandavisti,
1676 505 1764 532 meo
1804 494 1898 533 viro.

230 556 331 597 em.
383 555 486 595 Ecce
517 563 648 595 autem
680 555 859 607 litigium.
920 556 1106 607 quotiens
1136 557 1293 596 tandem
1326 558 1426 598 edixi
1458 558 1543 606 tibi,

230 633 274 663 ut
306 636 474 671 caveres,
508 630 648 663 neuter
677 623 723 662 ad
754 636 816 663 me
846 624 954 664 iretis
983 636 1071 664 cum
1105 625 1382 676 querimonia?
1910 633 1967 668 785

229 694 348 733 MAT.
401 693 476 739 Qui
499 705 572 744 ego
594 693 707 738 istuc,
739 693 790 731 mi
812 698 935 745 pater,
966 705 1102 733 cavere
1124 691 1316 745 possum?
1375 694 1475 735 SEN.
1526 694 1615 734 Men
1648 695 1899 747 interrogas?

229 761 346 802 MAT.
378 760 459 801 Nisi
493 774 571 800 non
598 761 666 801 vis.
726 761 826 801 SEN.
858 759 1048 806 Quotiens
1071 762 1284 801 monstravi
1317 762 1402 810 tibi,
1433 763 1515 802 viro
1545 769 1590 802 ut
1607 775 1757 803 morem
1773 776 1898 816 geras,

230 829 322 880 quid
357 829 420 868 ille
451 829 577 877 faciat,
610 831 659 869 ne
690 829 726 868 id
760 829 954 876 observes,
987 831 1064 880 quo
1096 836 1169 877 eat,
1201 829 1294 880 quid
1325 842 1457 869 rerum
1490 837 1614 881 gerat.

229 897 345 937 ΜΑΤ.
397 898 444 936 At
466 897 573 936 enim
596 896 658 936 ille
678 896 773 935 hinc
794 902 898 935 amat
918 896 1164 936 meretricem
1188 908 1232 936 ex
1255 909 1463 948 proxumo.
1512 897 1611 939 SEX.
1653 898 1755 938 Sane
1785 899 1896 950 sapit,
1910 905 1967 939 790

231 955 348 1016 atque
380 964 431 1003 ob
462 966 587 1004 istanc
618 964 848 1004 industriam
881 963 996 1003 ctiam
1026 965 1114 1003 faxo
1146 963 1291 1003 amabit
1319 965 1500 1017 amplius.

230 1033 345 1073 MAT.
396 1034 524 1083 Atque
555 1033 607 1072 ibi
639 1038 759 1084 potat.
820 1031 920 1071 SEN.
970 1031 1053 1070 Tua
1085 1032 1242 1083 quidem
1273 1032 1337 1072 ille
1368 1045 1482 1072 causa
1514 1032 1664 1086 potabit
1694 1033 1837 1080 minus,

231 1101 262 1139 si
295 1100 375 1139 illic
405 1100 484 1140 sive
516 1100 606 1140 alibi
637 1098 802 1140 libebit?
834 1111 933 1151 quae
964 1100 1072 1148 haec,
1105 1100 1263 1148 malum,
1296 1099 1604 1153 impudentiast?

231 1181 310 1207 una
342 1180 461 1220 opera
493 1168 716 1220 prohibere,
747 1167 793 1206 ad
825 1179 961 1207 cenam
995 1180 1044 1206 ne
1076 1168 1289 1219 promittat,
1319 1169 1507 1220 postules,

234 1249 330 1275 neve
362 1248 601 1287 quemquam
633 1236 798 1287 accipiat
827 1236 996 1275 alienum
1028 1236 1130 1287 apud
1160 1248 1215 1275 sc.
1276 1236 1449 1275 serviren
1480 1236 1549 1275 tibi
1911 1240 1967 1274 795

232 1304 408 1355 postulas
438 1303 571 1344 viros?
603 1304 695 1343 dare
728 1316 804 1344 una
837 1306 956 1355 opera
987 1316 1155 1355 pensum
1187 1303 1375 1355 postules,

197 1419 202 1422 ,
231 1373 336 1411 inter
367 1372 527 1411 ancillas
558 1372 695 1412 sedere
726 1371 874 1419 iubeas,
905 1371 1033 1410 lanam
1064 1383 1214 1411 carere.

230 1440 345 1480 MAT.
393 1439 480 1479 Non
514 1440 693 1491 equidem
726 1439 819 1478 mihi
851 1446 887 1479 te
919 1439 1161 1486 advocatum,
1192 1444 1315 1490 pater,
1347 1438 1501 1485 adduxi,
1533 1439 1600 1478 sed
1631 1439 1726 1479 viro.

231 1508 326 1547 hinc
356 1513 446 1556 stas,
478 1508 574 1548 illim
606 1520 761 1548 causam
792 1507 900 1547 dicis.
961 1507 1061 1549 SEN.
1112 1507 1152 1546 Si
1183 1507 1246 1546 ille
1277 1506 1370 1558 quid
1401 1506 1621 1558 deliquerit,

231 1576 354 1615 multo
386 1581 494 1615 tanto
527 1576 634 1615 illum
667 1575 871 1619 accusabo,
904 1588 1020 1626 quam
1053 1581 1090 1615 te
1120 1576 1309 1622 accusavi,
1341 1575 1521 1626 amplius.
1911 1578 1968 1614 800

233 1643 391 1694 quando
422 1649 460 1682 te
489 1650 661 1683 auratam
694 1649 733 1682 et
762 1643 935 1683 vestitam
969 1644 1070 1683 bene
1100 1643 1228 1691 habet,
1259 1642 1417 1682 ancillas
1448 1655 1594 1694 penum

231 1717 337 1750 recte
369 1711 586 1762 praehibet,
619 1711 759 1750 melius
787 1723 920 1750 sanam
953 1717 1024 1759 est,
1055 1711 1207 1758 mulier,
1239 1716 1410 1750 mentem
1443 1722 1613 1749 sumere.

232 1778 345 1818 ΜΑΤ.
395 1780 444 1818 At
474 1778 538 1818 ille
568 1779 739 1831 suppilat
769 1779 861 1818 mihi
893 1791 1030 1818 aurum
1063 1785 1102 1818 et
1132 1778 1251 1831 pallas
1282 1791 1328 1818 ex
1358 1778 1459 1818 arcis
1489 1779 1620 1825 domo,

230 1858 294 1884 me
326 1846 529 1898 despoliat,
561 1858 645 1885 mea
677 1852 907 1885 ornamenta
940 1846 1038 1886 clam
1071 1847 1117 1885 ad
1150 1846 1377 1886 meretrices
1407 1845 1571 1898 degerit.

232 1915 330 1956 SEN.
384 1915 480 1954 Male
511 1915 614 1962 facit,
645 1915 676 1953 si
707 1914 808 1954 istuc
839 1915 949 1962 facit3
981 1915 1011 1954 si
1044 1927 1124 1954 non
1157 1915 1260 1962 facit,
1291 1920 1334 1954 tu
1365 1914 1463 1955 male
1494 1914 1600 1961 facis,
1909 1920 1966 1955 805

232 1995 332 2034 quae
354 1983 550 2022 insontem
574 1982 789 2022 insimules.
849 1982 966 2023 MAT.
1018 1982 1122 2028 Quin
1155 1982 1270 2022 etiam
1303 1994 1410 2022 nunc
1442 1982 1557 2021 habet
1587 1981 1741 2033 pallam,
1772 1988 1897 2034 pater,

229 2049 316 2104 <et>
345 2051 511 2103 spinter,
543 2051 646 2102 quod
679 2051 723 2090 ad
756 2051 858 2090 hauc
888 2051 1091 2098 detulerat,
1124 2063 1243 2098 nunc,
1277 2051 1365 2102 quia
1396 2051 1546 2098 rescivi,
1579 2051 1710 2089 refert.

231 2118 330 2159 SEN.
371 2118 451 2158 Iam
469 2131 541 2170 ego
560 2132 606 2158 ex
623 2119 709 2168 hoc,
732 2125 776 2158 ut
791 2120 985 2166 factumst,
1007 2119 1129 2159 scibo.
1160 2117 1273 2173 (ibo)
1289 2118 1334 2158 ad
1351 2118 1550 2158 hominem
1566 2124 1683 2170 atque
1700 2117 1900 2170 adloquar.

233 2186 294 2226 (lic
326 2187 379 2226 mi
411 2186 525 2235 istuc,
558 2187 824 2235 Menaechme,
856 2188 961 2239 quod
993 2200 1059 2227 vos
1091 2188 1316 2235 dissertatis,
1349 2194 1392 2226 ut
1421 2187 1554 2227 sciam.

346 2314 412 2346 779
436 2310 546 2355 pauci
637 2309 738 2346 locos
832 2312 896 2345 780
921 2311 1070 2347 absolue
1089 2311 1124 2346 B
1217 2313 1280 2346 781
1306 2311 1366 2346 hic
1391 2311 1517 2346 uiuere
1539 2310 1576 2345 B
1669 2313 1733 2345 783
1759 2309 1821 2355 qui
1840 2309 1901 2352 13¹,

232 2367 290 2402 cui
309 2365 370 2402 CD
461 2369 527 2402 784
551 2365 657 2410 (ego)
673 2366 771 2401 edixi
787 2365 1007 2402 Rz'tsclzelius
1100 2369 1164 2402 788
1189 2367 1259 2402 nisi
1275 2377 1347 2403 non
1366 2368 1422 2402 uis
1439 2368 1517 2402 seni
1533 2366 1780 2408 continuatur,
1804 2377 1900 2402 corr.

233 2423 413 2459 Gruterus
491 2427 556 2458 790
581 2424 629 2458 ad
646 2423 695 2458 B¹
779 2425 844 2458 792
869 2425 909 2459 at
925 2422 976 2458 B¹
1060 2426 1124 2458 793
1150 2423 1181 2458 si
1203 2423 1375 2458 Botlzz'us:
1401 2424 1479 2459 siue
1551 2425 1615 2458 795
1639 2433 1757 2468 neque
1776 2421 1810 2458 B

231 2484 279 2524 te,
305 2490 402 2515 corr.
420 2479 609 2515 Acidalius
678 2479 835 2515 seruirin
906 2482 971 2514 796
994 2479 1139 2525 pinsum
1156 2479 1191 2514 B
1262 2483 1326 2515 797
1353 2491 1477 2516 carere
1503 2479 1623 2515 Varro
1638 2479 1682 2514 de
1699 2479 1722 2514 l.
1741 2478 1764 2514 I.
1785 2479 1815 2521 7,
1834 2478 1901 2514 54.-

238 2547 389 2582 carpere
484 2539 547 2572 798
572 2536 737 2582 equidem
760 2536 849 2571 mihi
865 2538 902 2572 te
920 2536 976 2571 B:
1000 2536 1144 2581 quidem
1159 2536 1271 2572 mittit
1290 2536 1351 2572 CD
1443 2539 1510 2572 799
1536 2540 1632 2572 totus
1648 2534 1793 2570 mulieri
1815 2544 1901 2569 con—

234 2593 410 2636 tinuatur,
435 2603 529 2628 corr.
549 2593 779 2629 Camerarius
849 2595 914 2628 800
935 2595 1040 2629 tanta
1110 2596 1172 2628 801
1200 2592 1352 2629 ancillas
1369 2603 1502 2638 penum
1519 2605 1555 2629 ς.·
1580 2591 1810 2637 anpillaspen

234 2652 297 2684 802
322 2649 516 2695 perhibent
542 2650 613 2691 CI),
637 2650 804 2695 perhibet:
827 2648 883 2684 B2
991 2660 1152 2685 samuam
1257 2651 1320 2684 803
1345 2649 1478 2695 pallam
1505 2648 1558 2683 B2
1670 2659 1733 2684 sex
1759 2647 1809 2683 B²

233 2707 350 2748 modo,
368 2717 463 2742 corr.
484 2705 681 2742 Gulielmus
775 2709 839 2741 804
865 2706 957 2742 clam
973 2706 1179 2742 Acidalius:
1203 2707 1275 2742 iam
1294 2706 1340 2748 B,
1357 2705 1445 2741 tiam
1461 2716 1517 2741 me
1536 2705 1640 2750 C(D);
1666 2716 1688 2741 a
1710 2715 1767 2740 me
1791 2704 1899 2750 Seyf-

231 2763 362 2806 fertus,
388 2763 439 2807 cf.
462 2765 525 2798 611
620 2765 685 2798 806
709 2763 903 2799 insemules
929 2763 990 2799 CI)
1083 2765 1146 2798 807
1172 2763 1252 2808 <et>
1277 2775 1295 2800 ς
1385 2762 1483 2798 refer
1508 2762 1559 2798 B¹
1675 2764 1740 2797 808
1765 2763 1807 2797 ut
1830 2771 1896 2795 om.

233 2818 285 2854 B¹
355 2819 433 2855 sibo
451 2819 567 2858 B¹CD
636 2821 744 2865 <ibo>
771 2819 1000 2856 Camerarius
1069 2822 1177 2866 atque
1195 2819 1359 2865 alloquar
1376 2817 1899 2864 Saracenas.·adquem10quar

233 2878 354 2922 (atque
379 2877 508 2923 loquar
535 2877 597 2920 B2)
692 2879 756 2913 809
781 2876 868 2922 quid
890 2881 977 2924 post
1000 2877 1093 2913 alios
1122 2876 1305 2912 Beckerus
1328 2874 1567 2912 Studemundi
1590 2875 1685 2910 stud.
1709 2875 1741 2917 1,
1765 2874 1838 2909 146
