1998 3179
87 99 116 128 11
137 101 163 133 1,
176 100 276 128 24-44
754 98 1080 136 CISTELLARIA
1661 95 1739 133 293

88 213 190 253 ALc.
242 213 410 253 Patierin
444 225 506 252 me
535 212 767 265 periurare?
825 214 941 254 MEL.
993 213 1062 252 Pol
1092 218 1129 252 te
1161 213 1358 265 aliquanto
1390 212 1552 259 facilius,
1753 218 1810 250 500

91 292 206 332 quam
237 292 299 320 me
330 292 536 331 meamque
567 292 648 319 rem
680 280 808 332 perire
840 287 878 319 et
906 280 1095 319 ludificari
1126 280 1256 319 filiam.

91 347 180 386 alibi
211 359 355 398 quaere
387 346 456 386 ubi
487 347 562 386 iuri
593 347 758 386 iurando
789 354 856 386 tuo
888 347 979 387 satis
1009 347 1058 387 sit
1089 347 1257 387 subsidi:

91 414 154 453 hic
184 415 285 466 apud
319 418 392 454 nos
422 415 512 463 iam,
543 414 846 461 Alcesimarche‚
877 414 1107 464 confregisti
1140 420 1340 454 tesseram.

90 481 192 521 Am.
243 481 342 520 Face
372 481 492 521 semel
521 481 723 533 periclum.
782 481 894 521 MEL.
946 481 1035 520 Feci
1066 494 1193 533 saepe,
1225 482 1328 533 quod
1359 483 1503 521 factum
1534 492 1691 532 queror.

90 549 192 588 ΑΜ).
236 547 368 587 Redde
395 548 449 587 mi
477 548 593 587 illam.
653 548 765 587 MEL.
810 548 917 586 Inter
944 560 1080 586 novam
1112 560 1195 587 rem
1212 549 1374 588 verbum
1401 549 1599 600 usurpabo
1620 552 1814 586 vetus:505

95 615 196 666 quod
227 614 313 653 dedi
346 615 478 653 datum
510 628 589 654 non
622 615 771 661 vellem,
804 615 908 665 quod
939 615 1166 654 relicuomst
1197 628 1275 654 non
1309 615 1420 654 dabo.

90 682 193 722 Am.
243 681 329 720 Non
361 681 569 721 remissura
601 694 642 721 es
671 682 766 720 mihi
796 680 929 721 illam?
988 681 1101 721 MEL.
1156 682 1233 721 Pro
1264 695 1326 721 me
1356 694 1563 734 responsas
1595 681 1678 720 tibi.

91 749 194 789 ΑΜ).
241 749 328 788 Non
360 747 563 788 remittes?
621 749 733 788 MEL.
783 748 867 787 Scis
897 747 969 787 iam
993 748 1139 787 dudum
1170 762 1327 788 omnem
1348 762 1472 788 meam
1503 747 1748 788 sententiam.

92 815 194 856 ALC.
244 815 351 855 Satin
384 815 483 855 istuc
514 815 582 854 tibi
615 815 653 854 in
687 816 804 855 corde
825 815 1042 855 certumst?
1101 816 1213 857 MEL.
1263 816 1366 862 Quin
1401 829 1472 867 ego
1504 820 1750 855 commentor

1309 885 1478 935 quidem.

93 948 195 989 ALC.
245 949 331 988 Non
365 950 501 1002 edepol
531 948 651 1003 (ego)
680 950 798 989 istaec
829 956 892 990 tua
924 951 1023 990 dicta
1055 964 1162 991 nunc
1194 952 1233 990 in
1267 952 1370 991 auris
1400 951 1560 1002 recipio.
1763 955 1819 987 510

93 1016 205 1057 MEL.
236 1015 351 1056 Non?
368 1017 468 1065 hem,
492 1018 582 1068 quid
605 1018 686 1067 agis
702 1017 848 1069 igitur?
894 1019 1067 1058 animum
1086 1020 1242 1058 advorte
1258 1019 1346 1067 iam,
1368 1025 1411 1058 ut
1428 1019 1519 1070 quid
1536 1030 1626 1069 agas
1642 1017 1751 1056 scias.

93 1083 196 1124 Am.
246 1084 294 1123 At
323 1085 374 1124 ita
406 1097 467 1123 me
498 1085 535 1123 di
565 1085 749 1136 deaeque,
781 1086 912 1137 superi
943 1092 1059 1137 atque
1090 1086 1203 1125 inferi
1235 1093 1273 1126 et
1303 1086 1549 1132 medioxumi‚

95 1152 224 1202 itaque
255 1164 317 1190 me
349 1152 449 1191 Iuno
482 1153 615 1204 regina
646 1159 684 1192 et
714 1153 813 1192 Iovis
844 1153 1017 1204 supremi
1048 1153 1124 1192 filia

95 1219 224 1269 itaque
255 1231 316 1258 me
347 1220 539 1259 Saturnus
569 1221 650 1259 eius
680 1226 839 1271 patruos
870 1245 924 1250 —
954 1221 1065 1260 MEL.
1116 1220 1277 1259 Ecastor
1308 1227 1430 1272 pater.

95 1286 197 1326 Am.
249 1287 382 1337 ltaque
413 1299 474 1326 me
507 1287 588 1338 Ops
618 1287 803 1338 opulenta
834 1287 935 1327 illius
957 1289 1036 1326 avia
1060 1311 1110 1316 ——
1132 1288 1244 1328 MEL.
1294 1288 1416 1327 Immo
1441 1293 1562 1326 mater
1583 1286 1822 1337 quidein.515

96 1353 197 1394 Am
250 1353 348 1392 Iuno
382 1354 456 1392 filia
488 1360 526 1393 et
556 1355 749 1393 Saturnus
780 1360 940 1405 patruos
972 1361 1010 1394 et.
1039 1367 1213 1394 summus
1244 1355 1421 1406 luppiter
1452 1377 1503 1382 ——

97 1427 136 1459 tu
169 1433 229 1459 me
261 1421 420 1467 delenis,
449 1428 612 1472 propter
641 1427 679 1460 te
710 1422 804 1461 haec
836 1434 971 1473 pecco.
1032 1422 1145 1462 MEL.
1200 1423 1322 1472 Perge
1353 1422 1494 1460 dicere.

97 1487 199 1527 Am.
250 1488 363 1527 Anne
395 1488 523 1536 etiam,
556 1495 597 1527 ut
628 1489 719 1539 quid
751 1490 977 1528 consultura
1010 1491 1062 1529 sis
1092 1491 1223 1536 sciam,
1256 1490 1386 1540 pergis
1417 1487 1576 1539 eloqui?

98 1555 209 1595 MEL.
259 1555 345 1594 Non
377 1555 582 1594 remittam.
642 1556 894 1595 definitumst.
955 1556 1055 1596 Am.
1106 1556 1222 1595 Enim
1252 1568 1344 1595 vero
1376 1556 1426 1595 ita
1457 1568 1517 1595 me
1551 1556 1724 1607 luppiter

98 1623 226 1673 itaque
259 1635 318 1661 me
349 1622 446 1661 Iuno
478 1623 607 1674 itaque
639 1623 756 1663 Ianus
788 1624 837 1662 ita
869 1648 923 1652 —
956 1625 1046 1675 quid
1079 1624 1202 1663 dicam
1235 1624 1380 1663 nescio.
1769 1629 1825 1661 520

211 1747 273 1778 500
298 1743 441 1788 paterin
471 1755 527 1787 me
557 1744 744 1788 periurare
775 1746 827 1789 A,
858 1745 1045 1790 periurare
1080 1755 1136 1780 me
1168 1745 1308 1789 patiere
1340 1743 1373 1778 P
1495 1744 1555 1798 pol
1579 1748 1614 1787 te
1632 1746 1680 1778 A:
1704 1747 1758 1779 at-

100 1809 167 1844 que
191 1798 226 1834 P
336 1803 399 1835 501
430 1810 486 1835 me
511 1811 577 1835 om.
596 1800 690 1834 B¹V
691 1800 728 1834 E
840 1803 903 1836 502
929 1801 1014 1836 alibi
1046 1811 1179 1845 quaere
1211 1801 1273 1836 ubi
1304 1801 1407 1842 iur[is
1430 1801 1587 1843 ilurandi
1612 1801 1689 1842 [tui]
1714 1801 1759 1845 sit

101 1856 213 1901 satias
245 1855 398 1901 subsidii
433 1858 464 1891 A
500 1857 559 1892 ubi
593 1858 778 1901 qenetivus
814 1858 963 1893 vitiosus
999 1863 1033 1892 et
1069 1858 1179 1893 satias
1216 1858 1375 1903 ineptum
1411 1861 1480 1899 est,
1517 1858 1576 1892 abi
1613 1868 1761 1902 querere

101 1911 161 1947 ubi
190 1914 253 1947 tuo
285 1911 438 1948 iurando
470 1915 533 1948 tuo
567 1913 654 1948 satis
687 1913 734 1949 sit
764 1914 915 1948 subsidii
944 1912 998 1954 P,·
1032 1916 1094 1949 tuo
1124 1914 1277 1949 iurando
1308 1913 1379 1948 iuri
1408 1916 1452 1955 (ς)
1484 1914 1672 1948 verborum
1694 1924 1760 1958 po-

99 1968 261 2002 sitionem
291 1978 365 2002 non
396 1968 559 2012 defendit
588 1968 718 2003 Pseud.
744 1970 819 2003 197
931 1972 994 2004 503
1028 1970 1314 2005 alchesimarche
1338 1970 1372 2004 P
1485 1973 1550 2004 504
1575 1980 1659 2014 sepe
1692 1968 1761 2003 feei

102 2022 136 2058 P
224 2034 376 2069 quaeror
399 2023 430 2058 A
522 2027 586 2058 506
610 2025 770 2067 relie(vei
791 2028 924 2070 q)umst
948 2027 991 2070 Α,
1015 2025 1192 2070 reliquum
1217 2029 1271 2061 est
1290 2025 1322 2060 P
1428 2029 1490 2061 507
1517 2036 1692 2071 responsa
1709 2024 1763 2065 P,-

102 2080 150 2126 cfi
178 2079 300 2115 Herm.
319 2081 378 2121 18,
398 2081 470 2115 575
560 2083 624 2115 508
648 2081 847 2116 iandudum
872 2085 901 2116 A
995 2084 1059 2116 509
1084 2082 1121 2116 in
1146 2083 1253 2117 corde
1278 2085 1414 2118 certum
1440 2085 1494 2117 est
1518 2081 1567 2116 P:
1592 2084 1764 2117 certumst

101 2136 139 2170 in
164 2136 270 2171 corde
286 2136 318 2170 A
434 2137 519 2181 quin
544 2147 608 2180 ego
636 2136 685 2170 P.-
710 2138 795 2181 quin
821 2148 840 2181 e
864 2140 895 2172 A
921 2138 1060 2172 omissis
1083 2149 1127 2182 go
1148 2141 1329 2184 (sequente
1354 2141 1603 2181 commentor);
1628 2137 1764 2172 seilicet

103 2202 197 2227 nunc
223 2192 366 2227 tertium
390 2191 483 2226 idem
508 2192 651 2227 audivit.
688 2194 736 2238 ef.
766 2193 871 2228 Truc.
901 2195 971 2228 736
994 2205 1047 2240 sq.
1143 2198 1220 2229 510.
1248 2197 1310 2229 511
1337 2205 1402 2229 om.
1422 2195 1453 2228 A
1546 2197 1610 2229 510
1628 2193 1762 2229 Melae-

103 2247 178 2282 nidi
201 2248 445 2290 continuatur,
470 2249 617 2283 correxi
720 2249 831 2295 (ego)
855 2249 1059 2285 Schoellius
1164 2253 1226 2286 511
1253 2261 1327 2287 non
1343 2270 1386 2275 —
1405 2251 1481 2293 agis
1506 2248 1764 2285 Alcesimarclu‘

104 2306 174 2345 (AL.
201 2315 267 2338 om.
293 2303 354 2348 B),
377 2304 488 2349 igitur
504 2325 546 2329 —
564 2305 657 2341 scias
684 2305 908 2348 Melaenidis,
935 2307 1085 2342 correxi
1198 2307 1269 2341 iam
1295 2317 1361 2341 om.
1388 2306 1422 2340 B
1538 2306 1633 2350 quod
1667 2304 1707 2347 V,
1732 2304 1767 2339 E

104 2370 152 2395 ex
176 2370 270 2395 corr.
360 2361 413 2396 sic
442 2360 603 2396 ultimum
632 2361 871 2398 adulescentis
900 2369 1068 2397 conatum
1100 2362 1246 2408 repellit
1337 2365 1400 2398 512
1434 2373 1514 2397 Δια.
1541 2362 1766 2396 Saracenas:

105 2426 170 2451 om.
263 2418 371 2461 atque
386 2416 470 2451 AP:
495 2428 560 2451 om.
581 2417 792 2453 Priscianus
816 2420 847 2460 1,
868 2420 916 2452 62
1008 2420 1073 2453 513
1099 2419 1281 2463 suppremi
1306 2418 1340 2452 P
1429 2421 1495 2453 514
1512 2417 1589 2453 eius
1614 2419 1765 2462 patruus

105 2474 142 2507 et
165 2474 285 2508 castor
307 2475 413 2517 pater
437 2471 651 2508 Priscianus
674 2475 705 2514 1,
731 2475 825 2513 322,
854 2477 1006 2519 patruus
1032 2474 1110 2509 eius
1136 2477 1278 2510 ecastor
1301 2477 1350 2516 (et
1375 2477 1495 2510 castor
1521 2475 1567 2516 B)
1591 2476 1697 2518 pater
1720 2472 1764 2515 P,

104 2529 271 2574 personis
287 2527 471 2564 distribuit
486 2528 647 2575 Pylades
657 2544 668 2562 .·
692 2530 768 2565 eius
785 2533 938 2575 patruus
960 2534 996 2566 et
1021 2541 1177 2565 summus
1196 2534 1300 2575 pater
1316 2531 1347 2565 A
1441 2534 1503 2565 515
1529 2531 1611 2566 item
1631 2529 1763 2564 Prisci-

109 2594 199 2619 anus
311 2595 400 2620 MEn.
426 2584 654 2620 Saraeenus:
682 2596 741 2620 AL.
768 2586 810 2627 P,
834 2593 928 2632 spat.
955 2598 1020 2621 om.
1045 2588 1076 2621 A
1194 2590 1257 2622 516
1283 2586 1509 2629 Μείαεηὶιίἱς,
1534 2598 1629 2622 corr.
1654 2585 1766 2621 Suru-

108 2650 216 2676 cenus
299 2640 376 2676 filia
391 2641 482 2677 Iuno
499 2641 531 2676 A
622 2645 775 2687 patruus
794 2646 829 2678 et
845 2644 875 2677 A
885 2643 950 2677 ΗΖ.-
974 2646 1126 2687 patruus
1145 2646 1201 2678 est
1218 2643 1251 2677 P
1341 2654 1480 2678 versum
1498 2643 1644 2678 induxit
1663 2641 1767 2678 Guie-

111 2700 167 2731 tus
257 2700 320 2732 517
338 2708 446 2733 nnn:
470 2701 563 2743 spat.
582 2709 648 2733 om.
667 2700 709 2740 A,
727 2700 807 2734 ilem
824 2710 853 2733 v.
871 2710 925 2744 sq,
1020 2702 1084 2733 518
1102 2702 1143 2734 ut
1158 2699 1266 2734 etiam
1283 2698 1327 2741 P,
1345 2699 1453 2734 etiam
1469 2700 1511 2742 A,
1530 2699 1678 2734 correxi

111 2752 159 2787 sis
178 2752 289 2788 sciam
313 2754 375 2793 (sis
393 2754 468 2788 scia
493 2753 534 2796 V,
560 2754 591 2789 si
615 2754 708 2790 scias
725 2754 771 2792 E»
796 2766 883 2790 MEL.
909 2765 1019 2800 perge
1043 2754 1086 2797 P,
1112 2766 1150 2790 es
1174 2766 1282 2800 perge
1307 2756 1349 2797 A,
1378 2756 1547 2796 συννεφὴ-
1574 2754 1638 2790 sed
1659 2765 1766 2799 perge

111 2817 186 2843 esse
210 2808 369 2844 arbitror
392 2811 510 2855 ipsum
533 2811 652 2855 pergis
747 2814 810 2846 519
835 2821 922 2845 mm„
948 2811 1073 2845 addidi
1167 2814 1230 2846 520
1254 2812 1376 2856 itaque
1400 2812 1505 2847 ianus
1522 2813 1573 2847 A:
1598 2814 1633 2846 et
1650 2813 1768 2846 satur-

111 2873 179 2899 nus
203 2863 246 2906 P,
270 2865 391 2900 nescio
416 2876 463 2900 un
487 2867 607 2901 verius
