1998 3179
94 78 124 105 v
140 78 282 110 '1214-—36
777 72 1077 111 MENAECHMI
1672 74 1752 112 423

97 198 212 238 ΜΕΝ.
262 196 406 247 Ecquis
428 195 625 247 suppetias
647 195 738 234 milii
759 195 874 234 audet
895 193 1027 234 ferre?
1085 194 1213 235 MEss.
1264 194 1360 245 Ego,
1388 206 1465 241 ere,
1488 193 1752 234 audacissime.

98 277 120 303 o
153 264 303 304 facinus
332 263 537 314 indignum
569 269 607 302 et
637 262 793 308 malum,
910 262 1130 313 Epidamnii
1162 262 1276 309 cives,
1307 274 1416 301 erum

98 344 227 371 meum
260 331 324 370 hic
355 332 394 369 in
429 336 563 381 pacato
597 329 740 381 oppido
856 329 932 368 luci
964 330 1134 382 deripier
1164 330 1202 368 in
1234 330 1306 376 via,
1770 336 1843 368 1005

269 399 335 450 qui
364 397 465 437 liber
494 397 541 436 ad
572 410 638 436 vos
668 397 828 436 venerit.

97 467 237 506 mittite
268 467 409 505 istunc.
468 465 584 505 ΜΕΝ.
636 464 808 504 Obsecro
840 471 890 512 te,
922 465 1099 515 quisquis
1129 477 1182 510 es,
1214 476 1371 516 operam
1402 464 1496 503 mihi
1527 469 1566 502 ut
1598 463 1677 502 des.

99 546 174 573 neu
207 534 310 573 sinas
341 534 378 571 iu
414 545 474 572 me
504 533 689 583 insignite
721 531 804 570 fieri
835 538 980 570 tantam
1013 532 1207 570 iniuriam.

97 601 226 641 MEss.
276 600 399 639 immo
431 606 471 638 et
500 611 660 651 operam
691 599 789 637 dabo
822 605 859 638 et
889 599 1096 638 defendam
1127 606 1165 637 et
1195 598 1410 638 subvenibo
1442 597 1591 637 sedulo.

98 681 312 720 numquam
343 675 381 706 te
411 667 535 718 patiar
565 667 707 718 perire,
739 678 800 705 me
831 666 996 717 perirest
1027 667 1201 718 aequius.
1772 674 1846 707 1010

98 736 206 787 eripe
237 735 395 774 oculum
424 734 501 782 isti,
532 733 581 772 ab
612 745 749 772 umero
781 733 846 784 qui
878 740 999 780 tenet,
1031 746 1109 780 ere,
1144 740 1180 772 te
1212 733 1390 772 obsecro.

97 803 203 842 hisce
234 814 306 853 ego
338 802 414 841 iam
443 807 658 841 sementem
690 801 728 840 in
761 813 828 839 ore
861 801 998 840 faciam
1029 813 1264 853 pugnosque
1296 800 1486 839 obseram.

97 870 264 909 maximo
295 869 410 908 hodie
440 868 542 908 malo
572 868 704 908 hercle
735 875 866 908 vostro
898 872 1028 908 istunc
1058 869 1178 908 fertis.
1241 869 1390 908 mittite.

97 937 213 978 ΜΕΝ.
236 937 368 976 Teneo
386 949 458 988 ego
475 937 566 976 huic
585 936 753 975 oculum.
785 935 913 976 MEss.
940 936 1038 975 Face
1056 943 1098 975 ut
1114 936 1216 976 oculi
1233 936 1343 975 locus
1359 936 1398 975 in
1419 936 1543 987 capite
1560 942 1757 988 appareat.

96 1018 164 1045 vos
194 1005 361 1052 scelesti,
392 1017 460 1044 vos
490 1004 651 1055 rapacis,
683 1017 749 1043 vos
780 1005 1011 1056 praedones.
1071 1004 1271 1044 LoRARII.
1322 1004 1523 1043 Periimus.
1772 1012 1847 1046 1015

98 1073 262 1113 obsecro
292 1071 438 1111 hercle.
498 1071 626 1112 Mess.
676 1071 814 1111 Mittite
846 1084 952 1123 ergo.
1013 1072 1129 1112 ΜΕΝ.
1180 1071 1280 1118 Quid
1310 1084 1372 1110 me
1402 1071 1510 1111 vobis
1541 1070 1724 1111 taetiost?

98 1147 211 1193 pecte
241 1141 397 1193 pugnis.
457 1139 587 1179 MEss.
636 1140 748 1191 Agite
779 1139 892 1187 abite,
925 1140 1045 1191 fugite
1076 1140 1168 1179 hinc
1198 1141 1236 1179 in
1270 1140 1406 1179 malam
1439 1152 1609 1179 crucem.

99 1221 159 1248 em
191 1208 260 1248 tibi
291 1208 425 1247 etiam:
460 1208 549 1258 quia
579 1213 802 1260 postremus
832 1208 948 1254 cedis,
981 1208 1055 1247 hoc
1086 1208 1233 1259 praemi
1264 1209 1378 1247 feres.

99 1276 213 1316 nimis
243 1275 346 1314 bene
378 1286 446 1313 ora
476 1275 703 1314 commetavi
735 1282 852 1326 atque
884 1288 929 1314 ex
960 1288 1044 1314 mea
1075 1275 1281 1314 sententia.

100 1343 252 1395 edepol,
285 1355 362 1389 ere,
396 1355 445 1381 ne
477 1341 547 1381 tibi
577 1343 776 1394 suppetias
807 1344 972 1394 temperi
1004 1343 1141 1382 adveni
1172 1344 1301 1382 modo.
1434 1372 1439 1376 ,
1774 1350 1849 1383 1020

97 1410 213 1451 ΜΕΝ.
262 1411 312 1449 At
340 1409 410 1449 tibi
441 1409 479 1449 di
509 1422 675 1462 semper,
706 1411 947 1458 adulescens,
981 1411 1157 1462 quisquis
1187 1424 1240 1457 es,
1273 1411 1417 1450 saciant
1448 1411 1562 1450 bene.

98 1490 188 1517 nam
219 1477 365 1529 absque
395 1484 433 1517 te
464 1484 577 1524 esset,
608 1478 723 1517 hodie
755 1491 968 1529 numquam
1000 1479 1045 1518 ad
1077 1479 1199 1518 solem
1231 1491 1410 1518 occasum
1441 1479 1621 1518 viverem.

97 1545 226 1586 MEss.
276 1545 381 1597 Ergo
415 1544 565 1596 edepol,
596 1545 628 1584 si
660 1552 765 1584 recte
797 1546 923 1593 facias,
955 1558 1034 1593 ere,
1066 1546 1153 1585 med
1185 1547 1337 1586 emittas
1367 1558 1498 1587 manu.

97 1613 214 1653 ΜΕΝ.
263 1612 444 1652 Liberem
475 1625 547 1665 ego
580 1611 648 1652 te?
706 1613 835 1654 MEss.
876 1614 1033 1661 Verum,
1065 1615 1395 1666 quandoquidem,
1428 1628 1507 1664 ere,
1539 1622 1576 1655 te
1598 1617 1758 1656 servavi.

1092 1683 1209 1724 ΜΕΝ.
1269 1683 1370 1730 Quid
1403 1683 1488 1724 est?

98 1749 339 1795 adulescens,
362 1761 481 1788 erras.
541 1749 670 1790 MEss.
720 1748 833 1796 Quid,
857 1749 973 1789 erro?
1027 1751 1144 1791 ΜΕΝ.
1194 1751 1269 1791 Per
1288 1752 1417 1792 Iovem
1440 1753 1575 1792 atliuro
1598 1760 1759 1805 patrem,
1776 1760 1851 1792 1025

1418 1268 1449 1291 s

216 1885 300 1917 1003
323 1883 444 1928 possis
466 1882 573 1927 (hic)
596 1883 702 1928 mihi;
728 1884 778 1919 ad
800 1884 927 1920 ultima
952 1885 1001 1929 cf.
1019 1883 1242 1920 Poen.1149
1333 1886 1444 1922 audet
1462 1886 1530 1921 B2:
1553 1888 1617 1921 aut
1634 1889 1671 1922 et

102 1941 199 1974 1005.
227 1941 314 1974 1006
337 1949 410 1973 uno
434 1949 538 1974 versa
563 1939 599 1974 B
694 1943 778 1975 1005
804 1941 914 1987 opido
1009 1943 1094 1976 1006
1117 1941 1248 1977 liberat
1273 1952 1338 1978 uos
1430 1943 1468 1977 in
1493 1943 1525 1977 Α
1541 1943 1637 1978 inter
1660 1944 1763 1978 1005

99 2000 135 2030 et
157 1996 262 2030 1008
285 1994 358 2030 duo
382 2005 506 2030 versus
527 1995 701 2040 faerunt;
732 2008 896 2032 versuum
924 1998 1034 2032 1005.
1060 1999 1166 2032 1008
1198 1999 1304 2033 1013.
1328 1999 1425 2033 1015
1443 1999 1585 2045 primae
1610 1999 1761 2041 litterae,

99 2052 196 2087 1016
213 2062 331 2095 —cro‚
348 2052 416 2086 101
424 2053 445 2086 7
451 2051 561 2098 prior
570 2063 665 2098 pars
681 2052 815 2098 leqitur
886 2056 969 2088 1007
984 2054 1127 2089 mittitis
1138 2056 1226 2090 tunc
1241 2054 1367 2096 13¹0st
1380 2055 1474 2091 mitti
1486 2056 1606 2091 istunc
1621 2055 1672 2090 B2

100 2118 138 2143 es
164 2118 231 2142 om.
259 2107 293 2143 B
384 2110 426 2143 ut
447 2109 512 2144 des
536 2108 616 2143 B².·'
639 2108 741 2144 uides
833 2111 875 2145 ut
904 2110 967 2145 des
991 2110 1080 2145 mihi
1105 2110 1343 2146 Camerarius.
1390 2112 1428 2146 in
1448 2112 1524 2157 fine
1544 2113 1635 2158 poni
1653 2123 1763 2159 posse

101 2163 262 2209 quisquis
280 2175 318 2200 es
339 2163 490 2200 olsenus
506 2164 644 2200 indicat
660 2165 704 2200 de
717 2176 827 2212 pron.
845 2166 955 2202 subst.
973 2168 1023 2201 36
1107 2170 1193 2202 1009
1210 2170 1247 2202 et
1257 2167 1417 2214 primwn
1434 2168 1502 2203 del.
1523 2168 1672 2204 Guietas

101 2220 322 2256 subueniebo
352 2220 399 2255 Βι
515 2224 603 2256 1010
634 2221 770 2258 derires
801 2223 997 2266 (derideres
1025 2222 1070 2266 B)
1102 2227 1139 2259 te
1169 2223 1293 2268 cuius,
1325 2235 1419 2259 corr.
1445 2224 1673 2260 Camerarius

103 2279 186 2313 1011
213 2276 294 2322 (te)
326 2279 426 2312 tenet
451 2276 679 2313 Camerarius
774 2282 857 2314 1013
890 2290 1056 2316 maxumo
1086 2281 1208 2316 hercle
1233 2280 1407 2320 Boacias,
1441 2280 1646 2327 Seyffertas
1668 2283 1762 2317 stud.

101 2331 159 2368 Pl.
177 2335 202 2368 5
290 2333 376 2368 hodi
394 2332 474 2369 DC2
568 2337 654 2370 1014
678 2337 784 2371 teneo
800 2346 854 2381 sq.
878 2337 992 2375 servi,
1016 2336 1097 2372 face
1114 2347 1166 2382 sq.
1192 2336 1433 2373 adulescentis
1457 2337 1492 2372 B
1587 2341 1673 2373 1015
1698 2349 1760 2384 pe·

102 2390 214 2425 rimus
308 2393 528 2425 1015—1017
551 2402 648 2437 pers.
675 2403 741 2426 om.
768 2396 866 2435 (ante
891 2393 1009 2438 [agite]
1034 2398 1129 2439 spat.
1149 2395 1192 2435 A)
1289 2397 1372 2429 1010
1398 2394 1502 2429 uobis
1527 2404 1583 2429 me
1601 2394 1763 2430 Baebius

103 2446 141 2480 in
165 2445 405 2481 Studemuncli
426 2446 521 2482 stud.
546 2449 584 2488 2,
608 2449 686 2483 243
798 2449 911 2485 tactio
936 2449 967 2485 si
993 2448 1054 2486 CD
1172 2454 1256 2486 1017
1284 2450 1384 2494 abite
1407 2452 1459 2485 A:
1493 2450 1616 2486 habite
1641 2449 1676 2485 P

106 2504 328 2538 1018—1023
354 2502 464 2545 nihil,
496 2506 718 2539 1024-1026
740 2516 882 2551 paucae
906 2506 1048 2541 litterae
1071 2508 1103 2541 Α
1198 2509 1283 2542 1018
1309 2518 1354 2542 en
1448 2509 1534 2542 1019
1558 2507 1664 2543 nimis
1689 2507 1765 2543 Bo-

106 2558 220 2594 thius:
243 2558 348 2595 nimis
364 2562 428 2595 aut
495 2560 587 2596 hora
655 2561 706 2607 cf.
725 2560 946 2603 Salmas-ius,-
970 2563 1265 2598 commetaculum
1283 2564 1387 2609 υἷι-μα
1400 2564 1587 2609 flaminum
1612 2563 1766 2606 (Paulus

107 2616 166 2650 56.
186 2616 244 2656 64)
336 2617 576 2652 commentaui
595 2616 656 2660 ΒΞ,
682 2619 898 2654 commutant
916 2631 945 2660 ς,
971 2619 1020 2664 cf.
1040 2618 1282 2654 Boxlwrnias
1304 2619 1444 2666 (Amph.
1463 2620 1535 2654 316
1549 2630 1603 2665 sq.
1621 2619 1766 2665 confert

107 2670 321 2714 Selloellius)
399 2675 486 2707 1020
501 2675 660 2718 tempore
741 2677 824 2710 1022
838 2685 991 2720 namque
1003 2675 1138 2720 absque
1154 2675 1189 2709 B
1258 2676 1320 2711 ted
1331 2678 1426 2711 esset
1441 2674 1512 2717 CD,
1526 2678 1562 2711 te
1575 2685 1635 2711 ee*
1653 2675 1716 2717 13¹,
1728 2678 1765 2712 te

106 2738 220 2763 essem
238 2727 290 2763 Β2
365 2728 450 2764 solis
469 2729 531 2771 B2,
556 2730 624 2765 soli
649 2730 700 2765 B¹
776 2730 901 2766 uiuere
921 2731 971 2765 B¹
1051 2733 1136 2765 1023
1160 2741 1216 2766 me
1293 2732 1414 2768 mittas
1431 2731 1467 2766 B
1545 2734 1632 2767 1024
1656 2731 1765 2767 liber-

107 2786 179 2819 tem
197 2783 268 2824 OD.
291 2783 444 2820 liberum
464 2786 515 2821 Β2
609 2796 749 2822 uerum:
776 2786 972 2833 respondet
988 2787 1093 2832 quasi
1116 2797 1189 2821 non
1213 2785 1492 2832 z'uterrofflcverc‘t
1515 2787 1580 2824 sed
1602 2790 1766 2824 enuntia-

107 2840 199 2876 verit
220 2839 486 2884 Menaechmus,
509 2842 559 2887 cf.
588 2841 707 2878 Herm.
732 2843 792 2885 18,
810 2844 882 2877 575
