1998 3179
103 97 131 130 Ι,
149 97 233 126 1—21

798 767 1059 807 OLYMPIO
1740 770 1762 809 I

101 861 188 900 Non
220 859 312 899 mihi
345 859 460 898 licere
491 869 615 897 meam
647 869 730 896 rem
760 869 822 896 me
852 857 992 904 solum,
1023 864 1065 896 ut
1095 856 1195 904 volo,

102 927 206 979 loqui
237 933 353 978 atque
383 925 565 976 cogitare,
596 924 681 964 sine
711 924 776 963 ted
806 923 984 963 arbitro?

101 994 193 1046 quid
224 1001 279 1041 tu,
310 993 466 1040 malum,
498 1005 559 1031 me
589 990 779 1043 sequere?

784 1081 1079 1121 CHALINVS

782 1149 879 1194 Quia
911 1155 1061 1188 certum
1093 1155 1152 1188 est
1181 1149 1286 1196 mihi,

100 1219 208 1270 quasi
240 1218 388 1265 umbra,
420 1229 579 1268 quoquo
610 1222 651 1255 tu
682 1216 768 1262 ibis,
800 1223 837 1255 te
867 1228 1022 1267 semper
1051 1216 1182 1267 sequi3

101 1286 195 1337 quin
228 1285 366 1336 edepol
396 1285 510 1324 etiam
541 1284 572 1324 si
603 1284 641 1323 in
675 1295 831 1323 crucem
861 1284 917 1323 vis
948 1295 1124 1335 pergere,

100 1353 210 1404 sequi
242 1352 491 1392 decretumst.
523 1351 665 1390 dehinc
696 1351 866 1390 conicito
899 1357 1085 1397 ceterum,

99 1420 278 1472 possisne
312 1431 436 1458 necne
467 1418 564 1457 clam
595 1430 657 1457 me
687 1418 820 1457 sutelis
851 1418 927 1457 tuis

99 1488 322 1539 praeripere
353 1486 530 1526 Casinam
564 1498 735 1533 uxorem,
767 1485 933 1537 proinde
960 1491 1003 1524 ut
1032 1485 1217 1536 postulas.

99 1555 174 1596 ΟΕ.
225 1554 325 1600 Quid
356 1553 425 1592 tibi
457 1553 627 1604 negotist
656 1551 838 1591 mecum?
898 1552 1032 1592 CHAL,
1083 1552 1184 1598 Quid
1215 1552 1284 1599 ais,
1315 1551 1549 1604 impudens?

101 1622 192 1674 quid
223 1623 262 1661 in
296 1621 391 1661 urbe
421 1627 563 1672 reptas,
594 1621 703 1660 vilice
734 1621 834 1660 haud
866 1621 997 1670 magni
1028 1618 1157 1672 preti?

101 1689 176 1730 OL.
226 1689 364 1728 Lubet.
423 1689 557 1729 CHAL.
607 1688 710 1734 Quin
743 1688 826 1727 ruri
857 1700 898 1727 es
928 1688 967 1726 in
1001 1688 1245 1739 praefectura
1276 1685 1368 1727 tua?

102 1757 193 1808 quin
226 1757 356 1809 potius
387 1756 490 1807 quod
522 1756 690 1806 legatum
723 1762 781 1795 est
811 1755 880 1794 tibi
911 1755 1125 1807 negotium,

101 1825 138 1864 id
168 1836 280 1864 curas
309 1831 426 1875 atque
455 1823 617 1863 urbanis
647 1823 765 1862 rebus
796 1830 832 1862 te
863 1821 1065 1874 apstines‘?

102 1891 178 1930 huc
209 1892 299 1930 mihi
331 1892 468 1931 venisti
499 1903 684 1943 sponsam
716 1898 967 1943 praereptum
999 1903 1143 1930 meam:

102 1959 162 1998 abi
194 1971 272 2007 rus,
303 1959 365 1998 abi
397 1960 592 1998 dierectus
623 1965 729 1998 tuam
761 1959 798 1998 in
832 1959 1084 2010 provinciam.

102 2026 176 2067 ΟΕ.
226 2026 398 2074 Chalino,
432 2039 511 2066 non
542 2039 628 2066 sum
661 2025 803 2065 oblitus
834 2026 1005 2065 officium
1038 2037 1185 2065 meum:

101 2095 269 2146 praefeci
300 2095 382 2134 ruri
413 2102 519 2133 recte
551 2095 617 2146 qui
648 2100 758 2133 curet
788 2100 931 2133 tamen.

101 2174 172 2213 ego
203 2162 278 2202 huc
309 2162 412 2214 quod
444 2162 530 2201 veni
562 2162 602 2200 in
633 2161 770 2200 urbem
803 2161 834 2200 si
865 2161 1136 2212 impetravero,

103 2242 260 2269 uxorem
293 2237 337 2270 ut
366 2230 477 2270 istam
511 2230 662 2277 ducam,
694 2241 808 2280 quam
839 2235 880 2268 tu
912 2229 1080 2281 deperis,

101 2297 239 2337 hellam
271 2304 309 2337 et
339 2298 519 2338 tenellam
553 2297 744 2344 Casinam,
776 2309 1001 2336 conservam
1034 2304 1151 2344 tuam,

104 2365 259 2417 quando
291 2379 362 2418 ego
393 2378 475 2405 eam
509 2377 662 2404 mecum
694 2377 760 2404 rus
791 2376 955 2404 uxorem
986 2364 1198 2409 abduxero,

216 2512 258 2545 89
284 2510 455 2554 Ounno
480 2520 660 2545 cmmvs
684 2511 728 2552 A,
753 2510 912 2545 Onmmo
937 2519 1089 2544 cumve
1114 2519 1222 2544 snnw
1237 2517 1312 2543 nvo
1335 2509 1382 2549 (o.
1401 2516 1429 2541 s.
1447 2516 1479 2540 c.
1496 2516 1521 2540 n
1547 2504 1625 2547 ΥΕ)
1643 2504 1678 2539 P

105 2565 310 2613 Olympioni
339 2577 537 2601 sermonem
571 2566 696 2601 tribuit
727 2565 932 2607 Acidalius‚
966 2564 1116 2601 Chalino
1142 2563 1191 2605 P,
1224 2568 1259 2598 et
1290 2564 1342 2598 sio
1373 2562 1543 2608 deinceps
1574 2571 1688 2607 usque
1716 2560 1766 2595 ad

101 2636 133 2661 v.
161 2624 210 2658 97
298 2625 339 2658 90
364 2623 427 2658 ted
449 2623 501 2657 sic
525 2621 594 2657 ΑΡ
683 2624 726 2657 92
751 2621 853 2666 quasi
877 2621 1004 2656 umbra.
1026 2621 1103 2656 scil.
1129 2619 1290 2664 sequitur
1385 2621 1425 2653 tu
1447 2618 1539 2652 ibeis
1563 2620 1600 2653 te
1624 2627 1765 2662 semper

103 2679 205 2724 sequi
228 2681 278 2714 A.-
307 2679 377 2714 ibis
401 2681 442 2714 tu
466 2681 502 2714 te
525 2678 694 2722 persequi
718 2676 761 2719 P,
792 2678 843 2722 cf.
868 2677 948 2712 Aul.
974 2677 1049 2711 449
1186 2680 1227 2710 97
1253 2674 1375 2718 negoti
1397 2684 1536 2709 mecum
1565 2675 1620 2708 est
1644 2671 1678 2707 P

104 2737 146 2770 98
173 2735 211 2770 C.
230 2745 371 2782 praem.
500 2735 600 2769 haud
623 2736 671 2769 A:
694 2733 753 2768 hic
778 2733 812 2768 P
947 2735 990 2767 99
1020 2743 1072 2777 sq.
1100 2731 1270 2767 locuntur
1302 2730 1408 2776 quasi
1428 2733 1581 2776 praetor
1603 2729 1765 2765 urbanus

103 2800 183 2824 cum
201 2791 395 2836 praefecto
420 2789 568 2825 Fundos
591 2790 647 2825 vel
664 2790 842 2836 Arpinum
866 2789 974 2824 misso
1115 2790 1177 2822 102
1201 2787 1289 2821 mihi
1313 2796 1382 2820 om.
1400 2784 1435 2820 P
1570 2787 1634 2821 106
1659 2785 1691 2830 si
1715 2787 1763 2820 A:

104 2846 175 2882 nisi
190 2845 226 2880 P
316 2849 378 2881 107
402 2846 520 2882 istanc
543 2849 614 2888 (·nt
647 2845 727 2889 VE)
751 2845 785 2880 P
876 2848 940 2879 109
964 2844 1108 2889 quando
1134 2846 1239 2887 [eam]
1264 2852 1402 2878 mecum
1418 2842 1449 2877 A

1792 1433 1830 1466 95

1777 1770 1830 1802 100

1775 2107 1830 2139 105
