1998 3179
86 80 100 107 1
111 80 137 112 1,
155 79 240 108 8-25
769 75 1057 111 AMPHITRVO
1693 77 1714 112 1
1724 78 1744 113 1

199 193 250 232 ita
279 204 446 245 peregre
476 191 685 231 adveniens
798 191 967 243 hospitio
998 190 1209 242 publicitus
1239 190 1418 241 accipiar.
1675 197 1813 232 161.162

372 259 468 298 haec
498 259 554 298 eri
583 258 825 298 immodestia

143 328 280 380 coegit,
310 340 373 366 me
404 327 471 378 qui
501 327 575 366 hoc
606 326 732 365 noctis
763 338 783 365 a
813 331 930 377 portu
960 325 1135 376 ingratiis
1165 324 1354 364 excitavit.

201 408 336 435 nonne
366 395 468 433 idem
498 394 572 432 hoc
603 393 680 432 luci
794 405 856 431 me
887 396 1039 432 mittere
1071 391 1228 444 potuit?

291 462 478 514 opulento
507 460 658 499 homini
688 461 764 498 hoc
794 461 960 499 servitos
991 461 1087 499 dura
1118 466 1191 505 est,

288 530 364 568 hoc
392 529 514 580 magis
543 527 662 567 miser
693 533 750 566 est
779 527 905 566 divitis
936 540 1088 566 servos:

200 599 414 647 noctesque
444 596 604 647 diesque
635 595 788 635 assiduo
819 595 911 634 satis
941 607 1138 646 superque
1170 602 1228 634 est

200 664 303 716 quod
334 665 436 702 facto
467 670 531 702 aut
561 663 665 702 (11010
696 664 830 702 adeost
859 667 972 714 opus,
1005 662 1160 713 quietus
1191 675 1240 701 ne
1272 662 1336 701 sis.

197 735 281 783 ipse
311 731 492 770 dominus
523 731 639 777 dives,
671 731 802 782 operis
833 733 870 770 et
899 730 1044 769 laboris
1076 742 1227 781 expers,

197 799 473 850 quodcumque
503 799 652 837 homini
683 798 823 837 accidit
852 798 986 843 libere,
1019 810 1134 849 posse
1165 804 1296 836 retur:

197 870 363 918 aequom
394 879 478 906 esse
507 869 632 917 putat,
664 879 744 904 non
777 868 931 917 reputat
962 865 1107 904 laboris
1137 865 1229 916 quid
1260 865 1321 904 sit.

255 932 343 990 [nec
373 937 536 985 aequom
567 946 670 973 anne
701 934 878 985 iniquom
909 934 1075 985 imperet
1107 930 1320 988 cogitabit]

254 1015 345 1054 ergo
376 1005 416 1040 in
448 1001 632 1041 servitute
663 1003 854 1052 expetant
882 1001 1001 1040 multa
1034 1001 1190 1051 iniqua:

254 1069 478 1108 habendum
510 1074 547 1107 et
578 1069 789 1107 seriindum
819 1069 894 1107 hoc
926 1070 1045 1107 onust
1075 1081 1164 1106 cum
1193 1067 1342 1107 labore.

308 1137 448 1177 MERC.
501 1136 647 1175 Satinst
675 1149 736 1175 me
767 1136 878 1187 queri
909 1136 973 1175 illo
1005 1136 1120 1175 modo
1151 1137 1397 1175 servitiitem:

369 1204 482 1244 hodie
514 1204 580 1255 qui
611 1204 749 1243 fuerim
782 1204 892 1249 liber,

309 1275 399 1311 elim
430 1284 537 1311 nunc
567 1272 704 1323 polivit
734 1275 846 1323 pater
876 1272 1084 1316 servimtis,

306 1340 370 1379 hic
401 1340 467 1390 qui
497 1352 614 1378 verna
648 1346 761 1378 natus
791 1347 849 1379 cst
880 1340 1070 1390 queritur.

81 1409 170 1449 Sos.
221 1408 314 1447 Sum
347 1410 438 1446 vero
470 1419 588 1446 verna
619 1406 802 1446 verbero:
919 1419 1013 1446 num
1046 1411 1210 1446 1111111010
1243 1407 1294 1446 mi
1326 1408 1366 1446 in
1399 1410 1569 1447 mentem
1602 1408 1686 1454 suit,

197 1520 372 1553 161—164
409 1523 522 1552 metra
546 1518 698 1552 incerta.
747 1516 961 1552 Priscianus
985 1518 1025 1559 2,
1042 1518 1109 1551 422
1138 1517 1226 1552 haec
1257 1517 1338 1552 cola
1368 1518 1520 1553 iambica
1544 1518 1663 1553 norit:
1698 1518 1749 1552 ita

80 1584 226 1620 peregre
250 1573 444 1608 adueniens
470 1578 504 1608 et
527 1574 587 1617 qui
611 1573 679 1608 hoc
705 1574 823 1609 noctis
847 1583 868 1607 a
892 1577 999 1618 portu
1029 1573 1201 1608 dimetros
1229 1573 1574 1619 brachycatalectos,
1600 1574 1748 1618 ingratis

81 1630 255 1666 excitauit
283 1630 471 1665 dimetrum
502 1631 769 1672 catalecticum,
801 1630 956 1674 hospitio
987 1629 1182 1674 publicitus
1211 1629 1370 1674 accipiar
1401 1630 1588 1665 dimetrum
1614 1629 1750 1676 hyper·

82 1686 295 1721 catalectum
392 1688 453 1721 162
478 1686 674 1731 puplicitus
772 1689 844 1721 163.
866 1689 930 1721 164
955 1698 1027 1721 uno
1047 1697 1151 1722 versu
1247 1689 1309 1721 164
1335 1686 1570 1722 bucolicorum
1595 1687 1747 1734 speciem

82 1742 187 1778 habet
276 1744 424 1786 ingratis
518 1745 582 1778 165
607 1743 675 1778 hoc
692 1743 763 1778 luci
789 1747 941 1778 testatur
968 1742 1152 1778 Charisius
1174 1744 1241 1777 203
1265 1742 1446 1785 (Sisenna)
1540 1743 1645 1778 colon
1664 1744 1749 1779 Rei-

81 1799 228 1833 zianum
245 1798 385 1845 duplex
465 1801 539 1834 166.
556 1802 617 1834 167
637 1800 830 1845 anapaesti
911 1801 972 1834 167
992 1799 1125 1834 diuitiis
1140 1799 1174 1833 B
1182 1799 1266 1834 ¹DE
1333 1801 1424 1834 mira
1442 1811 1500 1835 res
1515 1801 1578 1846 (cf.
1600 1800 1749 1836 Plzilem.

80 1855 156 1900 frq.
174 1856 219 1889 56
235 1853 292 1896 K„
316 1855 426 1890 Arist.
445 1854 542 1889 Plut.
562 1859 593 1896 1)
616 1856 743 1890 merito
760 1856 910 1901 φανίας
927 1855 1055 1890 iterum
1073 1855 1226 1900 effertur
1320 1858 1496 1890 los—172
1521 1857 1659 1891 ionicos
1676 1867 1751 1892 esse

74 1915 164 1957 post
187 1911 391 1947 Bentleium
424 1911 512 1946 vidit
542 1911 775 1946 Hermannus
806 1912 905 1947 elem.
939 1911 1055 1946 doctr.
1088 1916 1188 1947 metr.
1221 1913 1288 1946 458
1310 1923 1380 1958 sq.;
1413 1912 1557 1948 schema
1587 1912 1655 1948 lzoc
1679 1921 1751 1948 cst:

82 1981 228 1998 -—W
296 1981 444 1997 ——w
513 1983 689 1998 -υ-κ.)

759 1989 787 1993 -
806 1989 845 2022 -,
871 1979 1054 2014 anaclasis
1071 1980 1105 2014 in
1123 1981 1249 2025 priore
1268 1984 1380 2026 parte
1396 1983 1497 2015 v.171
1517 1980 1649 2016 accidit
1666 1981 1691 2015 li
1710 2001 1749 2005 —

82 2051 117 2081 et
139 2051 178 2082 ut
201 2046 287 2082 libet
310 2057 341 2082 v.
357 2048 432 2081 170.
463 2048 514 2092 cf.
540 2047 590 2082 ad
612 2046 745 2082 Pseud.
773 2048 858 2082 1275
872 2058 927 2093 sq.
1034 2051 1096 2082 169
1122 2058 1203 2092 quo,
1228 2058 1322 2082 corr.
1347 2047 1547 2083 Muellerus
1638 2050 1750 2091 adest,

82 2114 178 2139 corr.
196 2103 453 2139 Laclamaunus
560 2104 688 2147 quietis
709 2104 767 2146 D1,
793 2104 980 2148 quietistus
1002 2103 1039 2138 E
1043 2105 1052 2124 ¹
1163 2107 1220 2138 171
1242 2105 1292 2149 cf.
1314 2105 1384 2141 Cic.
1410 2105 1459 2140 ad
1479 2106 1570 2150 fam.
1589 2106 1620 2142 3,
1642 2108 1692 2143 10.
1711 2109 1752 2147 5,·

82 2161 114 2201 6,
134 2162 185 2200 11,
204 2162 234 2194 1.
268 2170 340 2194 non
357 2164 452 2194 recte
469 2159 670 2195 Schoellius
694 2160 743 2194 ad
769 2161 870 2206 Capt.
888 2162 962 2194 171.
1003 2170 1110 2204 posse
1133 2160 1209 2195 scil.
1235 2161 1423 2206 hominem,
1450 2162 1580 2197 deinde
1603 2172 1753 2206 aequom

83 2226 161 2251 esse
184 2215 260 2251 scil.
285 2215 380 2260 quod
404 2220 444 2250 ut
467 2216 578 2251 libeat
602 2217 775 2252 acciderit
798 2217 862 2260 (cf.
887 2216 1085 2259 Langenus
1107 2217 1201 2251 stud.
1228 2216 1284 2253 Pl.
1302 2218 1382 2259 234)
1487 2222 1548 2253 173
1569 2230 1596 2253 υ.
1614 2230 1642 2253 s.
1663 2225 1754 2264 post

84 2273 150 2306 160
166 2271 239 2314 (ubi
257 2271 435 2315 cogitabat
460 2270 518 2314 E).
558 2282 681 2307 versus
706 2284 778 2307 una
804 2283 883 2307 cum
909 2274 975 2306 172
996 2273 1093 2317 ferri
1116 2274 1262 2319 περαίη·
1286 2275 1480 2309 insiticium
1505 2275 1634 2310 evincit
1659 2275 1753 2318 cogi-

82 2328 174 2364 tabit
195 2329 375 2373 futurum.
424 2328 475 2373 cf.
501 2339 532 2363 v.
557 2339 610 2374 sq.
635 2328 757 2373 iniqua
872 2332 935 2363 175
961 2339 1050 2364 onus
1077 2334 1131 2364 est
1155 2330 1222 2365 B²:
1249 2341 1339 2375 opus
1365 2334 1420 2366 est
1532 2334 1603 2365 176.
1636 2336 1692 2366 177
1719 2336 1754 2366 et

85 2387 161 2420 178.
188 2388 250 2420 179
275 2385 458 2419 coniuncti
576 2388 638 2419 176
663 2385 712 2420 M.
739 2396 807 2420 om.
834 2384 969 2426 BD1E,
995 2386 1075 2420 item
1102 2387 1177 2420 180.
1206 2389 1280 2422 185.
1307 2389 1381 2422 186.
1408 2394 1576 2423 notarunt
1591 2389 1754 2424 omissio—

84 2451 162 2476 nem
184 2442 268 2487 fere
291 2452 365 2476 non
389 2441 558 2476 indicabo
583 2442 655 2476 nisi
678 2442 737 2477 nbi
761 2442 938 2477 dubitatio
969 2443 1061 2477 oriri
1083 2444 1201 2488 possit
1312 2447 1372 2479 178
1397 2446 1515 2489 potuit
1540 2445 1666 2480 B¹DE

87 2500 149 2532 179
174 2497 234 2542 qui
259 2509 327 2533 om.
352 2497 451 2532 Noni
474 2499 519 2532 43
542 2497 660 2544 Luqd.
686 2498 823 2540 Harl.¹,
856 2509 927 2544 quo
960 2498 1065 2534 colon
1086 2499 1131 2544 fit
1155 2500 1263 2546 quale
1287 2502 1351 2535 177
1377 2501 1447 2542 (hic
1472 2502 1584 2536 uerna
1609 2505 1752 2540 natust:

85 2554 278 2598 queritur),
310 2554 374 2591 sed
406 2565 450 2589 ne
478 2556 530 2590 sic
563 2554 705 2600 quidem
735 2565 852 2590 sermo
885 2556 1093 2590 concinnus.
1140 2559 1264 2602 possis
1289 2557 1383 2592 velut
1405 2558 1544 2603 (quor)
1569 2560 1753 2602 queritur?

84 2610 181 2654 (quid
197 2610 256 2646 hic
278 2610 393 2646 uerna
414 2614 521 2646 natus
546 2611 729 2655 queritur?
755 2611 970 2646 Redslobius
995 2611 1038 2645 N.
1062 2612 1150 2658 phil.
1177 2613 1347 2649 runclsclt.
1375 2615 1475 2652 1592,
1494 2616 1528 2657 6)
1645 2626 1752 2660 quae-

84 2666 185 2711 ritur,
208 2667 292 2702 item
317 2666 460 2702 Nonius
599 2670 660 2702 180
686 2668 764 2703 Sos.
798 2679 866 2702 om.
891 2667 1043 2710 BD¹E,·
1072 2669 1155 2704 item
1183 2670 1261 2709 fere
1293 2671 1329 2704 in
1360 2681 1412 2716 sq.
1477 2682 1608 2707 vernae
1626 2673 1754 2717 polius

85 2733 192 2767 quam
221 2724 386 2769 empticio
418 2725 580 2760 convenit
612 2724 698 2759 cleos
727 2724 834 2759 eriles
857 2724 1017 2770 adloqui.
1066 2725 1315 2761 adnominatio
1341 2733 1380 2761 ut
1401 2738 1430 2763 v.
1450 2729 1538 2763 1033
1669 2740 1752 2763 num

86 2789 231 2814 numero
248 2779 289 2815 L.
298 2792 310 2814 .·
332 2791 428 2816 nunc
453 2791 538 2815 uero
556 2780 674 2823 codd„
697 2792 781 2815 num
806 2791 891 2816 uero
913 2781 1045 2816 Gellius
1066 2784 1094 2822 1,
1116 2783 1144 2822 7,
1164 2784 1206 2815 17
1233 2787 1399 2825 (testatus
1422 2785 1458 2819 in
1482 2787 1660 2827 mentem),
1687 2797 1752 2821 nu-

85 2844 181 2870 mero
206 2835 348 2871 Nonius
364 2837 432 2871 352
453 2847 481 2872 s.
500 2847 530 2872 v.
556 2840 639 2879 (non
665 2848 715 2872 ex
741 2837 870 2878 Gellio)

118 2017 231 2027 υν-
514 2017 558 2027 W
662 2013 692 2018 ⁸-

1762 401 1816 433 165

1763 739 1817 770 170

1762 1077 1817 1109 175

1759 1415 1816 1448 150
