2003 3188
209 55 261 93 56
945 53 1126 90 PLAVTI
1694 54 1746 88 11,
1765 53 1866 81 43—65

207 171 299 210 Lm.
349 171 442 210 Sum
472 182 576 217 vero,
607 176 645 208 et
675 169 771 208 alter
801 175 936 208 noster
965 174 1024 207 est
1052 167 1238 207 Leonida.

206 239 322 279 Dm.
374 238 479 277 Bene
509 237 639 276 hercle
669 237 793 276 facitis
824 239 861 275 et
892 248 912 274 a
941 247 1005 275 me
1034 236 1142 275 initis
1171 235 1343 287 gratiam.

206 318 340 345 verum
372 318 497 344 meam
527 316 702 351 uxorem,
733 303 893 351 Libane,
926 303 1054 343 nescis
1083 303 1208 354 qualis
1237 301 1315 342 sit?

205 373 297 414 Lm.
348 373 406 411 Tu
438 372 588 424 primus
618 371 752 418 sentis,
786 383 857 409 nos
886 377 1016 409 tamen
1048 370 1087 409 in
1120 370 1245 422 pretio
1277 382 1424 410 sumus.

205 441 321 480 Dm.
371 440 511 479 Fateor
541 452 625 478 eam
656 451 740 478 esse
770 439 1034 490 importunam
1065 444 1181 489 atque
1212 437 1510 477 incommodam.

204 508 297 548 Lm.
348 507 544 547 Posterius
575 507 675 546 istuc
704 505 800 545 dicis
831 517 948 557 quam
978 505 1095 544 credo
1127 505 1210 545 tibi.

204 575 321 617 Dmr.
372 576 519 615 Omnes
548 581 744 626 parentes,
775 573 937 621 Libane,
968 573 1101 613 liberis
1130 574 1224 619 suis,

206 644 271 695 qui
302 643 355 682 mi
386 642 674 690 auscultabunt,
705 641 851 681 sacient
881 641 1145 692 obsequellam
1174 651 1199 682 ÷

205 711 351 763 quippe
382 713 449 762 qui
478 722 589 761 mage
619 710 744 749 amico
775 715 937 749 utantur
965 715 1085 760 gnato
1115 715 1153 748 et
1188 708 1390 748 benevolo.

203 785 320 830 atque
350 790 422 830 ego
453 790 515 817 me
545 778 582 817 id
613 778 742 817 facere
771 778 921 824 studeo,
956 777 1043 816 volo
1073 777 1192 816 amari
1224 789 1244 815 a
1276 776 1390 824 meis3

205 846 290 886 volo
320 849 383 886 me
413 846 535 898 patris
563 846 640 885 mei
669 845 847 893 similem,
879 845 945 896 qui
977 857 1092 884 causa
1121 857 1205 884 mea

207 914 426 953 nauclerico
457 914 541 965 ipse
571 920 713 952 ornatu
744 924 816 964 per
845 912 1032 950 fallaciam

204 995 320 1034 quam
349 981 525 1021 amabam
556 980 717 1020 abduxit
744 980 791 1018 ab
822 980 968 1018 lenone
998 979 1222 1027 mulierem;

206 1062 333 1101 neque
362 1048 502 1101 puduit
531 1061 620 1088 eum
651 1048 689 1087 id
719 1048 853 1087 aetatis
882 1047 1155 1099 sycophantias

202 1124 353 1157 struere
384 1123 423 1156 et
451 1116 653 1156 beneficiis
683 1127 744 1154 me
776 1127 907 1154 emere
937 1121 1097 1166 gnatum
1129 1126 1241 1154 suom
1272 1113 1358 1153 sibi.

203 1198 271 1225 eos
299 1186 361 1224 me
391 1184 632 1223 decretumst
662 1183 842 1234 persequi
874 1195 1003 1222 mores
1033 1183 1166 1234 patris.

203 1265 292 1293 nam
323 1265 386 1292 me
415 1251 531 1291 hodie
562 1251 684 1291 oravit
712 1251 956 1302 Argyrippus
986 1250 1100 1297 filius,

202 1321 257 1360 uti
289 1320 362 1360 sibi
392 1320 537 1359 amanti
568 1321 737 1359 facerem
767 1319 920 1370 argenti
952 1319 1125 1370 copiam;

202 1395 240 1428 et
268 1389 306 1427 id
337 1401 409 1440 ego
440 1388 630 1440 percupio
662 1387 826 1438 obsequi
857 1392 975 1438 gnato
1006 1399 1106 1425 meo.

204 1453 305 1510 [volo
337 1456 459 1495 amori
491 1456 719 1495 obsecutum
751 1454 866 1501 illius,
895 1454 983 1493 volo
1014 1460 1119 1493 amet
1148 1467 1210 1493 me
1240 1450 1420 1507 patrem]

202 1536 437 1575 quamquam
467 1523 576 1563 illum
606 1529 731 1562 mater
760 1528 842 1561 arte
874 1528 1138 1573 contenteque
1167 1521 1296 1569 habet,

200 1598 331 1643 patres
362 1598 405 1631 ut
434 1597 746 1631 consueverunt:
778 1602 851 1640 ego
882 1590 993 1629 mitto
1026 1591 1155 1629 omnia
1187 1591 1293 1629 haec.

201 1652 430 1711 praesertim
462 1671 581 1710 quom
612 1659 644 1698 is
673 1671 735 1698 me
765 1657 928 1709 dignum
959 1659 1050 1708 quoi
1082 1658 1340 1697 concrederet

314 1805 355 1837 60
382 1803 451 1838 siet
588 1805 627 1836 (51
656 1802 767 1837 sentis
792 1812 872 1836 cum
904 1803 956 1836 eis
980 1813 1072 1847 quae
1092 1808 1263 1836 secuntur
1287 1802 1344 1841 (cf.
1372 1800 1464 1835 Hor.
1488 1807 1558 1835 art.
1576 1805 1677 1846 poet.
1704 1799 1780 1833 372
1803 1798 1867 1833 sed

197 1863 319 1896 tamen
341 1861 380 1895 in
403 1858 567 1904 pretiost,
585 1858 629 1893 de
644 1859 757 1894 sert-is
773 1870 800 1893 e.
814 1870 850 1905 gs.
879 1859 948 1894 Cic.
973 1870 1042 1905 pro
1059 1859 1165 1893 Rosc.
1183 1860 1260 1893 Am.
1281 1860 1303 1893 7
1308 1859 1336 1900 7,
1359 1857 1411 1903 cf.
1430 1856 1559 1891 Pseud.
1578 1856 1667 1896 466>
1684 1866 1757 1890 non
1781 1864 1866 1889 con-

197 1917 313 1957 venit;
346 1916 437 1960 fort.
469 1915 600 1958 servis,
630 1916 680 1958 cf.
700 1915 917 1950 Anaoeanclr.
946 1916 1025 1961 frq.
1051 1917 1120 1957 52,
1139 1917 1163 1949 5
1185 1914 1244 1958 Κ,
1267 1914 1474 1955 Alex.146,
1500 1914 1543 1953 3,
1567 1911 1657 1947 Eur.
1680 1912 1757 1958 frq.
1777 1912 1865 1953 502,

198 1973 278 2009 Aul.
300 1974 374 2009 169
398 1971 494 2008 Men.
521 1972 604 2008 766.
631 1972 704 2007 795
793 1974 834 2006 63
860 1972 965 2007 dictis
986 1971 1021 2006 Ε
1111 1975 1154 2006 64
1179 1972 1229 2016 cf.
1246 1970 1425 2006 Luckse'us
1448 1971 1485 2004 in
1508 1968 1746 2005 Studemundi
1769 1967 1864 2003 stud.

197 2032 230 2072 1,
256 2031 304 2066 56
397 2031 439 2064 65
464 2029 546 2063 item
571 2028 646 2070 (scd
668 2027 820 2071 faciunt)
845 2028 989 2064 Nonius
1004 2029 1088 2071 215,
1113 2029 1177 2074 qui
1194 2032 1345 2063 testatur
1362 2026 1603 2072 obsequellam
1628 2025 1671 2060 (le
1694 2024 1762 2060 hoc
1786 2025 1865 2060 loco

197 2091 233 2122 et
256 2086 340 2121 aliis
363 2089 557 2131 quattuor,·
579 2085 732 2130 suerunt
757 2085 820 2130 qui
848 2085 979 2130 ubique
1009 2085 1280 2129 obsequentiam
1309 2084 1574 2119 substituerent.
1623 2081 1866 2127 obsequellam

196 2142 333 2188 (eam),
357 2143 379 2178 i.
401 2154 428 2177 e.
456 2141 494 2176 in
519 2153 561 2177 ea
585 2152 642 2183 re,
672 2152 744 2175 non
776 2141 868 2176 male
893 2141 1103 2183 Acz'dalz'us;
1133 2141 1198 2176 sed
1228 2141 1280 2186 cf.
1308 2152 1339 2176 v.
1360 2141 1417 2175 64.
1455 2140 1619 2185 fortasse
1641 2140 1710 2175 sic:
1743 2148 1865 2174 omnes

196 2201 386 2245 parentes,
418 2198 575 2242 Libane,
603 2197 740 2232 facient
770 2197 911 2240 liberis,
939 2199 1026 2242 iqui
1055 2198 1104 2232 mi
1134 2198 1415 2241 auscultabunt,
1446 2195 1688 2242 obsequellam
1719 2195 1864 2239 <aman-

195 2256 330 2302 tibus).
383 2255 687 2291 constructionem
718 2254 913 2289 vindicavit
951 2253 1133 2290 Valzlenus
1166 2254 1288 2289 Herm.
1320 2255 1384 2299 17,
1421 2254 1491 2288 615
1519 2253 1583 2299 (cf.
1615 2263 1644 2287 v.
1669 2253 1752 2295 175)

196 2315 240 2347 66
264 2311 332 2347 del.
355 2311 618 2347 Fleclceisenus.
665 2310 832 2356 se'nyulos
855 2312 1074 2346 comicorum
1097 2322 1220 2346 senum
1240 2311 1340 2356 filios
1363 2311 1519 2356 eoqz'tat,
1541 2309 1670 2344 similis
1693 2309 1867 2344 transitus

196 2368 292 2405 Men.
319 2370 392 2404 575
411 2379 466 2414 sq.
489 2367 567 2403 Mil.
596 2368 683 2408 7:20,
708 2367 758 2412 cf.
785 2368 865 2403 887
876 2379 928 2412 sq.
957 2368 1042 2402 894.
1083 2368 1278 2403 amicitiam
1302 2372 1337 2402 et
1361 2366 1658 2407 benevolentiam,
1683 2376 1754 2400 uon
1778 2376 1864 2410 yra-

198 2431 272 2461 tum
296 2426 455 2460 animum
480 2424 551 2468 filie·
577 2427 750 2470 expelere
781 2423 864 2458 huic
880 2425 986 2469 patri
1015 2425 1181 2460 convenit
1213 2423 1306 2466 (Ter.
1335 2423 1402 2458 Ad.
1438 2424 1507 2466 67).
1555 2424 1605 2468 cs:
1631 2421 1866 2467 Niemeyerus

198 2482 296 2517 Berl.
314 2480 408 2528 phil.
433 2480 675 2516 woclzensclzr.
692 2480 724 2522 1,
741 2480 786 2515 41
902 2483 942 2515 67
969 2491 1091 2515 amare
1117 2479 1189 2515 DE
1302 2482 1344 2515 69
1369 2480 1558 2523 nauderio,
1583 2490 1677 2514 corr.
1700 2477 1865 2513 Camera-

196 2538 274 2573 rius
390 2540 429 2573 71
463 2537 713 2582 sicophantias
737 2535 820 2578 BD,
850 2536 1095 2582 sychofantias
1121 2536 1157 2572 E
1269 2539 1312 2571 72
1343 2547 1399 2572 me
1424 2546 1559 2571 emere:
1590 2546 1667 2570 mee
1690 2545 1771 2570 mea,
1794 2538 1865 2575 (ma.

196 2594 258 2636 θ’)
282 2605 324 2629 re
349 2593 400 2629 B¹
424 2598 459 2629 et
484 2593 533 2628 13¹
558 2598 598 2629 ut
622 2593 692 2629 vid.
808 2593 859 2638 cf.
884 2593 928 2628 (Ie
958 2593 1025 2628 lzoc
1058 2593 1138 2628 loco
1164 2592 1286 2628 Herm.
1310 2594 1369 2634 18,
1397 2594 1469 2627 564
1585 2595 1627 2626 74
1659 2592 1863 2637 argirippus

196 2649 268 2685 BD
292 2654 332 2685 ut
353 2650 447 2695 sere,
472 2660 673 2695 argryppus
692 2652 726 2684 E
817 2652 858 2684 75
884 2653 925 2685 ut
1018 2652 1061 2684 76
1087 2650 1139 2685 Pl.
1158 2650 1278 2685 Asin.:
1305 2660 1369 2694 ego
1388 2660 1475 2685 sane
1501 2649 1608 2693 cupio
1626 2660 1657 2685 o.
1676 2660 1708 2693 g.
1724 2660 1770 2683 m.
1789 2648 1863 2684 No-

197 2707 280 2741 nius
295 2707 369 2742 454
439 2710 480 2741 77
499 2707 567 2742 del.
585 2705 841 2742 Fleckeisenus
915 2707 1028 2742 amari
1046 2707 1255 2742 obsecutam
1273 2706 1415 2741 Nonius
1431 2708 1558 2751 (genet.
1577 2716 1642 2751 pro
1660 2706 1794 2742 dativo)

197 2762 261 2807 qui
275 2772 416 2798 versum
437 2762 564 2807 finccit,
588 2774 661 2798 non
687 2764 880 2800 obsecuum
903 2764 1093 2809 scripsisse
1115 2763 1256 2799 videtur
1272 2762 1539 2805 (Lachmcmnus
1563 2762 1612 2797 ad
1630 2762 1735 2797 Lucr.
1760 2763 1862 2804 304),

195 2818 262 2854 sed
276 2819 436 2865 primam
462 2819 683 2865 corripuisse
775 2822 817 2854 79
843 2823 1064 2855 consuerunt
1157 2823 1199 2855 80
1223 2820 1331 2865 quod
1355 2820 1389 2857 lb
1414 2820 1544 2862 eras.?)
1572 2818 1612 2860 D,
1638 2819 1697 2854 cui
1724 2819 1774 2854 13²

1893 646 1931 678 65

1896 983 1933 1015 ‘10

1896 1322 1934 1353 75

1895 1657 1934 1690 80
