2018 3183
197 89 280 128 476
940 91 1121 128 PLAVTI
1678 94 1708 122 v
1725 95 1752 129 4,
1764 95 1867 124 20-ae

198 219 289 246 nam
319 207 400 248 ibat
429 206 640 245 exulatum.
699 206 817 244 DEM.
866 206 926 244 An
956 205 1079 245 abiit?
1136 206 1236 247 LYs.
1286 207 1411 246 Etiam
1442 208 1618 259 loquere,
1648 208 1784 252 larua?

197 281 416 326 temperare
447 275 542 313 istac
572 278 695 312 aetate
726 273 808 313 istis
838 273 1000 312 decebat
1030 274 1189 313 artibus.

197 342 314 383 DEM.
365 343 520 388 Fateor,
552 341 698 391 deliqui
728 342 921 392 profecto.
980 341 1085 381 EVT.
1135 341 1259 381 Etiam
1291 342 1465 394 loquere,
1497 341 1634 382 larua?

199 408 375 461 [vacuom
407 420 492 449 esse
522 408 616 448 istac
646 408 710 447 ted
742 414 866 447 aetate
897 409 957 448 his
988 409 1150 448 decebat
1180 409 1335 462 noxiis]
1857 417 1933 451 983·

198 478 330 516 itidem
364 483 406 517 ut
435 483 591 528 tempus
623 476 731 523 anni,
763 482 929 515 aetatem
959 477 1072 516 aliam
1105 477 1207 516 aliud
1238 478 1385 517 sactum
1416 477 1627 528 condecet3

198 557 287 584 nam
318 545 350 584 si
380 545 481 584 istuc
513 544 573 583 ius
604 550 674 591 est,
706 550 864 584 senecta
896 550 1021 583 aetate
1052 546 1214 584 scortari
1245 557 1372 593 senes,
1876 554 1934 588 985

196 612 264 651 ubi
295 612 410 652 locist
438 624 502 651 res
532 623 682 651 summa
715 618 846 651 nostra
878 611 1067 664 publica?
1125 613 1243 654 DEM.
1293 613 1352 659 Ei,
1384 614 1483 665 perii
1513 614 1645 653 miser.

195 680 296 720 LYs.
346 680 628 719 Adulescentes
659 679 715 718 rei
747 680 921 731 agendae
951 681 1014 719 isti
1055 682 1177 733 magis
1207 681 1336 721 solent
1367 694 1526 733 operam
1558 682 1661 721 dare.

195 748 313 788 DEM.
364 747 443 786 Iam
477 747 644 787 obsecro
675 748 808 787 hercle
838 748 948 788 vobis
978 749 1122 789 habete
1153 762 1241 788 cum
1273 750 1419 802 porcis,
1450 762 1541 789 cum
1572 750 1721 790 fiscina.

195 815 299 856 Ev'r.
340 815 472 854 Redde
495 815 561 854 illi.
602 815 719 856 DEM.
763 816 842 855 Sibi
866 815 1018 863 habeat,
1052 817 1127 855 iam
1150 824 1189 856 ut
1214 817 1293 856 volt
1321 830 1393 869 per
1413 830 1475 857 me
1496 817 1570 858 sibi
1601 817 1741 857 habeat
1761 818 1863 858 licet.

195 883 298 923 EvT.
350 882 533 934 Temperi
565 883 716 935 edepol,
748 884 934 934 quoniam
968 890 1012 923 ut
1041 884 1152 923 aliter
1182 885 1300 925 facias
1331 898 1412 924 non
1445 892 1504 925 est
1534 886 1659 937 copia.
1876 891 1933 925 990

196 950 313 990 DEM.
366 950 543 1002 Supplici
575 951 648 990 sihi
679 957 808 991 sumat
841 951 934 1003 quid
965 952 1044 991 volt
1075 952 1158 1004 ipse
1191 952 1241 991 ob
1272 953 1376 992 hanc
1407 954 1604 1000 iniuriam,

197 1018 314 1057 modo
345 1030 482 1069 pacem
514 1019 663 1058 faciatis
695 1031 778 1065 oro,
809 1025 853 1058 ut
885 1032 934 1058 ne
966 1020 1059 1059 mihi
1091 1020 1213 1059 iratus
1244 1021 1329 1059 siet.

196 1086 227 1126 si
257 1085 391 1125 hercle
421 1085 618 1125 scivissem
651 1087 729 1126 sive
761 1087 857 1126 adeo
888 1087 1020 1126 ioculo
1052 1087 1213 1127 dixisset
1243 1087 1349 1134 mihi,

195 1166 237 1193 se
267 1153 371 1192 illam
402 1165 543 1201 amare,
577 1166 791 1205 numquam
823 1155 993 1194 facerem
1024 1161 1067 1194 ut
1097 1155 1201 1194 illam
1232 1155 1377 1194 amanti
1408 1154 1657 1195 abducerem.

196 1220 386 1273 Eutyche,
416 1221 480 1260 ted
514 1234 597 1268 oro,
629 1222 771 1262 sodalis
803 1222 886 1262 eius
917 1235 971 1274 es,
1003 1225 1111 1262 serva
1143 1229 1182 1262 et
1211 1222 1398 1262 subveni:
1875 1230 1933 1264 995

194 1289 303 1328 hunc
333 1301 468 1328 senem
500 1302 590 1340 para
622 1288 715 1342 [me]
746 1290 948 1338 clientem;
981 1302 1194 1330 memorem
1226 1291 1332 1330 dices
1363 1290 1543 1330 benefici.

195 1357 295 1397 LYs.
347 1357 426 1396 Ora
457 1362 501 1396 ut
531 1357 710 1409 ignoscat
740 1358 890 1397 delictis
920 1359 997 1397 tuis
1028 1364 1144 1410 atque
1176 1358 1479 1398 adulescentiae.

195 1425 313 1464 DEM.
364 1424 508 1476 Pergin
531 1431 572 1464 tu
595 1423 753 1465 autem?
803 1426 901 1473 heia,
925 1425 1096 1478 superbe
1117 1426 1315 1466 invehere.
1355 1439 1472 1479 spero
1494 1439 1566 1479 ego
1590 1427 1683 1466 mihi
1706 1439 1865 1479 quoque

197 1559 261 1604 (cf.
280 1557 478 1594 Muellerus
487 1569 592 1605 pros.
615 1560 707 1604 757),
733 1559 826 1595 nillil
839 1560 1040 1605 requiritur
1046 1574 1060 1602 ;
1084 1572 1167 1595 nam
1184 1571 1244 1596 res
1260 1562 1385 1607 maqni
1400 1563 1572 1597 momenti
1594 1561 1761 1598 consulto
1783 1572 1864 1598 cum

194 1615 230 1651 vi
253 1615 432 1661 repetitur
522 1616 652 1650 reduxi
760 1618 933 1652 9814110111
957 1617 1024 1652 ibit
1049 1617 1233 1653 exulatum
1260 1617 1332 1659 CD,
1357 1629 1451 1653 corr.
1479 1630 1508 1660 ς,
1531 1628 1616 1653 nam
1640 1618 1764 1654 exibat
1787 1619 1863 1654 exi-

194 1671 282 1706 lium
305 1670 342 1705 B
432 1671 477 1709 L.
505 1672 700 1708 Gruterus:
724 1673 770 1707 E.
873 1675 936 1709 982
963 1673 1116 1709 decebat
1141 1673 1300 1719 Pylades
1324 1673 1438 1720 (quod
1460 1685 1532 1710 non
1556 1678 1652 1710 recte
1675 1676 1867 1722 impuqnat

193 1726 434 1770 Abrabamus,
457 1738 488 1764 v.
507 1729 562 1770 i.).·
588 1729 692 1764 decet
716 1732 752 1764 te
780 1728 860 1771 BD,
887 1730 1011 1765 decete
1037 1729 1066 1765 C
1179 1732 1243 1764 983
1268 1730 1484 1765 altrinsecus
1507 1729 1601 1765 alter
1623 1734 1754 1778 repetit
1777 1744 1864 1768 con-

193 1784 322 1819 vicium
432 1785 513 1819 983³
538 1784 582 1819 cle
606 1784 675 1820 hoc
699 1796 804 1820 versu
835 1786 885 1830 cf.
911 1785 1140 1821 Abrahamus
1162 1786 1257 1821 stud.
1282 1785 1338 1820 Pl.
1363 1787 1436 1821 184
1453 1797 1506 1832 sq.
1599 1788 1662 1823 ted
1685 1791 1783 1824 etate
1806 1790 1865 1825 his

195 1839 276 1881 CD,
301 1842 421 1875 aetate
446 1840 515 1876 diis
542 1841 597 1883 B,·
633 1844 754 1877 aetate
778 1842 859 1877 istis
884 1845 920 1878 te
944 1842 1109 1878 Baclzius
1130 1855 1168 1889 p.
1187 1844 1264 1877 275
1376 1845 1442 1878 984
1467 1845 1588 1879 aetate
1681 1845 1864 1889 conuenit,

193 1907 287 1932 corr.
312 1895 570 1931 Lachmannus
664 1900 728 1933 985
753 1898 849 1934 istuc
873 1899 957 1934 iuus
983 1899 1056 1942 CD,
1080 1899 1153 1934 istu
1179 1898 1281 1934 cuius
1302 1899 1352 1940 Β,
1376 1904 1417 1933 ut
1439 1899 1476 1933 in
1501 1899 1578 1945 leqe
1604 1899 1707 1936 Corn.
1733 1900 1778 1937 de
1793 1901 1871 1938 XX

194 1957 333 1999 quaest.
428 1955 493 1988 986
518 1954 667 1999 puplica
693 1954 722 1990 C
811 1958 874 1990 987
901 1956 943 1991 L.
972 1955 1142 1991 Goetzz'us
1165 1961 1200 1991 et
1224 1955 1449 1991 Sclzoellius:
1473 1966 1541 1991 om.
1569 1956 1625 1997 (E.
1651 1957 1775 2003 vulqo)

193 2009 334 2055 agenda
358 2011 413 2044 est
436 2009 498 2044 isti
523 2012 555 2046 B
645 2021 757 2056 opera
849 2015 914 2047 988
939 2012 984 2046 D.
1018 2023 1086 2047 om.
1179 2011 1285 2047 uobis
1311 2012 1442 2048 habete
1466 2012 1516 2057 cf.
1542 2011 1666 2048 Herm.
1690 2015 1750 2055 18,
1777 2015 1864 2058 586,

194 2065 385 2101 uobiscum
408 2066 540 2101 habete
564 2066 677 2102 schol.
713 2067 746 2102 V
745 2078 821 2113 erq.
846 2079 974 2114 qeorq.
1000 2070 1032 2109 1,
1057 2069 1136 2103 266
1160 2068 1224 2113 (cf.
1251 2068 1464 2104 Ruct.1347
1484 2067 1586 2104 Pers.
1604 2070 1707 2111 246),
1732 2070 1864 2107 habete

192 2122 297 2158 uobis
322 2121 510 2157 Acidalius
602 2122 646 2157 cle
667 2123 831 2167 formula
855 2124 906 2169 of.
931 2123 1044 2160 Stich.
1068 2126 1140 2160 172
1164 2124 1297 2161 Pseud.
1323 2125 1397 2160 343
1420 2125 1496 2159 sim.
1506 2137 1521 2166 ,·
1550 2123 1652 2161 Cure.
1675 2127 1766 2162 289.
1794 2128 1866 2163 612

191 2177 286 2214 Men.
308 2179 393 2214 666.
444 2178 586 2214 videtur
609 2179 697 2214 mihi
723 2180 850 2215 lusisse
873 2185 913 2215 ut
937 2182 974 2216 in
1000 2182 1143 2227 scrofa,
1168 2192 1276 2227 quam
1302 2201 1344 2206 —-
1368 2181 1526 2216 cedimus
1554 2191 1634 2216 cum
1663 2193 1731 2218 suo
1759 2183 1865 2229 foetu

191 2242 227 2271 et
248 2236 379 2281 fiscina
405 2246 478 2281 qua
494 2235 622 2270 sordes
645 2239 680 2271 et
696 2240 859 2272 stercora
883 2236 996 2272 harae
1012 2234 1213 2284 efferimus’
1242 2237 1438 2279 Turnebus,
1463 2237 1507 2272 de
1516 2239 1646 2284 porois
1661 2239 1739 2274 sine
1755 2239 1864 2276 dubio

191 2297 288 2328 recte
311 2293 376 2333 (cf.
402 2291 498 2328 Rud.
523 2293 618 2327 1170
640 2291 719 2327 Mil.
743 2294 878 2336 1060),
902 2294 946 2329 de
967 2295 1098 2339 fiscina
1121 2294 1369 2341 probabiliter.
1418 2294 1592 2339 conferas
1617 2299 1735 2330 tamen
1759 2294 1868 2331 Persi

190 2351 223 2388 1,
252 2350 292 2384 71
324 2359 387 2384 rus
418 2369 462 2373 —
493 2349 556 2383 ubi
588 2349 715 2384 corbes
748 2352 785 2384 et
816 2349 920 2386 focus
951 2354 988 2386 et
1017 2352 1137 2397 porci3
1178 2350 1335 2386 Varron.
1367 2362 1439 2386 rer.
1463 2354 1553 2386 rust.
1575 2362 1614 2398 p.
1637 2352 1724 2392 219,
1747 2352 1796 2386 15
1816 2350 1862 2387 K.

191 2404 348 2441 fiscellas
365 2415 385 2440 e
401 2405 510 2440 iunco
528 2425 572 2430 —-
588 2405 739 2450 alligant
755 2406 802 2441 ad
818 2409 985 2441 naturam
1079 2409 1144 2442 989
1169 2408 1237 2442 Ev.
1265 2406 1318 2442 D²
1331 2421 1342 2440 .·
1368 2418 1436 2442 om.
1528 2407 1582 2442 illi
1606 2407 1666 2442 L..·
1696 2407 1771 2443 filio

191 2461 327 2497 habeas
429 2471 479 2496 ev
502 2461 574 2496 iam
600 2461 635 2496 B
738 2464 779 2497 ut
804 2474 869 2497 om.
898 2463 958 2497 Cb
1061 2463 1106 2498 cle
1129 2464 1245 2499 verbis
1269 2474 1349 2498 cum
1374 2463 1408 2499 vi
1430 2464 1593 2511 repetitis
1616 2463 1666 2508 cf.
1691 2463 1798 2499 Most.
1822 2464 1865 2500 11

193 2516 300 2552 Truc.
327 2518 398 2552 891
515 2520 580 2552 990
604 2520 743 2562 temper
770 2518 847 2561 CI),
872 2522 1074 2565 temperare
1101 2520 1153 2561 B,
1179 2531 1276 2556 corr.
1302 2519 1490 2554 Acidalius
1605 2519 1743 2565 copiae,
1768 2531 1864 2556 corr.

194 2571 346 2608 Guietus
462 2576 524 2609 991
554 2574 621 2609 sibi
653 2585 721 2609 om.
750 2574 810 2610 CD
926 2577 1021 2620 quod
1051 2575 1202 2612 Bothius
1233 2587 1307 2611 non
1331 2581 1446 2618 recte,
1470 2575 1520 2621 cf.
1547 2575 1633 2621 quid
1656 2577 1724 2611 tibi
1749 2576 1863 2622 lubet,

192 2630 271 2673 quis
296 2630 412 2674 uolet3
437 2629 550 2665 Poen.
580 2631 652 2665 881
769 2633 835 2667 992
868 2631 981 2668 faciat
1009 2632 1140 2668 misero
1172 2635 1214 2668 ut
1240 2633 1273 2667 Β
1389 2635 1461 2677 est,
1494 2643 1585 2667 corr.
1612 2631 1773 2678 Pylades

193 2687 257 2720 993
274 2685 394 2722 1001110
488 2689 553 2721 995
571 2687 716 2723 eutiche
733 2690 770 2723 te
840 2699 919 2723 esse
935 2699 1004 2724 rua
1022 2688 1100 2724 CD:
1116 2700 1196 2724 esse
1211 2699 1299 2724 rura
1312 2689 1347 2724 B
1439 2692 1503 2725 996
1522 2692 1602 2731 [me]
1623 2688 1773 2725 Guietus

192 2741 346 2777 benefici
373 2742 454 2778 CD:
483 2754 531 2778 nv
556 2743 648 2780 bene
670 2743 735 2780 fiet
764 2744 795 2779 Β
910 2747 973 2780 997
1001 2745 1043 2780 L.
1073 2745 1321 2781 Camerarius:
1343 2757 1411 2782 om.
1520 2744 1660 2781 deliciis
1766 2745 1860 2782 tuis:

193 2797 300 2833 huius
325 2799 513 2835 Acidalius
605 2802 671 2835 998
687 2801 732 2835 D.
761 2800 1010 2836 Camerarius:
1033 2802 1109 2837 L1s.
1136 2801 1184 2844 B,
1210 2801 1300 2837 Ciu.
1319 2800 1373 2837 D2
1468 2802 1531 2838 hin.
1549 2800 1622 2844 CB,
1646 2803 1718 2838 huc
1743 2802 1794 2844 B;
1817 2802 1862 2838 de

186 2854 368 2900 prosodia
394 2856 444 2900 cf.
468 2855 662 2892 Rz'clzcerus
687 2858 722 2892 in
748 2856 907 2893 Studem.
931 2858 1026 2893 stud.
1050 2859 1083 2901 1,
1109 2859 1182 2893 543
