1998 3179
139 121 170 149 v
184 122 209 152 4,
223 119 327 149 39-63
836 111 1108 148 MERGATOR
1712 111 1791 148 477

137 239 293 285 tempus
321 232 397 271 tale
428 236 672 276 eventurum,
704 235 747 268 ut
774 228 844 267 tibi
875 228 1036 279 gratiam
1065 227 1232 266 referam
1262 237 1408 277 parem.

140 301 241 341 LYs.
290 299 424 339 Missas
464 298 541 338 iam
581 300 653 348 ego
691 297 782 337 istas
819 296 911 335 artis
946 295 1033 334 feci.
1093 295 1210 335 DEM.
1259 293 1310 332 Et
1348 294 1506 345 quidem
1536 305 1608 345 ego
1651 293 1792 332 dehinc

951 363 1038 401 iam.
1097 362 1200 402 Ev'r.
1240 360 1344 399 Nihil
1373 357 1520 414 <agis>z
1810 359 1885 391 1000

141 433 427 473 consuetudine
457 432 609 471 animus
639 443 775 470 rursus
804 436 842 469 te
871 430 948 469 huc
978 429 1149 468 inducet.
1207 428 1325 468 DEM.
1376 428 1563 475 Obsecro,

140 502 232 541 satis
261 501 336 540 iam
366 507 411 539 ut
438 499 625 539 habeatis.
687 498 781 549 quin
812 498 905 537 loris
936 497 1083 536 caedite
1114 496 1243 543 etiam,
1275 495 1307 534 si
1338 494 1458 534 lubet.

141 569 241 608 LYs.
290 568 410 607 Recte
441 567 548 606 dicis.
607 566 674 606 sed
705 565 804 604 istuc
837 577 934 603 uxor
965 564 1089 612 faciet,
1121 575 1240 613 quom
1270 562 1346 601 hoc
1376 562 1589 601 resciverit.

140 635 257 689 DEM.
306 635 410 673 Nihil
441 639 557 686 opust
580 633 775 672 resciscat.
833 631 935 671 Ev‘r.
987 630 1088 676 Quid
1119 627 1232 669 istic?
1264 641 1344 668 non
1377 630 1574 677 resciscet,
1607 642 1658 669 ne
1688 630 1793 669 time.

141 715 274 741 eamus
305 702 425 747 intro,
457 714 537 739 non
570 699 744 739 utibilest
774 698 837 736 hic
867 698 988 744 locus,
1021 697 1131 736 factis
1161 696 1250 743 tuis,
1812 699 1886 733 1005

141 770 233 807 dum
261 779 535 814 memoramus,
566 765 701 804 arbitri
731 771 775 804 ut
804 765 884 804 sint
915 765 981 816 qui
1011 769 1258 815 praetereant
1286 775 1357 815 per
1386 764 1477 803 vias.

139 835 255 875 DEM.
306 834 445 872 Hercle
477 833 543 884 qui
574 839 616 871 tu
648 837 753 871 recte
784 832 900 871 dicis:
934 831 1067 870 eadem
1099 830 1255 869 brevior
1286 830 1415 870 fabula

139 902 224 940 erit.
276 913 422 940 eamus.
481 900 585 940 Ev'r.
635 899 708 938 Hic
738 905 796 938 est
825 900 932 938 intus
962 899 1063 938 filius
1094 898 1196 949 apud
1228 911 1300 938 nos
1331 906 1432 938 tuos.

143 969 260 1009 DEM.
311 968 531 1020 Optumest.
592 966 677 1005 illac
708 978 779 1017 per
810 967 966 1005 hortum
1000 978 1072 1005 nos
1103 966 1261 1005 domum
1291 965 1556 1005 transibimus.

141 1036 242 1076 LYs.
292 1035 482 1086 Eutyche,
504 1034 606 1073 hanc
627 1034 715 1073 volo
737 1034 847 1085 prius
869 1037 951 1073 rem
973 1033 1045 1084 agi,
1068 1045 1182 1084 quam
1207 1045 1336 1072 meum
1359 1033 1463 1072 intro
1486 1033 1614 1071 refero
1637 1031 1789 1083 pedem.
1813 1032 1888 1065 1010

139 1104 242 1143 Ev'r.
292 1102 393 1149 Quid
424 1103 523 1141 istuc
554 1100 641 1140 est?
699 1101 798 1141 LYs.
850 1101 969 1140 Suam
1009 1101 1173 1152 quisque
1211 1101 1329 1139 homo
1372 1112 1455 1139 rem
1486 1099 1677 1139 meminit.
1736 1111 1798 1137 re-

1236 1167 1386 1219 sponde
1418 1167 1530 1206 mihi:

139 1244 276 1277 certon
307 1237 383 1276 scis
414 1248 496 1275 non
527 1247 758 1275 suscensere
789 1235 884 1274 mihi
916 1241 1020 1274 tuam
1052 1233 1245 1274 matrem?
1303 1234 1406 1275 EvT.
1457 1234 1560 1273 Scio.

143 1305 243 1345 Lys.
294 1304 402 1344 Vide.
462 1303 565 1343 Ev'r.
615 1303 698 1341 Mea
730 1303 817 1341 fide.
876 1302 975 1343 LYs.
1027 1303 1125 1342 Satis
1155 1302 1292 1341 habeo.
1362 1301 1428 1340 sed
1468 1313 1613 1352 quaeso
1655 1299 1798 1347 hercle,

1287 1369 1400 1408 etiam
1430 1369 1528 1407 vide.

142 1439 246 1479 Ev'r.
294 1438 383 1477 Non
415 1437 508 1477 mihi
541 1435 697 1477 credis?
755 1437 855 1478 LYs.
904 1436 1027 1475 Immo
1068 1437 1204 1483 credo,
1244 1436 1311 1475 sed
1342 1441 1471 1474 tamen
1503 1440 1635 1474 metuo
1666 1434 1798 1474 miser.

141 1506 258 1546 DEM.
308 1505 452 1544 Eamus
482 1505 599 1543 intro.
661 1504 758 1545 EvT.
808 1504 930 1543 Immo
963 1504 1135 1542 dicamus
1165 1503 1326 1542 senibus
1357 1503 1482 1554 legem
1514 1514 1670 1550 cense0,
1815 1512 1888 1545 1015

111 1564 251 1624 'prius
282 1584 398 1623 quam
429 1571 627 1619 abeamus,
660 1583 735 1622 qua
766 1583 807 1610 se
837 1571 922 1622 lege
952 1576 1114 1608 teneant
1145 1570 1400 1620 contentique
1431 1570 1522 1610 sint.

141 1651 268 1679 annos
298 1646 442 1690 gnatus
472 1638 673 1689 sexaginta
705 1641 771 1689 qui
802 1638 888 1685 erit,
920 1637 950 1678 si
983 1649 1097 1688 quem
1131 1636 1318 1676 scibimus

139 1707 170 1746 si
201 1707 384 1746 maritum
417 1707 494 1746 sive
526 1706 657 1745 hercle
688 1706 784 1744 adeo
816 1704 1001 1743 caelibem
1033 1704 1254 1751 scortarier,

139 1777 229 1812 cum
260 1786 306 1812 eo
338 1786 412 1812 nos
440 1774 514 1812 hac
544 1773 628 1824 lege
660 1784 838 1824 agemus:
870 1772 1055 1814 inscitum
1086 1771 1376 1817 arbitrabimur,

140 1846 180 1879 et
209 1852 279 1892 per
308 1853 382 1880 nos
413 1840 569 1891 quidem
602 1840 735 1879 hercle
766 1838 895 1890 egebit
927 1839 992 1889 qui
1023 1851 1135 1878 suom
1167 1838 1405 1889 prodegerit.
1817 1849 1891 1883 1020

143 1920 220 1947 neu
252 1908 459 1959 quisquam
489 1908 652 1958 posthac
685 1906 891 1958 prohibeto
925 1905 1213 1944 adulescentem
1245 1905 1368 1944 filium

143 1975 238 2025 quin
270 1981 373 2014 amet
403 1981 442 2014 et
470 1981 644 2014 scortum
676 1975 805 2021 ducat,
839 1973 942 2024 quod
974 1972 1081 2011 bono
1111 1973 1177 2011 fiat
1208 1973 1346 2021 modo;

142 2042 265 2093 siquis
295 2042 553 2093 prohibuerit,
586 2043 673 2093 plus
703 2041 840 2093 perdet
871 2041 965 2080 clam
997 2037 1152 2092 <qua>si
1183 2040 1448 2091 praehibuerit
1476 2039 1616 2091 palam.

257 2145 342 2176 1000
366 2142 409 2177 L.
446 2142 693 2177 Camerarius:
723 2141 820 2175 Dim.
854 2140 930 2184 D2,
961 2150 1028 2174 om.
1054 2138 1090 2173 B
1203 2139 1333 2174 missus
1433 2138 1522 2174 artis
1553 2138 1674 2174 feci.et
1703 2153 1720 2175 ς
1744 2139 1802 2180 (D.

143 2197 403 2241 Camerarius&
426 2197 597 2233 artificiet
687 2197 751 2231 E.:
774 2197 839 2231 Cn.
859 2196 926 2238 D2,
953 2207 1020 2231 om.
1039 2195 1073 2230 B
1164 2195 1279 2240 (agis)
1304 2194 1560 2229 Lachmannus
1655 2198 1737 2230 1003
1762 2195 1804 2229 L.

141 2253 195 2288 B:
221 2254 265 2288 E.
291 2253 344 2289 D²
459 2257 546 2289 1004
570 2253 614 2288 E.
639 2252 864 2288 Saracenas:
888 2253 963 2288 L1s.
991 2251 1038 2292 B,
1064 2251 1152 2287 CHA.
1179 2254 1224 2295 (et
1247 2252 1352 2286 1005
1367 2261 1510 2297 praem.
1535 2254 1632 2292 Evr.)
1656 2250 1710 2285 D²

143 2313 229 2344 1005
261 2310 389 2345 utibile
419 2310 449 2345 si
484 2309 562 2351 CD,
597 2312 638 2344 ut
666 2309 697 2344 si
724 2308 775 2350 B,
807 2319 903 2343 corr.
931 2307 1149 2343 Ritsehelius
1267 2310 1351 2342 1006
1376 2308 1505 2342 arbitri
1528 2309 1569 2342 ut
1595 2306 1675 2343 OD:
1707 2308 1802 2343 arbi-

139 2365 249 2400 trium
263 2365 297 2400 B
368 2369 452 2400 1010
469 2377 545 2401 rem
561 2366 673 2410 magis
688 2364 722 2399 B
790 2365 940 2399 introire
954 2364 1030 2400 fero
1048 2364 1080 2399 Β
1174 2367 1257 2399 1011
1277 2365 1451 2399 honorem
1469 2366 1501 2399 B
1594 2365 1678 2398 1013
1697 2363 1803 2399 uideo

139 2431 196 2456 me
218 2421 302 2466 fide,
327 2432 423 2457 corr.
443 2420 657 2457 Ribbeckius
674 2432 715 2467 p.
732 2422 785 2455 29
802 2421 898 2461 (uide
915 2421 959 2455 E.
978 2424 1008 2463 ς)
1101 2421 1164 2456 sed
1182 2419 1398 2455 Ritschelius
1415 2422 1466 2460 (at
1482 2418 1654 2461 Parcus»-
1676 2420 1715 2454 id

141 2476 271 2512 abhinc
302 2478 340 2512 in
374 2478 409 2513 B
432 2478 576 2523 qraecis
599 2477 731 2512 litteris
752 2488 933 2523 personae
962 2481 1152 2518 notantur,
1181 2476 1421 2522 superpositis
1445 2487 1467 2510 a
1490 2475 1718 2510 rubricatore
1742 2486 1805 2509 no-

142 2532 274 2566 minum
289 2533 418 2578 primis
436 2534 580 2569 litteris:
609 2536 641 2569 A
665 2533 778 2578 (Lys.)
796 2536 829 2569 B
849 2533 977 2575 (Dem.)
1002 2536 1038 2570 Γ
1052 2533 1162 2575 (Eut.)
1236 2536 1320 2567 1015
1346 2531 1460 2576 legem
1485 2541 1615 2566 censeo
1634 2530 1804 2566 Guietus:

141 2587 237 2631 leges
263 2591 295 2624 A
321 2590 458 2626 Censeo
491 2590 546 2632 B,
570 2590 667 2634 leges
692 2594 727 2624 et
760 2593 847 2635 post
890 2591 1048 2635 spatium
1078 2589 1189 2634 (quod
1219 2588 1361 2623 nomine
1403 2588 1492 2622 em.
1533 2587 1696 2633 explevit
1733 2587 1806 2631 D2)

142 2653 271 2678 censeo
299 2643 379 2686 0D;
403 2650 438 2680 et
451 2647 653 2691 praemittit
668 2657 699 2680 v.
716 2647 813 2680 1016
829 2648 865 2682 Γ
879 2645 913 2680 Β
1010 2648 1095 2680 1016
1120 2645 1315 2680 habeamus
1434 2646 1517 2678 1017
1544 2645 1580 2679 Γ
1595 2654 1737 2689 praem.
1762 2647 1804 2686 B,

140 2709 200 2734 Ev.
227 2698 278 2733 D²
368 2700 430 2744 qui
453 2702 537 2736 erit:
571 2702 690 2746 querit
716 2701 798 2736 BD¹
919 2704 1003 2736 1018
1028 2702 1059 2736 si
1082 2721 1126 2726 —
1151 2701 1228 2736 siue
1252 2699 1411 2735 Briaeius
1435 2699 1484 2734 ad
1506 2698 1601 2734 Men.
1630 2700 1717 2734 794:
1740 2710 1805 2735 seu

141 2774 188 2781 —
210 2766 276 2790 seu
367 2757 541 2791 scotarier
557 2760 590 2794 Β
681 2760 768 2792 1019
793 2758 862 2799 hic,
881 2767 976 2792 corr.
997 2756 1149 2791 Bothius
1244 2759 1325 2791 1021
1346 2756 1421 2791 filia
1518 2757 1599 2789 1023
1619 2756 1668 2799 ef.
1686 2755 1804 2791 Abra-

143 2810 271 2845 lzamus
293 2810 387 2846 stud.
412 2810 468 2845 Pl.
486 2813 565 2846 229
680 2824 786 2858 quam
811 2813 841 2848 si
864 2812 1115 2858 praehibuerit
1141 2812 1388 2848 Camerarius:
1419 2811 1450 2847 si
1479 2811 1723 2856 prohibuerit;
1753 2812 1803 2857 cf.

143 2866 301 2902 Brixius
324 2867 373 2902 ad
398 2866 495 2902 Trin.
514 2869 602 2910 265,
627 2867 831 2915 Seyffertus
855 2868 986 2904 Plzilol.
1012 2869 1073 2909 27,
1091 2869 1165 2902 455
