1998 3179
99 87 144 117 m
161 88 189 124 4,
200 89 302 117 68-88
820 85 1044 122 EPIDIGVS
1679 84 1760 122 365

302 202 350 242 F.
381 201 476 240 Tam
503 200 614 240 facile
640 213 754 252 quam
770 213 845 240 me.
903 201 948 241 P.
978 200 1050 239 Vbi
1075 198 1249 239 habitat?
1297 199 1345 239 F.
1375 199 1586 251 Postquam
1605 199 1763 239 liberast

304 268 373 308 ubi
402 268 550 308 habitet
579 268 707 308 dicere
738 269 947 308 admodum
977 269 1125 307 incerte
1154 269 1249 307 scio.

302 336 376 376 PE.
426 335 510 375 Eho
542 348 591 375 an
622 335 744 375 libera
773 336 834 375 illa
867 334 953 375 est?
984 335 1071 386 quis
1102 347 1184 374 eam
1216 334 1449 381 liberaverit,

304 403 391 442 volo
421 406 535 450 scire,
566 403 598 443 si
628 404 716 444 scis.
775 404 871 444 ΡΠ).
922 403 964 442 Id
997 403 1101 454 quod
1131 403 1257 442 audivi
1287 403 1433 442 audies.

303 470 606 522 Stratippoclem
638 471 747 509 aiunt
776 470 1010 522 Periphanai
1040 469 1163 508 filium

302 537 504 577 absentem
535 539 727 577 curavisse
757 545 800 576 ut
829 539 940 576 fieret
970 537 1104 576 libera.

302 605 406 645 PER.
455 605 558 645 Perii
587 605 733 652 hercle,
764 605 795 644 si
825 605 944 644 istaec
974 616 1064 643 vera
1094 611 1206 650 sun13
1236 603 1475 656 planissume

304 685 436 713 meum
467 673 706 712 exenteravit
734 673 920 724 Epidicus
948 672 1231 723 marsuppium.

303 741 399 781 Fu).
449 740 556 780 Haec
585 741 640 780 sic
670 741 808 780 audivi.
869 740 1061 791 numquid
1092 751 1154 778 me
1186 739 1240 778 vis
1271 737 1474 778 ceterum?

302 809 406 848 PER.
456 808 555 848 Malo
587 809 762 848 cruciatu
792 814 835 847 ut
864 820 1002 860 pereas
1032 814 1148 859 atque
1180 807 1294 847 abeas
1326 807 1415 846 cito.

301 876 396 917 ΡΠ).
445 876 560 916 Fides
590 890 671 916 non
701 875 858 916 reddis?
916 876 1020 917 PER.
1070 876 1205 927 Neque
1237 875 1334 915 fides
1365 887 1493 927 neque
1523 875 1647 915 tibias.

304 956 473 997 propera
501 944 620 996 igitur
650 945 784 996 fugere
814 944 919 991 hinc,
952 945 984 983 si
1014 949 1051 983 te
1082 943 1120 982 di
1151 951 1294 982 amant.
1353 943 1448 984 Fm.
1498 943 1655 982 Abiero.

303 1012 447 1064 flagitio
478 1025 568 1052 cum
597 1013 745 1051 maiore
776 1018 865 1064 post
894 1012 1032 1051 reddes
1062 1017 1206 1051 tamen.
1238 1035 1294 1040 -—

303 1080 407 1120 PER.
458 1079 560 1126 Quid
592 1079 727 1120 nunc?
759 1080 825 1131 qui
856 1081 897 1119 in
930 1080 1047 1119 tantis
1078 1080 1228 1131 positus
1260 1091 1348 1119 sum
1378 1079 1597 1119 sententiis.
1629 1087 1652 1118 -1-

307 1144 461 1202 [eamne
494 1151 565 1200 egt')
595 1148 718 1188 sinam
750 1146 941 1200 impune?
973 1148 1091 1187 immo
1124 1148 1237 1186 etiarn
1270 1148 1301 1187 si
1332 1147 1496 1186 alterum

303 1221 456 1255 tanturn
487 1215 785 1267 perdundumst,
817 1215 978 1267 perdam
1008 1215 1139 1266 potius
1170 1227 1287 1266 quam
1320 1215 1447 1254 sinam

305 1295 366 1322 me
397 1282 558 1335 impune
588 1283 744 1322 irrisum
776 1295 873 1331 esse,
903 1282 1079 1321 habitum
1110 1282 1372 1334 depeculatui]

304 1351 338 1389 ei
369 1350 425 1390 sic
454 1351 539 1390 data
571 1363 654 1390 esse
685 1350 801 1390 rerba
833 1351 1030 1402 praesenti
1061 1350 1207 1402 palam!

302 1425 417 1469 atque
447 1422 509 1458 me
538 1419 702 1458 minoris
733 1419 832 1458 facio
863 1430 956 1471 prae
987 1419 1066 1465 illo,
1099 1418 1164 1469 qui
1197 1418 1371 1457 omnium

303 1486 433 1538 legum
463 1492 579 1538 atque
609 1487 741 1526 iurum
770 1487 895 1534 fictor,
927 1486 1109 1526 conditor
1138 1485 1260 1533 cluet;

301 1553 334 1593 is
366 1553 481 1593 etiam
513 1566 597 1593 sese
627 1565 765 1605 sapere
799 1560 1007 1592 memorat:
1039 1553 1221 1592 malleum

302 1621 580 1673 sapientiorem
611 1621 687 1661 vidi
707 1634 882 1664 ,excusso
916 1621 1135 1660 manubrio.

212 1777 278 1811 504
302 1775 454 1811 liberast.
469 1776 518 1810 A:
543 1776 633 1812 uber
657 1778 713 1812 ast
731 1775 773 1817 E,
798 1775 930 1811 liberta
955 1779 1010 1811 est
1026 1774 1057 1815 I,
1083 1775 1212 1811 uberta
1237 1779 1271 1811 st
1294 1775 1329 1810 B
1447 1779 1510 1811 505
1536 1777 1678 1814 habitat
1703 1776 1766 1819 3¹,

102 1831 285 1868 habitaret
307 1831 344 1866 E
444 1831 567 1880 dicere
593 1832 642 1867 A:
667 1843 736 1868 om.
762 1831 796 1866 P
901 1832 1092 1868 admodum
1120 1834 1170 1867 A:
1193 1833 1278 1867 dum
1303 1830 1337 1866 P
1441 1831 1579 1869 incerto
1606 1833 1680 1868 BE

103 1890 168 1923 506
193 1888 261 1924 eho
292 1899 341 1923 an
371 1888 488 1923 libera
516 1889 580 1924 illa
603 1892 659 1924 est
689 1888 767 1933 quis
801 1899 880 1924 eam
911 1888 1082 1924 liberauit
1106 1890 1155 1929 A,
1188 1889 1257 1924 eho
1282 1888 1343 1923 ani
1373 1888 1453 1933 quis
1478 1889 1547 1926 (uis
1573 1888 1665 1931 13¹1)
1690 1899 1768 1924 eam

101 1944 313 1980 liberauerit
348 1944 417 1986 (-ui
448 1945 500 1980 B¹
536 1950 576 1980 ut
609 1945 698 1987 vict,
735 1945 805 1980 -uit
829 1943 867 1987 I)
1006 1948 1068 1980 507
1106 1945 1232 1980 audiui
1262 1944 1334 1979 iam
1370 1945 1520 1980 audiens
1548 1946 1599 1986 A,
1633 1946 1685 1990 cf.
1718 1946 1766 1980 ad

101 1999 230 2046 Amph.
261 2001 331 2036 793
469 2003 533 2036 508
567 2001 817 2046 stratippoden
842 2001 895 2045 B,
930 2002 1124 2047 strapoden
1152 2000 1200 2042 E,
1231 2000 1494 2045 stratiphoclen
1518 2000 1557 2042 I,
1593 2001 1765 2046 strathip-

101 2057 230 2102 poclen
253 2057 285 2092 A
400 2057 503 2092 aiunt
538 2068 604 2092 om.
643 2056 678 2091 P
794 2058 988 2103 periphani
1022 2057 1091 2093 ΑΡ
1123 2057 1294 2103 (perifani
1331 2055 1406 2099 EI)
1535 2060 1598 2092 509
1633 2057 1765 2093 libera:

102 2112 179 2148 filia
200 2114 233 2148 A
348 2116 412 2148 510
437 2114 516 2159 peri
539 2116 570 2149 A
688 2117 750 2149 511
778 2114 998 2150 exinterauit
1022 2113 1060 2155 I,
1092 2126 1137 2150 ex
1160 2114 1314 2150 intrauit
1339 2114 1392 2152 B,
1419 2113 1619 2148 exineravit
1643 2113 1678 2148 E

104 2169 268 2215 epidicus
296 2170 544 2216 marsuppium
574 2170 736 2216 epidieus
761 2171 792 2205 A
908 2173 973 2207 512
1003 2182 1100 2207 nunc
1133 2171 1162 2207 si
1192 2171 1277 2216 quid
1301 2171 1356 2205 uis
1381 2181 1437 2205 me
1462 2173 1620 2205 ceterum
1644 2172 1675 2204 A

103 2227 168 2260 513
192 2227 234 2261 ut
257 2225 424 2262 cruciatu
447 2228 488 2262 ut
511 2227 543 2261 A
635 2229 701 2262 514
726 2227 776 2271 cf.
809 2227 993 2263 Valzlemcs
1016 2227 1089 2263 incl.
1115 2228 1194 2263 lect.
1222 2227 1327 2262 1880
1349 2237 1386 2272 p.
1408 2227 1430 2261 6
1522 2229 1586 2261 515
1611 2236 1768 2272 propera

103 2282 152 2317 sis
175 2281 287 2326 igitur
309 2283 340 2318 A
465 2285 502 2318 te
526 2283 557 2318 si
582 2285 613 2318 A
740 2287 804 2319 517
830 2284 892 2329 qui
915 2295 1012 2320 nunc
1036 2284 1123 2330 quin
1147 2284 1258 2320 tantis
1282 2283 1424 2329 positus
1450 2283 1511 2318 siis
1536 2283 1632 2322 (sus?
1658 2282 1765 2324 seis?)

103 2339 298 2375 sententeis
322 2340 357 2388 A
470 2339 536 2374 sim
562 2339 607 2382 E,
633 2339 685 2385 cf.
711 2340 843 2376 Pseud.
870 2342 939 2375 516
962 2346 995 2376 et
1019 2341 1150 2376 similia
1258 2340 1318 2385 qui
1342 2340 1381 2375 in
1405 2340 1499 2375 antis
1524 2339 1663 2384 positus
1689 2350 1767 2374 sum

101 2395 171 2436 (vel
194 2395 243 2431 sis
267 2401 437 2442 sequente
460 2397 528 2432 tibi
552 2407 582 2432 v.
601 2398 670 2432 521
690 2397 753 2437 in.)
781 2397 943 2433 senatuis
968 2398 1103 2433 conieci
1122 2397 1243 2432 Herm.
1268 2398 1327 2438 18,
1348 2397 1424 2431 582
1439 2407 1493 2442 sq.
1587 2398 1767 2431 518—520

102 2462 171 2487 om.
196 2453 228 2487 A
320 2455 386 2489 518
410 2464 539 2489 eumne
562 2453 599 2488 B
691 2456 756 2488 519
782 2464 853 2498 qua
878 2453 912 2488 B
1005 2456 1070 2488 520
1100 2453 1354 2499 depeculatum
1447 2454 1496 2498 cf.
1523 2451 1768 2487 Buechelerus

103 2508 148 2543 de
170 2507 258 2544 decl.
282 2510 353 2544 110
387 2509 457 2552 W.‚
484 2509 587 2546 Pers.
615 2512 697 2552 555,
723 2521 834 2546 carm.
859 2509 922 2545 lat.
948 2511 1064 2556 epiqr.
1090 2511 1173 2551 134,
1202 2511 1234 2544 6.
1276 2510 1446 2555 peccavit
1468 2508 1531 2554 qui
1554 2507 1621 2544 llos
1644 2518 1768 2544 versus

101 2564 193 2610 fecit
217 2565 282 2611 (cf.
308 2565 426 2602 Lucil,
446 2567 530 2610 553)
623 2570 684 2602 521
713 2567 747 2603 ei
771 2567 845 2603 seic
861 2569 905 2608 A,
930 2567 982 2602 eis
1007 2567 1059 2602 sic
1083 2566 1126 2609 P,
1151 2566 1221 2602 mei
1245 2567 1297 2602 sic
1322 2565 1568 2601 Buechelerus
1591 2565 1613 2600 l.
1638 2577 1690 2607 s.;
1713 2565 1766 2610 cf.

105 2621 156 2657 ad
171 2623 242 2658 517
330 2625 396 2658 522
420 2625 530 2669 atque
545 2635 602 2659 me
618 2624 766 2660 minoris
783 2626 826 2666 A,
851 2626 960 2669 atque
976 2623 1179 2658 memineris
1197 2622 1248 2664 P,·
1272 2623 1323 2667 cf.
1341 2621 1538 2657 Muellerus
1552 2632 1654 2667 pros.
1679 2621 1767 2664 436,

103 2676 320 2714 Skutsokius
342 2678 465 2714 Plaut.
490 2691 524 2714 u.
542 2679 646 2715 Rom.
665 2681 712 2715 53
804 2680 900 2716 facio
924 2679 1020 2715 facio
1037 2682 1069 2714 A
1162 2681 1227 2714 523
1253 2680 1372 2714 uirum
1390 2678 1440 2714 B¹
1532 2678 1720 2714 condictor
1736 2680 1767 2714 A

106 2733 172 2779 (of.
200 2733 302 2770 Cure.
329 2737 364 2779 5)
500 2739 684 2782 tamquam
707 2736 752 2772 de
772 2736 956 2783 finqendis
981 2735 1087 2778 (libis,
1122 2735 1240 2770 Varro
1266 2735 1289 2770 l.
1309 2735 1331 2771 l.
1363 2737 1392 2777 7,
1409 2735 1471 2777 44)
1500 2740 1534 2769 et
1560 2734 1769 2770 condiendis

104 2789 170 2834 (of.
190 2789 260 2826 Cio.
273 2801 346 2837 pro
364 2789 439 2827 Clu.
461 2792 514 2835 71)
538 2792 713 2839 loquitur,
738 2793 833 2840 leqes
854 2792 1062 2828 condendas
1082 2792 1321 2838 fiqendasque
1344 2791 1510 2827 indicans
1602 2794 1667 2827 525
1692 2791 1769 2828 uidi

107 2855 260 2882 excusso
285 2857 353 2882 om.
380 2847 424 2890 P,
447 2849 566 2894 spatio
589 2849 717 2885 relicto
807 2848 937 2884 mulier
960 2848 1045 2884 add.
1070 2849 1115 2891 P,
1140 2849 1192 2894 cf.
1219 2849 1269 2884 tit.
1294 2848 1391 2890 437;
1421 2858 1650 2883 mammas
1674 2848 1769 2884 inter

1774 274 1829 306 505

1777 607 1832 639 510

1777 946 1832 978 515

1777 1284 1834 1316 520

1778 1623 1833 1655 525
