1998 3179
87 110 101 137 1
113 111 138 143 1,
157 111 292 138 219—248
767 106 1056 143 AMPHITRVO
1690 112 1710 148 1
1719 111 1742 148 9

88 224 228 275 quoius
259 236 366 262 nunc
398 221 468 262 es?
526 223 614 263 Sos.
665 222 782 269 Tuos,
813 233 902 261 nam
933 221 1076 273 pugnis
1106 233 1180 260 usu
1211 220 1335 259 fecisti
1365 226 1488 260 tuom.
1754 232 1810 265 375

88 303 160 343 pro
190 291 317 338 fidem,
349 290 525 329 Thebani
556 290 669 329 cives.
728 289 867 329 MERc.
917 288 1040 327 Etiam
1073 288 1226 335 clamas,
1258 287 1463 326 carnifex?

88 359 262 409 loquere,
294 358 386 409 quid
416 356 580 397 venisti?
638 357 726 397 Sos.
774 357 824 395 Vt
853 363 954 396 esset
984 369 1099 407 quem
1129 362 1170 395 tu
1201 356 1343 407 pugnis
1374 356 1566 395 caederes.

87 426 143 466 M.
184 425 302 465 Cuius
323 424 389 465 es?
447 425 487 465 S.
531 424 838 475 Amphitruonis,
863 424 1036 474 inquam,
1059 424 1181 463 Sosia.
1240 423 1297 464 M.
1342 423 1446 475 Ergo
1478 424 1575 464 istoc
1607 427 1741 477 magis,

88 494 176 544 quia
208 492 461 543 vaniloquo's,
492 490 711 543 vapulabis:
743 503 816 542 ego
847 503 946 536 sum,
980 504 1059 529 non
1092 497 1146 537 tu,
1178 491 1301 530 Sosia.

86 561 175 601 Sos.
226 560 282 599 Ita
312 560 349 598 di
380 559 533 604 faciant,
564 565 607 597 ut
636 565 679 597 tu
708 558 837 609 potius
867 558 919 597 sis
949 564 1064 609 atque
1095 571 1166 609 ego
1198 564 1235 597 te
1265 565 1310 597 ut
1338 559 1553 599 verberem.
1755 556 1811 589 380

85 628 142 667 M.
173 627 297 666 Etiam
314 625 479 665 muttis‘?
522 626 562 666 S.
592 625 669 664 lam
688 625 836 664 tacebo.
882 625 938 664 M.
970 625 1064 671 Quis
1080 623 1304 664 tibierust?
1349 626 1388 665 S.
1420 626 1546 671 Quem
1566 634 1607 666 tu
1624 629 1742 668 voles.

84 695 224 734 MERc.
275 694 376 740 Quid
406 692 552 744 igitur?
582 693 648 744 qui
670 705 776 732 nunc
804 691 971 731 vocare?
1029 692 1118 732 Sos.
1169 693 1290 731 Nemo
1323 693 1395 731 nisi
1427 706 1543 744 quem
1574 695 1742 735 iusseris.

84 763 223 802 MERO.
271 761 568 813 Amphitruonis
598 767 636 799 te
666 772 750 799 esse
781 760 909 799 aiebas
939 759 1101 798 Sosiam.
1161 760 1249 800 Sos.
1302 760 1564 808 Peccaveram‚

86 842 174 868 nam
204 828 500 881 Amphitruonis
530 838 555 870 -ι-
588 828 735 867 socium
769 840 816 866 ne
847 840 909 866 me
940 840 1023 867 esse
1054 828 1157 866 volui
1187 828 1329 866 dicere.

83 897 222 937 MERC.
273 896 426 935 Scibam
459 896 639 946 equidem
672 895 819 934 nullum
853 908 936 934 esse
969 895 1082 934 nobis
1114 895 1189 934 nisi
1219 907 1280 933 me
1311 907 1461 934 servom
1493 895 1655 935 Sosiam.
1755 897 1811 929 385

84 965 181 1015 sugit
211 971 248 1003 te
278 965 388 1003 ratio.
446 964 536 1004 Sos.
589 963 739 1002 Vtinam
771 963 870 1002 istuc
901 963 1023 1014 pugni
1055 963 1238 1002 fecissent
1269 963 1338 1002 tui.

83 1032 222 1072 MERc.
273 1031 357 1083 Ego
388 1044 473 1071 sum
505 1032 612 1071 Sosia
643 1032 705 1070 ille
737 1044 852 1082 quem
887 1039 928 1070 tu
960 1031 1103 1070 dudum
1136 1044 1219 1070 esse
1250 1031 1378 1070 aiebas
1408 1032 1516 1070 mihi.

83 1100 172 1140 Sos.
223 1099 396 1139 Obsecro
427 1106 470 1137 ut
498 1111 570 1150 per
600 1111 735 1150 pacem
766 1099 879 1137 liceat
908 1105 946 1137 te
977 1098 1134 1149 alloqui,
1165 1105 1209 1137 ut
1240 1111 1289 1137 ne
1318 1099 1511 1149 vapulem.

83 1167 223 1208 MERC.
275 1167 397 1206 Immo
428 1167 598 1205 indutiae
629 1179 840 1217 parumper
870 1167 976 1213 fiant,
1007 1166 1038 1205 si
1069 1166 1160 1217 quid
1191 1166 1247 1205 vis
1277 1166 1397 1217 loqui.

84 1235 172 1275 Sos.
222 1235 307 1273 Non
339 1235 479 1286 loquar
509 1235 584 1274 nisi
614 1246 708 1286 pace
740 1235 850 1280 facta,
882 1234 1039 1284 quando
1071 1234 1212 1285 pugnis
1242 1234 1329 1285 plus
1359 1235 1473 1274 vales.
1755 1233 1811 1266 390

83 1303 222 1342 Mmc.
262 1302 332 1341 Dic
348 1302 379 1341 si
396 1302 488 1352 quid
505 1302 572 1349 vis,
590 1315 670 1340 non
690 1301 854 1340 nocebo.
906 1301 995 1341 Sos.
1034 1301 1139 1340 Tuae
1158 1302 1231 1339 fide
1249 1300 1395 1340 credo?
1444 1302 1584 1341 MERC.
1623 1303 1741 1341 Meae.

83 1369 172 1410 SOS.
223 1369 323 1415 Quid
355 1369 386 1408 si
418 1367 556 1408 falles?
613 1368 753 1408 MERC.
804 1368 902 1406 Tum
934 1368 1152 1407 Mercurius
1184 1369 1316 1407 Sosiae
1346 1369 1467 1408 iratus
1498 1371 1582 1409 siet.

83 1438 172 1478 Sos.
222 1437 403 1476 Animum
435 1437 604 1475 advorte.
656 1448 764 1475 nunc
794 1436 884 1475 licet
915 1436 1008 1474 mihi
1039 1436 1160 1474 libere
1191 1437 1342 1487 quidvis
1372 1437 1492 1488 loqui.

83 1505 378 1556 Amphitruonis
409 1517 480 1556 ego
511 1516 597 1543 sum
628 1516 759 1543 servos
791 1503 912 1542 Sosia.
971 1503 1111 1543 MERo.
1161 1503 1284 1542 Etiam
1316 1503 1476 1543 denuo?

83 1573 171 1613 Sos.
222 1573 360 1611 Pacem
391 1572 477 1619 feci,
509 1573 646 1611 foedus
677 1572 763 1610 feci.
813 1584 901 1610 vera
933 1572 1033 1610 dico.
1092 1571 1232 1612 MERC.
1283 1571 1441 1623 Vapula.
1756 1574 1811 1606 395

83 1641 172 1681 Sos.
222 1641 270 1679 Vt
300 1640 394 1679 libet
424 1640 516 1690 quid
547 1640 617 1679 tibi
649 1639 743 1678 libet
773 1640 844 1685 sac,
875 1639 1059 1690 quoniam
1092 1640 1236 1690 pugnis
1268 1640 1354 1690 plus
1385 1640 1502 1688 vales3

83 1720 229 1755 verum,
261 1714 348 1747 utut
378 1720 418 1745 es
448 1707 633 1753 facturus,
664 1707 739 1745 hoc
771 1706 928 1756 quidem
959 1706 1090 1744 hercle
1121 1707 1222 1745 haud
1256 1707 1428 1746 reticebo
1461 1714 1602 1746 tamen.

84 1775 223 1815 MERC.
273 1775 331 1813 Tu
362 1787 424 1813 me
453 1775 557 1813 vivos
588 1775 704 1813 hodie
734 1786 948 1824 numquam
978 1774 1094 1813 facies
1125 1775 1218 1825 quin
1251 1775 1322 1814 sim
1356 1775 1478 1814 Sosia.

85 1843 173 1884 Sos,
223 1843 334 1882 Certe
367 1842 505 1894 edepol
535 1848 577 1881 tu
608 1855 671 1881 me
700 1842 886 1881 alienabis
917 1854 1129 1892 numquam
1163 1843 1256 1893 quin
1291 1849 1425 1882 noster
1453 1843 1569 1890 siem;

87 1923 160 1950 nec
191 1911 303 1950 nobis
333 1917 486 1961 praeter
517 1910 602 1949 med
634 1910 731 1949 alius
762 1909 966 1960 quisquam
997 1917 1056 1949 est
1085 1923 1218 1949 servos
1249 1911 1370 1950 Sosia.
1755 1912 1811 1945 400

86 1975 166 2033 [qui
198 1990 285 2017 cum
316 1978 603 2029 Amphitruone
632 1978 726 2016 hinc
757 1989 833 2016 una
865 1977 985 2015 ieram
1016 1978 1055 2016 in
1088 1975 1330 2033 exercitum]

84 2045 140 2085 M.
191 2046 263 2084 Hic
285 2047 401 2084 homo
423 2058 540 2085 sanus
562 2058 641 2084 non
665 2051 734 2084 est.
793 2045 833 2085 S.
875 2045 987 2091 Quod
1008 2046 1102 2084 mihi
1125 2047 1324 2097 praedicas
1345 2047 1490 2093 vitium,
1523 2048 1558 2085 id
1581 2046 1650 2085 tibi
1672 2053 1741 2086 est.

84 2114 188 2164 quid,
219 2114 375 2160 malum,
407 2126 487 2152 non
519 2116 605 2153 sum
637 2124 709 2163 ego
739 2125 869 2152 servos
901 2114 1199 2165 Amphitruonis
1231 2113 1369 2153 Sosia?

85 2193 220 2220 nonne
249 2182 321 2220 hac
352 2188 472 2220 noctu
503 2187 636 2220 nostra
667 2181 773 2219 navis
802 2178 924 2235 (huc)
955 2194 1001 2220 ex
1031 2189 1149 2233 portu
1181 2183 1337 2222 Persico

197 2281 261 2314 376
274 2278 335 2314 fidi
349 2278 429 2320 BE,
446 2279 531 2314 uide
547 2278 593 2320 D,
611 2290 705 2314 corr.
721 2278 833 2313 Aldus
926 2282 989 2314 377
1008 2279 1183 2324 eloquere,
1202 2291 1296 2314 corr.
1316 2279 1429 2314 Aldus
1523 2282 1587 2314 379
1605 2279 1742 2314 uanilo-

83 2345 172 2380 quus
252 2337 314 2370 381
333 2345 415 2370 erus
428 2338 483 2370 est
563 2338 627 2370 383
640 2335 762 2369 alebas
782 2333 923 2368 B¹D¹E
1000 2337 1065 2370 384
1082 2336 1217 2370 socium
1234 2340 1362 2370 memet
1378 2335 1666 2376 Limlemamzus;
1681 2336 1746 2370 sed.

82 2403 147 2426 uec
165 2402 235 2437 quo
261 2393 425 2426 acumine
441 2402 480 2426 se
503 2391 778 2437 Amphitryonis
799 2391 933 2426 socium
958 2396 1057 2427 vocet
1081 2397 1236 2438 apparet
1259 2403 1323 2427 nec
1348 2392 1505 2437 quadrat
1529 2401 1580 2436 sq.
1609 2402 1743 2427 versus.

83 2449 198 2484 Sosiai
221 2459 276 2483 me
292 2447 558 2483 Lachmannus.
599 2448 722 2482 ludere
745 2448 885 2482 videtur
909 2448 945 2481 in
970 2449 1236 2493 siqnificatione
1260 2449 1425 2489 nominis,
1447 2449 1537 2492 fort.
1563 2448 1633 2482 sic:
1662 2458 1743 2482 nam

82 2502 364 2547 Amphitruonis,
380 2512 450 2536 non
469 2512 524 2536 me
537 2502 673 2536 Sosiam
690 2511 768 2536 esse
785 2502 883 2536 uolui
902 2502 1018 2537 dicere
1099 2505 1164 2537 385
1183 2503 1338 2537 sciebam
1428 2505 1491 2536 391
1513 2501 1630 2543 dicito,
1648 2513 1742 2537 corr.

83 2555 352 2590 Lindemannus
418 2556 547 2590 tacebo
563 2555 607 2590 0¹
677 2554 758 2590 fidei
829 2558 893 2589 392
904 2560 991 2601 post
1003 2556 1069 2589 395
1079 2556 1207 2601 posuit
1219 2562 1252 2590 et
1265 2566 1421 2590 errorem
1440 2556 1603 2590 correxit
1620 2554 1653 2589 B

84 2611 148 2644 395
161 2608 284 2643 foedus
298 2608 344 2643 ici
359 2607 452 2649 Otto,
467 2609 565 2654 quod
570 2608 802 2654 probandum
811 2615 912 2649 esset,
926 2609 957 2642 si
969 2619 1055 2643 uera
1066 2609 1144 2644 dico
1155 2608 1363 2644 cohaereret
1376 2619 1455 2643 cum
1462 2608 1655 2654 prioribus

85 2664 148 2695 306
174 2662 267 2706 quod
292 2674 322 2703 ς,
346 2662 396 2706 cf.
424 2661 561 2697 Bacch.
587 2664 654 2697 866
678 2661 768 2696 Pers
803 2663 870 2696 398
904 2661 936 2695 T
934 2663 1001 2696 rin.
1027 2663 1094 2696 570
1195 2665 1260 2696 398
1286 2663 1410 2696 uiuus:
1436 2663 1515 2697 uius
1540 2661 1577 2696 E
1597 2666 1630 2695 ec
1651 2663 1742 2707 fort.

85 2713 186 2750 B¹D¹
278 2718 343 2750 400
368 2715 434 2749 hec
459 2714 496 2749 E
583 2725 638 2750 me
741 2726 807 2749 nec
831 2715 933 2750 nobis
957 2719 1145 2760 praesente
1169 2715 1297 2759 aliquis
1322 2716 1508 2759 quisquam
1533 2715 1602 2750 nisi
1620 2726 1745 2751 seruus

85 2767 227 2803 Nonius
241 2769 295 2809 76,
321 2772 455 2803 testans
476 2772 664 2813 praesente
688 2769 790 2803 nobis
809 2768 919 2813 (quod
943 2768 1013 2803 imo
1027 2770 1208 2814 pertinere
1231 2768 1412 2803 intelleaeit
1428 2767 1460 2803 I.
1480 2768 1746 2810 Sem-omerus,-

85 2821 134 2865 cf.
153 2820 331 2856 Dziatzlco
356 2822 393 2855 in
419 2822 583 2857 zeitschr.
600 2822 630 2867 f.
648 2833 739 2857 rom.
763 2821 892 2856 Plzilol.
912 2823 942 2863 7,
970 2822 1046 2863 126)
1161 2825 1222 2856 401
1251 2821 1379 2857 delevit
1402 2822 1655 2858 Fleckeisenus

85 2877 152 2909 404
163 2874 279 2918 (huc)
294 2873 453 2920 Pylades
493 2881 642 2920 porcum
658 2875 842 2910 Persicum
856 2875 983 2910 Festus
995 2875 1061 2908 217
1074 2886 1172 2910 mare
1186 2874 1382 2911 Euboicum
1396 2887 1472 2911 esse
1484 2876 1744 2922 interpretatur

1425 2933 1472 2966 2*
