1998 3179
95 107 140 136 111
150 107 177 140 4,
195 106 297 135 30—58
827 101 1022 138 CAPTIVI
1670 99 1748 136 203

97 227 135 261 et
164 220 320 272 quidem
349 219 559 259 Alcumeus
588 223 705 268 atque
736 217 893 257 Orestes
924 221 964 254 et
993 214 1196 267 Lycurgus
1225 220 1359 266 postea

95 299 174 327 una
205 299 322 339 opera
350 287 445 325 mihi
475 292 570 326 sunt
598 285 747 325 sodales
777 296 852 335 qua
882 283 966 322 iste.
1025 282 1171 322 ARIST.
1222 282 1270 320 At
1299 281 1426 327 etiam⁷
1458 280 1629 327 furcifer,

94 354 192 393 male
212 354 320 405 loqui
340 354 392 392 mi
414 351 560 393 audes?
582 365 662 391 non
686 364 757 402 ego
779 356 817 389 te
841 349 958 389 novi?
997 350 1112 390 Hm.
1153 349 1222 387 Pol
1252 349 1411 400 planum
1443 348 1479 387 id
1501 348 1657 399 quidem
1679 353 1750 395 est,

97 434 177 461 non
209 421 374 469 novisse,
406 421 472 471 qui
503 421 619 459 istum
650 418 820 471 appelles
850 417 1074 469 Tyndarum
1105 428 1177 467 pro
1208 416 1440 455 Philocrate.
1765 423 1821 454 565

97 500 213 539 quem
243 488 359 536 vides,
391 500 480 527 eum
511 489 687 539 ignoras:
718 486 825 524 illum
858 484 1038 523 nominas
1069 495 1184 534 quem
1215 496 1294 521 non
1327 483 1444 522 vides.

94 554 240 595 Amstr.
279 555 402 594 Immo
424 555 495 594 iste
516 567 604 594 eum
627 567 712 594 sese
732 554 796 601 ait,
830 552 895 603 qui
918 564 997 590 non
1021 557 1089 597 est,
1122 562 1219 595 esse,
1252 556 1290 588 et
1320 550 1385 600 qui
1407 561 1498 587 vero
1521 555 1590 597 est,
1623 555 1751 600 negat.

93 622 230 662 TYND.
280 621 339 661 Tu
370 622 474 661 cnim
505 621 708 673 repertu's‚
741 621 999 659 Philocratem
1032 618 1098 668 qui
1129 629 1291 668 superes
1320 616 1547 655 veriverbio.

95 689 242 730 Ams'r.
295 689 364 728 Pol
395 702 466 741 ego
498 695 541 728 ut
570 701 652 728 rem
683 688 806 736 video,
836 693 878 726 tu
909 685 1117 732 inventu's‚
1148 696 1236 722 vera
1266 684 1491 722 vanitudine

94 758 159 808 qui
189 757 409 796 convincas.
460 758 525 796 sed
558 768 700 807 quaeso
731 755 875 801 hercle,
912 753 1074 804 agedum
1106 752 1235 804 aspice
1266 752 1310 790 ad
1344 763 1419 789 me.
1478 751 1616 790 TYND.
1667 750 1751 790 Em.

1320 818 1466 858 Amsr.
1516 818 1584 856 Dic
1614 817 1822 859 modoz570

94 897 164 931 tun
187 903 307 943 negas
326 897 364 930 te
385 891 610 943 Tyndarum
632 888 744 929 esse?
793 889 839 930 T.
869 889 988 940 NegQ
1020 888 1193 938 inquam.
1242 885 1294 925 A.
1325 885 1411 923 Tun
1436 891 1473 923 te
1494 885 1753 924 Philocratem

93 971 178 999 esse
198 957 282 998 ais?
330 958 468 999 TYND.
507 948 602 1009 Ego,
625 959 798 1009 inquam.
850 956 995 995 Amsr.
1034 955 1146 994 Tune
1177 953 1268 992 huic
1300 951 1454 991 credis?
1504 952 1620 992 Hm.
1662 953 1754 992 Plus

1112 1022 1266 1072 quidem
1300 1032 1414 1070 quam
1448 1019 1515 1058 tibi
1548 1026 1615 1058 aut
1646 1020 1752 1059 mihi.

94 1106 183 1132 nam
214 1093 277 1132 ille
308 1093 477 1144 quidem,
509 1105 623 1144 quem
657 1099 698 1131 tu
727 1092 834 1131 hunc
864 1102 1058 1129 memoras
1088 1102 1184 1135 esse,
1217 1089 1331 1127 hodie
1362 1089 1454 1127 hinc
1484 1087 1578 1126 abiit
1605 1087 1753 1126 Alidem

93 1161 138 1200 ad
160 1166 310 1212 patrem
332 1160 462 1200 huius.
501 1160 646 1199 Amsr.
678 1158 799 1204 Quem
822 1165 987 1210 patrem,
1017 1157 1082 1208 qui
1105 1168 1238 1196 servos
1260 1154 1346 1195 est?
1387 1156 1432 1196 T.
1463 1155 1512 1194 Et
1532 1161 1572 1194 tu
1597 1155 1750 1205 quidem

94 1240 226 1267 servos
258 1240 312 1274 es,
342 1227 442 1267 liber
471 1228 590 1275 fuisti,
623 1233 661 1266 et
691 1239 763 1278 ego
793 1239 855 1264 me
887 1225 1042 1264 confido
1073 1226 1170 1271 fore,
1764 1232 1820 1263 575

92 1296 125 1334 si
153 1295 270 1334 huius
300 1295 378 1334 huc
406 1295 682 1334 reconciliasso
712 1294 752 1332 in
784 1293 1000 1332 libertatem
1032 1292 1166 1330 filium.

93 1362 238 1402 Ams'r.
289 1362 390 1408 Quid
421 1362 489 1409 ais,
521 1360 710 1401 furcifer?
741 1367 811 1399 tun
843 1368 881 1399 te
911 1367 1070 1411 gnatum
1102 1356 1231 1412 (esse)
1261 1369 1455 1396 memoras
1487 1356 1682 1396 liberum?

92 1429 230 1469 TYND.
260 1430 347 1468 Non
370 1429 549 1479 equidem
573 1442 635 1468 me
657 1428 856 1474 Liberum,
879 1427 946 1466 sed
969 1427 1224 1465 Philocratem
1242 1438 1326 1465 esse
1344 1425 1416 1464 aio.
1460 1424 1512 1465 A.
1543 1423 1643 1470 Quid
1667 1422 1753 1463 est?

92 1502 136 1535 ut
165 1497 365 1543 scelestus,
397 1496 532 1547 Hegio,
564 1508 672 1535 nunc
703 1496 775 1535 iste
804 1493 888 1549 (te)
919 1494 1031 1533 ludos
1062 1494 1166 1532 facit.

94 1566 182 1602 nam
216 1563 247 1602 is
279 1569 336 1602 est
366 1575 497 1602 servos
527 1563 623 1615 ipse,
656 1576 784 1614 neque
816 1568 973 1614 praeter
1003 1575 1043 1601 se
1074 1572 1259 1612 umquam
1291 1560 1325 1599 ei
1355 1572 1487 1598 servos
1518 1559 1602 1598 suit.
1766 1569 1822 1602 580

92 1631 229 1671 TYND.
280 1630 377 1676 Quia
407 1636 489 1669 tute
519 1630 601 1681 ipse
633 1642 724 1681 eges
754 1630 792 1669 in
826 1630 948 1681 patria
981 1642 1053 1668 nec
1084 1628 1154 1667 tibi
1186 1629 1251 1679 qui
1282 1628 1384 1666 vivas
1415 1627 1568 1673 domist,

94 1699 221 1738 omnis
250 1698 418 1737 inveniri
447 1698 582 1738 similis
613 1698 668 1736 tui
700 1698 775 1747 vis;
807 1710 887 1736 non
921 1697 1062 1736 mirum
1095 1697 1208 1736 facis:

91 1772 150 1805 est
179 1766 426 1813 miscrorum,
456 1773 500 1805 ut
530 1765 805 1804 malevolentes
834 1766 912 1804 sint
943 1772 1058 1815 atque
1090 1763 1287 1803 invideant
1317 1763 1443 1801 bonis.

90 1831 235 1872 ARIST.
285 1833 422 1884 Hegio,
452 1833 537 1872 vide
567 1833 631 1880 sis,
664 1846 713 1872 ne
743 1833 835 1884 quid
867 1840 908 1871 tu
940 1832 1031 1871 huic
1062 1839 1208 1870 temere
1239 1831 1393 1870 insistas
1424 1830 1597 1869 credere.

92 1906 220 1950 atque,
251 1906 294 1939 ut
322 1900 533 1951 perspicio,
565 1901 743 1952 profecto
775 1901 848 1939 iam
879 1900 1025 1951 aliquid
1055 1911 1210 1951 pugnae
1242 1899 1371 1937 edidit.
1766 1905 1821 1938 585

92 1967 213 2006 filium
242 1973 350 2007 tuom
383 1968 484 2019 quod
518 1968 709 2007 redimere
739 1980 780 2007 se
810 1968 873 2016 ait,
905 1968 942 2006 id
975 1979 1024 2006 ne
1057 1968 1232 2018 utiquam
1266 1965 1358 2004 mihi
1390 1965 1529 2015 placet.

90 2035 227 2075 Tmo.
278 2035 366 2074 Scio
396 2041 434 2074 te
464 2035 500 2073 id
533 2035 636 2074 nolle
667 2036 770 2083 fieri3
803 2035 968 2074 efficiam
1000 2041 1127 2073 tamen
1162 2047 1233 2085 ego
1266 2034 1317 2081 id,
1349 2033 1380 2072 si
1412 2033 1448 2071 di
1481 2033 1676 2071 adiuvant.

92 2101 198 2142 illum
230 2102 431 2142 restituam
462 2103 565 2150 huic,
595 2102 659 2141 hic
689 2109 816 2141 autem
849 2102 888 2141 in
921 2103 1070 2141 Alidem
1103 2115 1163 2141 me
1196 2114 1282 2140 meo
1313 2101 1425 2153 patri.

92 2176 302 2221 propterea
331 2170 376 2208 ad
408 2176 559 2222 patrem
590 2170 682 2209 hinc
712 2170 822 2209 amisi
853 2170 1091 2222 Tyndarum.
1151 2170 1296 2209 Amsa«.
1349 2168 1451 2213 Quin
1485 2174 1567 2207 tute
1599 2167 1631 2206 is
1662 2179 1722 2206 es:

95 2250 223 2288 neque
254 2243 410 2289 praeter
438 2243 476 2277 te
506 2237 546 2276 in
578 2237 686 2276 Alide
716 2237 818 2276 ullus
848 2250 980 2277 servos
1011 2239 1109 2278 istoc
1143 2238 1351 2278 nominest.
1764 2243 1821 2275 590

204 2350 270 2382 562
302 2347 505 2388 alcumeus‚
536 2347 600 2382 sed
620 2348 730 2393 prior
760 2358 784 2382 u
807 2358 929 2388 erasa,
955 2347 1008 2383 E:
1036 2349 1216 2384 alc*meus
1242 2350 1287 2391 B,
1313 2350 1369 2385 alc
1393 2362 1492 2386 meus
1526 2352 1555 2386 V
1646 2352 1753 2388 licur-

91 2413 156 2447 gus
173 2402 219 2445 E,
234 2403 394 2448 ligurgus
412 2403 447 2439 B
458 2403 492 2438 V
581 2408 646 2440 564
662 2404 750 2439 mihi
765 2405 864 2449 loqui
880 2405 967 2439 mihi
985 2404 1020 2439 B
1027 2406 1048 2447 ¹,
1065 2405 1152 2441 mihi
1168 2406 1265 2451 loqui
1287 2407 1334 2440 Β2
1422 2410 1580 2452 phanum
1605 2409 1674 2444 ΥΕ

93 2461 156 2494 565
181 2461 342 2505 appellas
369 2459 438 2496 ΥΕ
525 2461 576 2507 ef.
595 2462 668 2495 546
684 2465 719 2496 et
735 2460 898 2496 Baclzz'us
916 2472 957 2507 p.
975 2462 1063 2496 329.
1088 2472 1192 2497 versu
1216 2474 1326 2509 aeyre
1342 2474 1530 2499 careamus
1621 2468 1684 2500 567
1703 2467 1756 2502 ait

94 2515 163 2549 13²:
187 2519 252 2552 aut
366 2519 430 2552 569
454 2528 542 2553 uero
567 2528 590 2552 a.
613 2517 756 2552 Nonius
778 2519 851 2552 184
968 2521 1028 2552 571
1058 2521 1123 2553 tun
1148 2530 1257 2563 negas
1283 2522 1319 2554 te
1349 2521 1511 2556 Besso-lea
1537 2523 1600 2567 (ef.
1624 2522 1755 2558 Knem-

90 2572 189 2618 pfius
212 2573 256 2608 de
274 2584 384 2620 pron.
405 2584 505 2620 pers.
530 2575 606 2616 14ss
629 2577 666 2609 te
688 2584 798 2618 negas
870 2577 936 2609 tun
954 2574 1008 2609 B:
1032 2577 1073 2609 tu
1099 2574 1168 2609 ΥΕ
1247 2579 1311 2610 572
1339 2577 1412 2611 *ais
1431 2577 1477 2620 B,
1502 2578 1579 2613 aias
1606 2578 1675 2612 ΥΕ

92 2630 246 2664 extremi
262 2640 386 2665 versus
409 2630 538 2665 incerti
561 2630 701 2666 numeri
793 2632 856 2665 573
882 2632 977 2665 hunc
1003 2642 1070 2665 om.
1098 2630 1168 2666 ΥΕ
1262 2643 1340 2667 5555
1364 2635 1460 2668 hunc
1484 2645 1660 2670 memoras
1680 2636 1755 2670 Bo-

94 2684 190 2720 thius
280 2689 343 2721 575
362 2697 400 2721 es
417 2685 689 2722 Fleclceisenus:
712 2689 748 2722 et
840 2690 904 2722 576
921 2688 1019 2722 hunc
1113 2691 1176 2722 577
1194 2687 1316 2734 (esse)
1335 2689 1492 2735 Pylades
1584 2694 1648 2726 579
1672 2692 1756 2738 (te)

95 2740 270 2778 Gruterus
391 2745 455 2778 580
480 2753 519 2777 se
548 2754 714 2788 umquam
737 2743 794 2778 B:
823 2754 904 2779 eum
929 2755 1034 2788 quam
1070 2743 1138 2779 ΥΕ
1227 2748 1292 2779 582
1316 2746 1491 2789 inuenire,
1514 2758 1608 2782 corr.
1635 2748 1755 2784 Came-

93 2798 214 2833 rarius
304 2799 359 2835 tui
382 2798 655 2834 Fleckeisenus:
683 2800 769 2844 tibi3
795 2801 844 2845 cf.
872 2800 976 2834 Truc.
1005 2802 1081 2834 505
1089 2811 1142 2846 sq.
1235 2803 1299 2836 583
1324 2803 1557 2838 misermrum
1581 2807 1615 2845 (ο
1639 2808 1673 2840 et
1695 2816 1715 2840 r
1735 2817 1754 2842 e

94 2857 201 2897 corr.)
225 2854 261 2888 B
350 2855 500 2891 indeant
525 2855 561 2890 B
654 2859 718 2891 586
742 2867 788 2891 ne
811 2857 973 2901 utiquam
998 2856 1053 2891 B:
1078 2868 1123 2892 ne
1147 2857 1305 2902 iniquam
1330 2859 1424 2904 (imq.
1454 2859 1498 2902 Ε)
1531 2860 1599 2895 ΥΕ
