1998 3179
93 45 141 73 111
152 45 179 77 3,
198 43 248 71 145
256 42 327 71 -Iv
337 43 364 76 1,
383 42 416 69 14
800 39 1032 75 ASINARIA
1692 41 1742 78 81

91 159 160 197 has
189 156 260 196 tibi
291 168 364 194 nos
394 155 517 207 pactis
547 153 699 205 legibus
729 153 820 192 dare
852 153 975 193 iussit.
1033 152 1144 193 ΑΒΘ.
1195 154 1296 200 Quid
1327 154 1362 193 id
1395 160 1464 204 est,
1497 154 1672 206 quaeso?
1760 169 1816 201 735

89 224 182 264 Lm.
220 223 383 262 Noctem
414 221 530 260 huius
551 227 589 260 et
609 224 745 260 cenam
767 220 840 259 sibi
861 227 902 260 ut
933 221 1057 260 dares.
1107 220 1218 261 ΑΒΘ.
1263 221 1358 260 lube
1380 222 1560 261 advenire
1583 235 1746 274 quaeso:

89 290 336 330 meritissimo
367 288 449 328 eius
479 300 578 339 quae
608 288 710 326 volet
738 287 937 333 faciemus,
968 287 1035 338 qui
1065 287 1183 327 hosce
1213 300 1365 327 amores

89 363 246 397 nostros
276 355 469 407 dispulsos
500 354 699 406 compulit.
758 354 894 394 LEON.
941 352 1149 408 (Patierin,
1181 353 1436 409 Argyrippe‚>

88 431 237 477 patrem
267 424 369 463 hanc
399 422 608 474 amplexari
638 420 776 460 tuom?
833 421 945 461 ABG.
996 422 1098 461 Haec
1129 423 1242 461 faciet
1272 423 1382 462 facile
1414 429 1457 462 ut
1486 424 1621 475 patiar.

88 492 272 537 Leonida,
304 502 417 529 curre
447 489 626 537 obsecro,
657 495 805 540 patrem
838 489 915 528 huc
947 495 1055 528 orato
1086 495 1129 528 ut
1158 490 1297 529 veniat.
1759 503 1815 536 740

86 559 221 599 LEON.
251 559 331 598 Iam
354 557 500 596 dudum
522 562 580 596 est
600 557 718 595 intus.
756 556 868 596 ΑΒΘ.
900 556 980 594 Hac
997 556 1152 607 quidem
1173 570 1250 596 non
1275 558 1389 596 venit.
1419 558 1496 598 LE.
1527 559 1744 611 Angiporto

85 626 172 665 illac
202 637 273 677 per
301 625 458 663 hortum
490 624 638 663 circum
669 624 713 662 iit
743 623 853 671 clam,
886 635 935 662 nc
968 624 1054 674 quis
1084 637 1124 663 se
1159 624 1306 663 videret

85 693 163 732 huc
192 693 248 731 ire
279 691 542 731 familiarium:
576 704 625 730 ne
655 703 755 730 uxor
784 690 969 730 resciscat
1000 692 1148 730 metuit.

85 761 132 800 de
162 765 325 811 argento
356 760 388 799 si
417 765 539 798 mater
569 765 633 797 tua
664 759 760 798 sciat
791 765 833 797 ut
862 758 911 797 sit
941 759 1081 797 factum
1115 782 1169 787 —
1198 758 1308 799 ΑΒΘ.
1360 759 1466 806 Heia,

84 827 186 867 bene
207 827 333 867 dicite.
373 827 466 866 Lm.
501 826 557 865 Ite
580 826 682 865 intro
701 827 792 867 cito.
831 825 943 866 ΑΒΘ.
979 826 1123 864 Valete.
1141 849 1195 854 —
1210 826 1345 866 LEON.
1381 826 1430 865 Et
1450 839 1518 866 vos
1538 832 1674 865 amate,
1691 836 1813 867 -745

772 948 1064 990 DIABOLVS
1633 950 1697 989 IV
1721 952 1741 989 1

139 1029 314 1081 Agedum
344 1029 462 1068 istum
493 1028 655 1068 ostende
686 1040 802 1079 quem
834 1028 1066 1079 conscripsti
1097 1028 1361 1079 syngraphum

138 1098 244 1137 inter
273 1109 335 1136 me
365 1102 403 1135 et
433 1097 595 1135 amicam
628 1102 666 1135 et
694 1096 835 1135 lenam.
887 1096 992 1146 leges
1023 1095 1186 1147 pellege.

139 1177 227 1204 nam
258 1170 300 1203 tu
331 1170 444 1215 poeta
476 1177 516 1203 es
547 1175 711 1215 prorsus
741 1163 786 1202 ad
819 1175 903 1202 eam
934 1175 1016 1202 rem
1048 1163 1201 1202 unicus.

751 1252 1067 1294 PARASITVS

138 1319 350 1359 Horrescet
379 1321 465 1359 faxo
496 1320 597 1368 Iena,
630 1320 734 1371 leges
765 1333 854 1359 cum
886 1321 1027 1359 audiet.

135 1387 263 1427 DIAB.
308 1387 389 1438 Age
411 1400 554 1438 quaeso
576 1388 628 1425 mi
656 1387 789 1427 hercle
819 1387 1026 1438 translege.
1077 1387 1180 1427 PAR.
1226 1385 1382 1426 Audin?
1431 1387 1557 1427 DIAB.
1603 1389 1810 1428 Audio-..50

134 1455 239 1494 PAR.
285 1449 487 1494 ‘Diabolus
517 1454 651 1493 Glauci
681 1454 782 1494 filius
811 1454 1008 1494 Clearetae

134 1522 246 1561 lenae
277 1522 382 1570 dedit
412 1522 516 1561 dono
547 1522 699 1573 argenti
728 1522 865 1573 viginti
896 1522 1033 1570 minas,

135 1589 377 1629 Philaenium
408 1596 451 1628 ut
480 1602 612 1629 secum
645 1597 747 1629 esset
777 1596 914 1629 noctes
944 1596 983 1629 et
1011 1589 1092 1629 dies

132 1657 240 1695 hunc
270 1669 416 1696 annum
449 1653 598 1696 totum.³
660 1657 788 1699 DIAB.
837 1657 973 1709 Neque
1005 1670 1093 1696 curn
1126 1657 1311 1708 quiquam
1342 1657 1416 1696 alio
1448 1657 1616 1708 quidem.

131 1724 236 1766 PAR.
285 1722 478 1763 Addone?
537 1725 664 1765 DIAB.
710 1711 830 1773 Adde,
863 1732 901 1764 et
930 1725 1077 1764 scribas
1107 1726 1192 1763 vide
1222 1725 1337 1776 plane
1369 1731 1407 1764 et
1437 1725 1571 1776 probe.
1753 1735 1809 1766 755

132 1791 237 1832 PAR.
284 1787 483 1831 ‘Alienum
512 1793 713 1832 hominem
743 1792 847 1832 intro
880 1793 1004 1831 mittat
1035 1793 1245 1832 neminem.

133 1859 235 1910 quod
267 1859 330 1898 illa
360 1861 427 1898 alit
456 1859 625 1898 amicum
657 1863 723 1899 aut
752 1866 963 1911 patronum
996 1860 1185 1907 nominet,

131 1932 197 1965 aut
226 1927 329 1978 quod
361 1927 424 1965 illa
455 1927 599 1966 amicae
633 1942 654 1965 21<
687 1934 897 1966 amatorem
930 1928 1140 1979 praedicet,

131 1995 236 2034 fores
265 1994 445 2034 occlusae
476 1995 657 2034 omnibus
688 1996 766 2034 sint
798 1995 873 2034 nisi
903 1995 986 2034 tibi.

187 2116 251 2149 738
277 2114 457 2159 dispulsos
475 2114 580 2150 BE2:
604 2115 801 2160 discipulos
818 2114 863 2157 D,
889 2119 925 2150 et
942 2115 1121 2160 dispulsos
1139 2114 1176 2149 E
1179 2116 1189 2136 ¹
1279 2115 1461 2161 supplevit
1475 2115 1649 2161 Anqelius

76 2172 139 2204 739
172 2173 311 2214 patrem
343 2190 386 2196 —
410 2174 514 2207 tuum
545 2182 613 2206 om.
647 2171 768 2213 codd„
797 2171 862 2206 sed
893 2182 1032 2206 versum
1064 2175 1176 2206 totum
1209 2171 1382 2206 exhibent
1403 2176 1494 2218 post
1525 2182 1554 2206 v.
1577 2173 1649 2208 760

74 2225 181 2261 facile
207 2227 317 2262 faciet
342 2227 376 2262 B
400 2227 516 2263 altero
543 2227 621 2263 loco
737 2231 754 2261 7
760 2231 800 2262 40
828 2239 932 2263 curre
958 2239 990 2263 o.
1014 2228 1179 2263 Leonida
1202 2227 1402 2262 Muellerus
1512 2228 1571 2263 hic
1597 2228 1648 2263 13¹

74 2284 136 2316 741
164 2286 262 2317 totus
289 2283 480 2325 Leonidae,
505 2295 599 2319 corr.
616 2284 804 2319 Acidalius
896 2287 960 2319 742
979 2285 1115 2319 circum
1131 2285 1160 2320 it
1178 2283 1258 2327 DE,
1283 2285 1449 2320 circumit
1466 2284 1513 2326 B,
1539 2285 1587 2330 cf.
1606 2285 1738 2320 Pseud.

77 2339 152 2373 899
243 2339 377 2375 uiderit
469 2343 533 2375 745
558 2341 649 2376 bene
674 2361 716 2365 --
741 2341 862 2376 ualete
885 2341 1105 2387 Arqyrippi,
1132 2351 1227 2376 corr.
1251 2340 1392 2376 Pareus
1499 2344 1535 2376 et
1559 2351 1623 2375 uos
1647 2341 1737 2376 satis

73 2399 174 2435 erat;
196 2394 325 2430 subicit
349 2399 466 2431 amate
494 2401 675 2442 tamquam
700 2397 793 2433 idem
823 2397 940 2432 valeat
965 2397 1064 2443 quod
1087 2397 1200 2433 valete
1339 2399 1403 2431 746
1428 2397 1620 2432 DIABOLVS
1644 2407 1735 2432 Ano-

73 2460 239 2486 LEscnns.
264 2462 463 2487 PARASITVS
479 2452 552 2487 BE
640 2454 900 2498 conscripsisti,
925 2454 1005 2489 item
1028 2454 1171 2488 Nonius
1193 2456 1283 2496 225,
1308 2453 1522 2488 Priscianus
1544 2454 1577 2495 1,
1596 2454 1645 2487 50

74 2506 305 2551 singraphum
443 2513 506 2543 Ἀἵ
537 2510 674 2554 pellege
708 2515 860 2545 testatur
892 2510 1124 2545 Priscianus:
1156 2511 1299 2556 perlege
1438 2514 1499 2544 751
1528 2510 1645 2545 clauci

74 2561 276 2599 claearatae
293 2563 340 2606 B,
366 2565 592 2601 cleaeraetae
608 2566 669 2608 19¹,
695 2567 898 2602 cleaeratae
918 2566 1005 2602 D‘2E
1096 2570 1113 2601 7
1119 2570 1160 2601 52
1179 2567 1279 2602 dedit
1295 2568 1388 2602 dono
1406 2567 1471 2601 sub
1495 2578 1568 2601 uuo
1585 2570 1735 2602 accentu

74 2622 137 2654 est.
177 2620 228 2663 cf.
250 2620 477 2656 Abralzamus
500 2623 595 2657 stud.
612 2622 667 2657 Pl.
685 2625 772 2658 212.
801 2624 896 2660 dono
922 2625 967 2663 cll
993 2625 1064 2658 194
1089 2623 1199 2658 Poen.
1225 2625 1302 2658 467
1389 2622 1623 2668 synqraplms
1646 2623 1735 2657 mul-

75 2677 130 2709 tos
151 2674 272 2710 hiatus
294 2675 398 2712 habet
423 2678 460 2712 in
485 2689 529 2722 m,
554 2689 664 2712 unum
688 2680 725 2713 in
750 2678 975 2726 cliplztlzouyo
992 2691 1021 2715 v.
1044 2681 1125 2721 759,
1150 2680 1199 2724 cf.
1229 2681 1308 2714 778.
1329 2681 1417 2714 804.
1441 2679 1485 2714 de
1509 2679 1638 2724 quibus
1661 2690 1735 2715 non

75 2730 229 2777 amplius
252 2733 400 2768 monebo
424 2734 496 2768 nisi
519 2734 593 2769 alia
617 2734 793 2770 dubitatio
818 2737 867 2771 sit
995 2740 1058 2770 757
1085 2736 1245 2771 nominet
1269 2735 1445 2782 Pylades:
1467 2735 1644 2771 neminem

76 2789 139 2821 758
164 2788 278 2823 amica
367 2789 502 2835 (suae)
528 2789 749 2835 Gulielmius,
775 2792 868 2838 fort.
892 2792 1056 2838 (uirum)

141 2848 263 2877 Plautus
281 2850 305 2877 I.
1441 2850 1460 2882 6
