1998 3179
71 89 100 116 11
119 90 146 123 2.
162 89 281 118 71—100
793 89 1017 126 EPIDICVS
1649 91 1728 127 355

69 205 147 244 ΑΡ.
196 203 451 255 Reperiamus
480 204 623 255 aliquid
656 204 767 243 calidi
799 204 1058 244 conducibilis
1088 204 1238 245 consili.

72 283 159 310 nam
175 271 238 310 ille
255 271 411 321 quidem
428 278 494 310 aut
509 271 586 310 iam
602 271 665 310 hic
683 272 819 320 aderit,
844 272 960 311 credo
978 272 1121 319 hercle,
1147 278 1213 311 aut
1228 272 1302 311 iam
1325 272 1444 312 adest.
1503 273 1577 313 ΕΡ.
1609 272 1649 312 Si
1665 284 1729 311 ae-

1239 352 1358 390 quom
1388 340 1460 379 siet

68 417 130 445 me
159 406 248 458 plus
278 417 415 457 sapere
446 417 562 457 quam
593 418 674 453 vos,
706 406 877 445 dederim
908 406 1018 446 vobis
1048 407 1255 446 consilium
1287 414 1429 455 catum,

68 473 173 524 quod
203 473 387 520 laudetis,
418 479 461 513 ut
491 485 563 524 ego
596 474 727 525 opino,
759 480 947 524 uterque,
977 474 1081 513 PER.
1133 474 1236 525 Ergo
1268 474 1335 514 ubi
1365 475 1402 513 id
1433 482 1508 522 est,
1539 473 1727 527 Epidice‘?

67 541 141 580 ΕΡ.
190 542 318 592 Atque
348 540 394 579 ad
426 553 509 580 eam
550 553 632 580 rem
673 541 934 581 conducibile.
992 541 1070 581 ΑΡ.
1123 541 1224 587 Quid
1255 542 1355 581 istuc
1385 541 1537 582 dubitas
1567 541 1796 584 dicei-emm

65 609 140 649 ΕΡ.
191 608 268 648 Vos
296 609 450 660 priores
480 621 564 648 esse
595 614 762 660 oportet,
795 621 867 648 nos
892 608 1086 660 posterius
1116 609 1258 656 dicere,

65 678 129 728 qui
160 677 248 729 plus
277 676 422 727 sapitis.
479 677 582 716 PER.
633 675 702 715 Eia
735 687 837 723 vero,
869 688 939 727 age
969 676 1044 715 dic.
1104 676 1179 716 ΕΡ.
1228 676 1277 715 At
1307 676 1542 717 deridebitis.

63 745 141 785 ΑΡ.
189 744 277 783 Non
309 743 448 795 edepol
478 743 677 783 faciemus.
735 744 810 784 ΕΡ.
859 743 994 791 Immo,
1026 743 1058 783 si
1087 743 1268 795 placebit,
1299 745 1431 791 utitor,

64 812 269 852 consilium
301 812 332 851 si
363 824 444 850 non
475 811 656 863 placebit,
688 811 903 863 reperitote
933 811 1092 851 rectius.

64 880 160 919 mibi
190 879 276 918 istic
307 891 381 918 nec
412 879 556 919 seritur
586 891 660 918 nec
690 879 865 926 metitur,
898 879 972 919 nisi
1004 891 1046 918 ea
1078 891 1177 930 quae
1208 886 1251 919 tu
1280 880 1336 919 vis
1366 880 1466 919 volo.
1738 889 1793 922 265

62 947 165 986 PER.
217 946 384 986 Gratiam
417 947 562 995 babe03
593 947 654 986 fac
684 947 895 998 participes
926 959 999 986 nos
1030 954 1118 986 tuae
1149 947 1378 999 sapientiae.

62 1014 137 1055 ΕΡ.
187 1014 383 1054 Continuo
416 1014 629 1053 arbitretur
658 1026 758 1053 uxor
789 1022 856 1053 tuo
887 1021 1005 1065 gnato
1038 1020 1154 1065 atque
1186 1022 1228 1054 ut
1257 1014 1451 1054 fidicinam

62 1082 166 1121 illam
196 1095 310 1134 quam
343 1082 375 1122 is
404 1082 483 1121 volt
512 1082 693 1130 liberare,
726 1095 824 1133 quae
854 1082 963 1122 illum
996 1083 1214 1134 corrumpit
1244 1082 1328 1130 tibi,

61 1150 250 1190 ulciscare
280 1156 396 1201 atque
425 1150 477 1189 ita
507 1156 679 1198 curetur,
711 1162 837 1201 usque
868 1150 914 1189 ad
945 1156 1112 1190 mortem
1144 1156 1187 1189 ut
1217 1151 1369 1190 serviat.

60 1217 138 1257 AP.
159 1217 263 1257 Fieri
284 1224 451 1269 oportet.
489 1218 592 1258 PER.
628 1218 773 1257 Facere
794 1218 910 1269 cupio
932 1218 1095 1269 quidvis,
1118 1219 1209 1257 dum
1231 1218 1268 1257 id
1289 1219 1355 1257 fiat
1374 1218 1504 1257 modo.
1541 1219 1616 1259 ΕΡ.
1639 1219 1723 1267 Em,
1738 1229 1794 1262 270

62 1297 170 1325 nunc
202 1286 390 1325 occasiost
420 1286 604 1332 faciundi,
635 1286 744 1336 prius
775 1297 891 1336 quam
921 1285 961 1324 in
994 1285 1133 1324 urbem
1163 1285 1376 1334 advenerit,

60 1353 161 1392 sicut
190 1364 277 1392 cras
307 1353 370 1392 hic
400 1352 534 1400 aderit,
564 1352 681 1391 hodie
714 1365 795 1391 non
827 1353 942 1392 venit.
1002 1353 1106 1393 PER.
1158 1353 1233 1399 Qui
1264 1352 1367 1393 scis?
1425 1354 1499 1394 ΕΡ.
1551 1354 1653 1393 Scio.

6 1442 9 1443 ν
59 1420 150 1470 quia
180 1419 274 1458 mihi
304 1420 402 1460 alius
431 1420 526 1459 dixit
556 1420 622 1471 qui
653 1419 760 1459 illinc
791 1420 909 1466 venit,
940 1432 1056 1459 mane
1087 1421 1151 1460 hic
1183 1421 1328 1461 adfore.

59 1487 162 1527 PER.
213 1487 317 1533 Quin
348 1493 391 1526 tu
422 1487 620 1538 eloquere,
652 1487 745 1538 quid
777 1486 994 1527 faciemus?
1051 1488 1128 1528 ΕΡ.
1170 1488 1234 1528 Sic
1264 1489 1489 1528 faciundum
1521 1502 1664 1530 censeo

59 1554 167 1606 quasi
197 1560 240 1594 tu
271 1554 405 1606 cupias
435 1554 602 1595 liberare
633 1555 830 1594 fidicinam
861 1555 980 1594 animi
1011 1556 1134 1606 gratia
1731 1567 1790 1599 275

59 1623 246 1674 quasique
263 1634 367 1662 ames
383 1622 635 1662 vehementer
651 1628 694 1661 tu
710 1622 828 1661 illam.
860 1622 904 1662 P.
927 1622 1053 1668 Quam
1069 1623 1115 1662 ad
1134 1635 1217 1662 rem
1234 1624 1333 1662 istuc
1343 1624 1458 1663 refert
1473 1623 1490 1663 ’ἲ
1505 1625 1553 1665 Ε.
1570 1625 1718 1678 Rogas?

56 1697 100 1730 ut
129 1691 234 1731 enim
266 1691 486 1742 praestines
517 1698 694 1742 argento,
726 1691 837 1742 prius
869 1703 984 1742 quam
1016 1692 1146 1731 veniat
1175 1692 1289 1740 filius,

56 1764 172 1810 atque
200 1764 244 1798 ut
275 1771 360 1798 eam
391 1764 430 1798 te
460 1759 499 1798 in
533 1759 751 1798 libertatem
784 1758 888 1798 dicas
920 1771 1060 1807 emere,
1120 1760 1220 1800 PER.
1270 1760 1470 1811 Intellego.

54 1826 129 1866 ΕΡ.
178 1826 251 1865 Vbi
283 1827 356 1866 erit
386 1833 527 1879 empta,
561 1833 604 1866 ut
634 1826 763 1878 aliquo
795 1839 839 1866 ex
872 1827 970 1866 urbe
1001 1839 1203 1875 amoveas;
1236 1828 1310 1867 nisi
1341 1828 1434 1879 quid
1465 1835 1523 1868 est
1552 1835 1617 1869 tua

58 1906 170 1934 secus
201 1895 408 1934 sententia.
467 1895 571 1934 PER.
623 1894 744 1933 Immo
776 1894 901 1934 docte.
961 1895 1035 1936 ΕΡ.
1077 1895 1178 1941 Quid
1209 1902 1273 1934 tua
1303 1903 1446 1945 autem,
1478 1896 1789 1948 Apoecides?280

53 1961 131 2002 ΑΡ.
180 1962 282 2008 Quid
313 1975 385 2014 ego
416 1963 489 2001 iam
523 1963 597 2002 nisi
628 1969 665 2001 te
697 1969 964 2002 commentum
996 1963 1112 2002 nimis
1143 1969 1269 2003 astute
1300 1963 1518 2016 intellego?

53 2030 128 2070 ΕΡ.
178 2030 258 2069 lam
287 2027 450 2085 (simul)
479 2031 597 2082 igitur
628 2036 755 2069 amota
786 2031 821 2069 ei
852 2030 927 2069 erit
957 2031 1084 2070 omnis
1116 2031 1349 2071 consultatio

55 2097 295 2149 nuptiarum,
328 2110 378 2136 ne
408 2103 591 2148 gravetur
622 2098 725 2149 quod
755 2098 862 2137 velis.
922 2098 1023 2138 PER.
1075 2098 1166 2138 Vive
1197 2099 1313 2150 sapis,

54 2170 92 2204 et
121 2165 259 2216 placet.
319 2166 394 2206 ΕΡ.
444 2166 544 2205 Tum
574 2172 617 2204 tu
648 2166 767 2217 igitur
799 2165 920 2205 calide
952 2166 1140 2217 quidquid
1173 2166 1345 2206 acturu’s
1376 2179 1458 2218 age.

52 2232 152 2272 PER.
192 2232 288 2272 Rem
310 2233 441 2272 hercle
457 2233 633 2284 loquere.
692 2233 767 2273 ΕΡ.
808 2232 858 2272 Et
877 2234 1047 2286 repperi,
1069 2234 1165 2273 haec
1185 2240 1224 2274 te
1246 2235 1311 2286 qui
1333 2236 1513 2275 abscedat
1533 2237 1716 2288 suspicio.
1729 2244 1786 2277 285

167 2344 231 2377 256
248 2342 463 2387 riperiamus
476 2342 512 2377 B
605 2343 737 2387 callidi,
754 2354 850 2378 corr.
864 2342 990 2378 Dousa
1085 2346 1149 2379 259
1165 2345 1294 2390 opinor
1387 2348 1451 2380 262
1469 2346 1555 2390 quid
1572 2345 1633 2380 EI

52 2397 110 2433 eia
133 2408 182 2434 ex
205 2408 295 2443 euge
318 2398 353 2433 B
378 2399 442 2443 (cf.
469 2397 609 2434 Goetzii
632 2403 666 2434 et
690 2398 828 2434 Loewii
845 2399 973 2444 praef.
999 2399 1097 2434 Asin.
1113 2411 1152 2445 p.
1173 2401 1209 2439 8>
1302 2404 1366 2436 266
1391 2404 1476 2437 tuae
1500 2422 1543 2426 ’ἡ
1569 2404 1632 2437 270
1657 2413 1710 2438 em

53 2464 119 2488 om.
138 2452 200 2488 EI
287 2457 350 2489 267
376 2457 417 2490 ut
441 2455 489 2490 ad
511 2455 641 2501 Amplz.
663 2457 685 2489 9
691 2468 706 2497 ;
730 2466 870 2490 versum
895 2459 980 2489 ante
1004 2454 1100 2490 hunc
1116 2457 1340 2493 intercidisse
1364 2458 1516 2493 coniecit
1534 2456 1715 2494 Goetzius.

51 2510 102 2555 est
135 2509 327 2556 Vssinqius
419 2513 483 2545 270
507 2511 589 2546 hem
682 2514 745 2546 271
772 2510 919 2547 advenit:
1011 2514 1075 2546 272
1100 2513 1258 2557 venerit,
1289 2525 1385 2549 corr.
1410 2513 1628 2549 Redslobius

53 2567 117 2600 273
141 2566 216 2602 illic
241 2565 298 2601 EI
390 2567 449 2602 hic
474 2578 550 2603 var.
569 2567 591 2602 l.
609 2566 665 2602 B:
688 2568 785 2603 hunc
806 2568 848 2607 Β,
872 2567 933 2602 hic
956 2568 1053 2603 hunc
1073 2568 1132 2603 El
1213 2572 1278 2604 274
1301 2569 1344 2604 E.
1364 2582 1399 2606 ς.·
1424 2571 1456 2603 Α
1547 2571 1714 2607 faciendo

53 2621 111 2657 EI
201 2625 266 2658 276
290 2633 396 2667 rogas
421 2634 488 2658 om.
519 2621 575 2658 EI
663 2626 727 2658 279
753 2625 808 2659 est
833 2634 921 2666 om.‚
952 2625 1004 2668 ef.
1030 2636 1061 2661 v.
1087 2636 1142 2671 sq.
1237 2628 1301 2660 280
1328 2626 1507 2662 sententia
1540 2626 1716 2662 Weisius:

52 2678 233 2715 sententia
255 2681 310 2714 est
400 2680 453 2723 tu,
477 2679 627 2714 correxi
719 2682 779 2715 281
810 2679 870 2724 qui
888 2679 961 2714 BE
1050 2681 1099 2715 ad
1121 2681 1207 2725 quid
1233 2693 1296 2726 ego
1320 2682 1392 2716 iam
1416 2683 1560 2717 verbum
1584 2694 1634 2719 ex
1656 2684 1713 2719 in-

51 2734 180 2778 tellego
198 2733 413 2769 subauditur
492 2737 556 2769 282
573 2736 741 2782 supplevi
747 2748 761 2776 ,·
777 2736 828 2780 ⁶f·
844 2737 943 2776 279;
966 2736 1037 2771 iam
1054 2737 1196 2772 simitur
1213 2737 1401 2773 admittere
1417 2738 1624 2774 dubitabam

53 2792 117 2825 283
141 2790 181 2825 P.
211 2789 397 2825 Goetzius:
420 2791 464 2824 A.
580 2792 665 2827 uiue
690 2792 744 2827 B:
768 2792 807 2827 ui
833 2789 910 2832 EL·
942 2793 1170 2827 coniecerunt
1193 2794 1358 2838 nimium,
1383 2804 1481 2836 sane,
1506 2795 1624 2831 valide

52 2848 119 2882 284
141 2846 186 2882 Ε.
211 2857 280 2882 om.
374 2846 503 2881 callide
528 2845 589 2882 EI
677 2850 742 2883 285
767 2849 858 2884 haec
882 2847 906 2882 i.
922 2858 952 2882 e.
978 2847 1086 2883 leuius
1109 2850 1167 2884 rei
1172 2862 1187 2890 ,·
1209 2852 1246 2885 te
1270 2849 1472 2886 ablativus?

1373 2906 1441 2941 23*
