2018 3183
229 101 308 139 452
964 101 1147 137 PLAVTI
1705 103 1734 130 11
1750 103 1777 137 a,
1790 103 1892 133 57—78

226 216 362 256 CHAR.
394 216 549 255 Advexi.
580 216 695 255 Dm.
728 213 859 260 Quid?
886 227 928 255 ea
952 221 996 254 ut
1019 215 1171 254 videtur
1193 213 1362 254 mulier?
1393 215 1470 256 On.
1501 216 1589 255 Non
1614 216 1753 268 edepol
1777 217 1888 257 mala.

224 285 341 324 Dm.
392 283 438 322 Vt
468 281 682 322 moratast?
740 282 877 323 CHAR.
927 282 1078 322 Nullam
1109 283 1185 322 vidi
1218 283 1356 322 melius
1387 295 1472 322 mea
1501 284 1708 323 sententia.

224 352 276 392 D.
308 351 399 390 Mihi
431 351 586 402 quidem
618 350 757 402 edepol
774 351 902 397 visast,
923 362 1043 401 quom
1068 350 1172 390 illam
1189 351 1273 392 vidi.
1313 350 1390 392 CH.
1412 351 1498 390 Eho
1513 363 1561 391 an
1587 351 1726 400 vidisti,
1750 350 1888 405 pater?

224 420 340 459 DEM.
390 418 487 458 Vidi.
538 431 674 458 verum
705 431 785 458 non
819 431 865 457 ex
894 430 969 458 usu
1000 424 1186 466 nostrost‚
1218 431 1347 470 neque
1377 419 1473 458 adeo
1504 419 1645 472 placet.
2016 459 2018 461 ,

224 486 300 526 CH.
351 486 426 532 Qui
456 485 576 525 vero?
633 486 685 527 D.
725 485 824 532 Quia
866 494 987 527 ÷non
1019 492 1152 525 nostra
1184 486 1349 525 formam
1380 485 1496 526 habet
1526 486 1684 538 dignam
1714 486 1843 527 domo.
1899 495 1955 527 395
2007 486 2018 538 ,ἶ

225 554 321 593 nihil
352 559 470 605 opust
499 553 613 594 nobis
643 553 782 593 ancilla
815 553 888 593 nisi
919 565 1019 604 quae
1050 558 1166 599 texat,
1199 565 1297 605 quae
1329 554 1460 601 molat,
2000 552 2018 612 3

222 622 374 673 lignum
406 622 551 669 caedat,
582 634 748 674 pensum
781 622 908 669 faciat,
940 621 1044 661 aedis
1074 627 1212 669 verrat,
1244 621 1412 673 vapulet,
2002 616 2018 680 g

224 693 324 741 quae
354 689 497 729 habeat
526 690 781 729 cottidianum
813 689 980 728 familiae
1012 696 1167 728 coctum
1198 688 1351 728 cibum:
2000 681 2018 723 ’Ῑ

224 759 379 798 horunc
409 758 472 797 illa
504 757 669 797 nihilum
701 758 911 809 quicquam
942 758 1071 796 facere
1101 757 1260 808 poterit.
1319 757 1456 798 CHAR.
1506 757 1742 796 Admodum.

224 838 267 865 ea
298 838 413 865 causa
438 825 618 877 equidem
651 825 753 864 illam
785 825 873 873 emi,
903 825 1009 864 dono
1042 836 1156 876 quam
1188 825 1318 864 darem
1351 825 1465 864 matri
1496 836 1616 864 meae.

222 894 339 934 Dm.
388 894 444 933 Ne
475 894 582 941 duas,
614 906 710 932 neve
741 899 779 932 te
809 893 1007 932 advexisse
1038 893 1190 934 dixeris.
1253 892 1390 933 CHAR.
1442 893 1486 932 Di
1519 905 1579 932 me
1610 892 1805 932 adiuvant.
1940 833 2018 923 οἱ

222 961 339 1001 Dm.
391 961 600 1000 Labefacto
631 960 830 1013 paulatim.
889 972 1023 999 verum
1055 960 1160 1011 quod
1190 961 1372 1012 praeterii
1404 960 1546 1004 dicere,
1899 833 2018 1084 ΜΞ

224 1042 354 1081 neque
382 1030 444 1069 illa
475 1036 639 1068 matrem
671 1029 761 1068 satis
791 1029 957 1068 honeste
988 1035 1093 1067 tuam
1124 1028 1236 1079 sequi
1266 1028 1413 1080 poterit
1443 1040 1588 1075 comes

224 1109 353 1148 neque
382 1098 520 1137 sinam.
570 1097 707 1138 CHAR.
745 1097 821 1143 Qui
852 1095 971 1135 vero?
1021 1097 1137 1137 DEM.
1180 1096 1278 1143 Quia
1309 1096 1371 1135 illa
1394 1097 1519 1136 forma
1540 1104 1706 1137 manem
1726 1097 1888 1137 familias
1901 1102 1956 1136 405

222 1166 410 1218 flagitium
440 1166 491 1205 sit
519 1165 551 1205 si
581 1170 790 1217 sequatur;
823 1165 980 1216 quando
1011 1165 1167 1204 incedat
1197 1177 1268 1217 per
1298 1165 1388 1213 vias,
2002 1087 2018 1218 i

223 1234 506 1286 contemplent‚
538 1233 785 1285 conspiciant
815 1245 966 1280 omnes,
999 1238 1152 1279 nutent,
1184 1233 1350 1279 nictent‚
1381 1232 1551 1279 sibilent,

222 1302 415 1351 vellicent‚
447 1308 599 1349 vocent,
630 1301 784 1340 molesti
815 1301 913 1349 sint3
947 1306 1158 1340 occentent
1190 1300 1353 1340 ostium:

222 1370 462 1422 impleantur
492 1369 715 1421 elegeorum
748 1381 857 1408 meae
888 1369 993 1408 fores
1024 1367 1276 1409 carbonibus.

223 1444 352 1489 atque,
383 1444 427 1477 ut
458 1449 566 1477 nunc
596 1443 689 1478 sunt
719 1437 996 1476 maledicentes
1026 1436 1218 1484 homines,
1250 1435 1363 1475 uxori
1394 1447 1504 1474 meae

223 1505 398 1557 mihique
429 1505 628 1545 obiectent
657 1505 899 1545 lenocinium
931 1505 1072 1544 facere.
1125 1516 1214 1542 nam
1245 1503 1340 1554 quid
1372 1509 1457 1542 eost
1488 1500 1617 1554 opus?

223 1573 360 1614 CHAR.
410 1572 551 1613 Hercle
581 1574 647 1625 qui
679 1580 722 1613 tu
752 1578 859 1613 recte
890 1572 998 1621 dicis,
1030 1580 1068 1612 et
1098 1571 1169 1611 tibi
1200 1572 1413 1612 adsentior.

223 1642 290 1681 sed
323 1642 416 1693 quid
446 1641 508 1680 illa
541 1654 647 1681 nunc
678 1639 774 1681 fiet?
833 1641 950 1681 DEM.
1000 1629 1134 1680 Recte.
1186 1652 1258 1691 ego
1291 1651 1423 1678 emero
1455 1637 1569 1677 matri
1599 1643 1688 1677 tuae
2003 1656 2018 1725 ἶ

1999 1723 2018 1787 Ξ

335 1799 397 1831 391
426 1796 580 1841 aduexei
603 1798 636 1832 A
751 1798 815 1830 393
841 1796 894 1830 sic
916 1794 1002 1835 AP,·
1031 1795 1122 1840 fort.
1147 1794 1233 1828 mihi
1265 1803 1406 1838 quoque
1435 1792 1566 1838 edepol
1589 1794 1648 1834 (m.
1674 1801 1815 1836 quoque
1838 1791 1891 1827 ita

221 1852 282 1897 pol
301 1852 539 1895 Ritselzelz'us;
561 1853 613 1898 cf.
631 1864 662 1889 e.
679 1863 713 1898 9.
733 1851 865 1887 Pseud.
883 1852 979 1886 1215
995 1851 1094 1886 Τνὶη.
1115 1852 1208 1892 900)
1299 1860 1341 1885 eo
1368 1852 1401 1885 R
1488 1859 1614 1884 versus
1629 1859 1659 1882 v.
1678 1849 1748 1882 391
1765 1847 1892 1883 melius

221 1909 384 1956 excipiat
476 1912 541 1944 394
559 1912 682 1945 nostro
700 1909 731 1944 si
745 1911 778 1945 B
867 1910 932 1942 395
957 1918 1077 1943 noenu
1094 1907 1150 1943 vel
1165 1905 1304 1953 (enim)
1317 1916 1389 1941 non
1406 1904 1643 1946 Ritsclzelius;
1659 1905 1710 1950 ef.
1725 1905 1805 1940 405

221 1968 382 2001 nostram
398 1966 450 2001 B¹
555 1968 619 2001 396
645 1976 749 2010 opus,
774 1975 867 2000 corr.
894 1963 1113 1999 Ritschelz'us
1217 1966 1280 1998 397
1307 1973 1449 1998 versum
1473 1962 1511 1996 in
1534 1960 1557 1996 l.
1582 1959 1745 1996 XXVII
1758 1971 1892 2008 posue-

221 2026 282 2057 rat
304 2021 468 2057 Lucilius
492 2024 533 2063 (v.
554 2023 661 2064 589),
691 2020 786 2056 unde
818 2020 945 2066 adfert
970 2019 1113 2055 Nonius
1137 2021 1208 2054 271
1232 2023 1267 2054 et
1290 2019 1370 2054 420
1396 2023 1453 2061 (ac
1478 2018 1627 2062 uapulet
1642 2028 1718 2064 pro
1743 2017 1893 2062 uapulet

214 2089 257 2124 p.
282 2078 374 2120 420)
489 2080 554 2113 398
580 2077 716 2113 familia
741 2076 776 2112 B
889 2077 939 2122 cf.
968 2075 1000 2111 T
997 2075 1223 2111 lzz'elmannus
1247 2076 1284 2110 in
1318 2074 1523 2120 PVoelsflini
1546 2073 1646 2109 arch.
1670 2075 1709 2115 2,
1727 2074 1802 2108 394

221 2145 362 2170 versum
386 2138 469 2170 ante
494 2135 570 2169 397
583 2134 695 2180 ponit
712 2132 917 2169 Selloellz’us
1009 2135 1075 2167 399
1100 2132 1190 2167 nihil
1214 2143 1384 2176 umquam
1409 2131 1457 2173 B,
1481 2140 1675 2176 numquam
1700 2130 1891 2175 quicquam

221 2190 258 2225 J.
275 2189 441 2236 Lanqivcs
456 2190 493 2225 in
509 2189 736 2226 Fleckeisenz'
758 2201 841 2224 ann.
859 2190 973 2233 1894,
988 2191 1043 2224 :27
1046 2191 1067 2225 7
1155 2188 1346 2224 admodum
1370 2189 1450 2224 seni
1463 2187 1708 2228 continuatur,
1735 2185 1890 2222 Charino
2007 2203 2013 2214 =

223 2246 321 2282 dedit
338 2246 543 2293 Seyffertus
566 2246 639 2282 ind.
663 2245 754 2292 phil.
780 2247 837 2290 13,
858 2247 933 2281 530
1025 2248 1091 2280 400
1117 2255 1249 2281 caussa
1264 2245 1295 2280 A
1388 2244 1475 2280 emi:
1500 2243 1549 2278 mi
1565 2243 1601 2278 B
1692 2240 1762 2277 hoc
1785 2242 1892 2277 dicit:
2003 2254 2014 2273 ι

223 2314 298 2338 non
329 2303 434 2349 operi
461 2303 597 2338 rustico
629 2313 708 2337 eam
740 2302 937 2345 destinavi,
968 2302 1033 2337 sed
1062 2302 1170 2337 matri
1196 2301 1460 2348 pedisequam,·
1491 2299 1622 2345 quibus
1651 2298 1893 2344 respondetur

223 2360 301 2395 404
314 2370 368 2405 sq.
439 2363 503 2395 401
530 2360 667 2395 neduas
688 2359 729 2395 C.
752 2362 882 2395 netuas
902 2359 949 2401 B,
973 2360 1084 2395 nedes
1102 2359 1139 2393 in
1156 2368 1230 2392 7aS.
1247 2357 1294 2400 D,
1311 2356 1355 2392 de
1371 2359 1403 2393 A
1419 2368 1493 2392 non
1510 2359 1652 2392 constat
1668 2355 1761 2401 (uins
1777 2375 1821 2381 —
1837 2356 1895 2392 vel

223 2427 247 2451 n
265 2443 274 2452 .
294 2443 302 2452 .
322 2428 365 2453 ,s
383 2418 470 2460 —‘?,
503 2427 575 2451 non
602 2426 648 2451 ne
672 2416 790 2459 duas).
837 2416 886 2460 ef
911 2416 992 2451 Aul.
1018 2416 1098 2450 238
1212 2416 1278 2448 402
1303 2424 1351 2459 pa
1379 2434 1419 2438 —-
1444 2423 1511 2448 suo
1536 2412 1616 2448 loco
1639 2411 1748 2449 habet
1770 2413 1801 2448 A

223 2476 319 2508 recte
348 2472 438 2509 haec
465 2483 636 2519 persoms
667 2473 833 2519 assiqnat
856 2472 892 2507 P
920 2473 964 2515 (A
988 2483 1024 2506 n.
1050 2472 1099 2514 l..)
1148 2470 1186 2504 di
1209 2480 1265 2505 me
1290 2463 1468 2505 a'diuuant
1493 2467 1672 2504 Charinus
1695 2468 1795 2509 ducat,
1827 2469 1894 2514 qui

222 2539 310 2564 sane
326 2529 436 2564 matri
449 2540 528 2564 eam
544 2529 633 2565 dare
656 2529 729 2565 nisi
751 2534 899 2564 coactus
923 2529 1050 2569 noluit,
1079 2526 1171 2562 clam
1195 2525 1328 2562 habere
1351 2525 1485 2567 wluin
1507 2523 1690 2560 labefacto
1715 2524 1891 2570 paulatim

225 2585 421 2632 Demipho,
451 2586 516 2631 qm·
544 2596 653 2631 quam
677 2585 836 2620 maxime
859 2595 1014 2621 uxorem
1039 2584 1083 2619 ab
1109 2583 1172 2618 illa
1193 2582 1388 2629 prohibere
1411 2581 1512 2627 cupit
1603 2583 1668 2616 406
1694 2581 1747 2626 ξεί
1769 2581 1801 2616 A

224 2643 402 2676 407—423
420 2653 614 2688 perpauca
639 2642 675 2676 in
700 2641 859 2677 versibus
882 2641 1056 2677 extremis
1080 2639 1236 2676 servavit
1259 2640 1291 2674 A
1406 2640 1470 2672 407
1497 2647 1619 2672 omnes
1643 2647 1712 2672 om.
1740 2636 1800 2674 CD

222 2700 371 2734 nectent
473 2701 537 2734 408
562 2701 695 2734 nocent
718 2697 877 2734 molestis
900 2697 1072 2732 innocent
1097 2695 1132 2731 B
1235 2697 1301 2729 409
1325 2703 1425 2729 meae
1450 2693 1546 2729 fores
1572 2693 1790 2730 carbonibus
1815 2693 1888 2729 ele·

223 2765 369 2799 georum
393 2754 437 2798 P,
461 2755 705 2798 (carbo)nihus
730 2755 768 2789 in
789 2754 863 2798 fine
887 2759 928 2788 ut
951 2753 1020 2789 vid.
1044 2753 1091 2795 A,
1115 2763 1210 2788 corr.
1238 2750 1395 2786 Botlzz'us
1486 2753 1548 2785 411
1579 2750 1738 2786 obicient
1763 2750 1797 2786 B

224 2811 429 2847 lenocinum
448 2811 483 2852 C,
507 2811 685 2847 lenocium
703 2809 736 2846 D
827 2813 893 2845 412
918 2809 1016 2845 dices
1037 2809 1070 2844 B
1162 2820 1196 2852 11¹
1216 2806 1346 2855 paullo
1364 2810 1447 2842 ante
1464 2806 1674 2849 (adsientior
1689 2808 1721 2842 A
1728 2821 1741 2848 ;
1763 2806 1885 2852 <equi-

223 2868 329 2912 dem)
353 2867 537 2903 adsentior
562 2866 780 2903 Bitsclzele‘us
