1998 3179
82 86 128 115 m
139 87 166 121 44
182 86 276 119 22-6‚
295 88 330 116 13
777 87 1050 125 BACCHIDES
1660 91 1739 128 149

197 196 279 255 [sed
309 207 439 240 autem
470 213 585 252 quam
615 202 677 240 illa
708 214 892 254 umquam
924 202 1020 242 meis
1051 202 1261 254 opulentiis

194 273 369 306 ramenta
399 269 465 307 fiat
494 268 647 319 gravior
677 275 742 308 aut
771 270 1018 322 propensior,

195 335 295 373 mori
325 348 387 375 me
416 336 546 375 malim
577 337 839 376 excruciatum
871 334 1031 391 inopia]

194 403 372 454 profecto
404 403 577 443 stabilest
606 416 667 442 me
698 405 797 455 patri
828 416 965 443 aurum
997 404 1172 443 reddere.
1752 412 1808 445 520

197 470 329 509 eadem
359 470 541 517 exorabo,
574 471 755 522 Chrysalo
787 483 900 511 causa
930 483 1015 510 mea

196 544 305 589 pater
336 550 385 576 ne
418 544 567 584 noceat,
599 550 677 577 neu
708 538 800 589 quid
833 538 867 576 ei
899 544 1127 577 suscenseat

195 616 280 643 mea
311 616 423 644 causa
455 605 500 643 de
531 616 626 643 auro
658 604 762 654 quod
793 616 882 643 eum
914 604 1132 643 ludificatus
1163 610 1238 652 est3

196 684 283 711 nam
316 671 369 710 illi
400 678 603 723 aequomst
632 684 694 711 me
725 671 943 719 consulere,
975 672 1041 723 qui
1072 684 1185 712 causa
1216 683 1299 710 mea

195 738 439 778 mendacium
472 739 505 778 ei
536 739 641 777 dixit.
686 751 753 778 vos
782 751 844 778 me
875 739 1097 790 sequimini.
1130 762 1184 768 —
1752 746 1807 778 525

722 828 1106 869 PISTOCLERVS
1627 829 1694 869 ΠΙ
1717 832 1739 868 5

81 895 212 935 Rebus
242 895 325 934 aliis
355 902 588 942 amm-oriar,
621 896 794 943 Bacchis,
826 908 924 947 quae
955 896 1117 935 mandas
1153 895 1266 934 mihi:

81 964 362 1003 Mnesilochum
392 970 435 1003 ut
464 964 659 1014 requiram
691 970 806 1015 atque
838 970 881 1003 ut
911 976 999 1003 eum
1030 976 1184 1003 mecum
1217 963 1262 1002 ad
1294 969 1331 1002 te
1362 963 1549 1002 adducam
1580 964 1707 1003 simul.

83 1043 170 1070 nam
201 1030 295 1070 illud
326 1031 479 1071 animus
509 1044 619 1071 meus
649 1032 825 1076 miratur,
856 1032 887 1071 si
918 1044 939 1070 a
969 1043 1031 1071 me
1065 1032 1189 1082 tetigit
1220 1031 1394 1077 nuntius,

82 1099 172 1149 quid
204 1105 435 1138 remoretur.
485 1098 549 1138 ibo
581 1106 623 1138 ut
653 1099 771 1138 visam
802 1099 880 1138 huc
910 1099 955 1137 ad
987 1111 1089 1145 eum,
1121 1100 1152 1139 si
1184 1099 1283 1138 forte
1313 1105 1371 1138 est
1401 1099 1518 1138 domi.

704 1189 790 1228 MN
793 1188 1113 1229 ESILOCHVS
1628 1188 1695 1227 ΠΙ
1717 1191 1740 1228 6

80 1255 242 1295 Reddidi
274 1259 373 1307 patri
405 1268 521 1295 omne
551 1268 703 1295 aurum.
755 1269 863 1295 nunc
895 1269 966 1308 ego
997 1257 1100 1295 illam
1131 1269 1194 1295 me
1224 1257 1336 1295 velim
1753 1263 1809 1296 530

82 1324 304 1370 convenire,
336 1330 541 1375 postquam
573 1325 700 1364 inanis
731 1337 830 1371 sum,
862 1325 1186 1376 contemptricem
1219 1336 1356 1363 meam.

81 1392 149 1431 sed
179 1392 330 1431 veniam
362 1392 454 1430 mihi
487 1403 601 1443 quam
635 1398 790 1443 gravate
821 1394 931 1443 pater
961 1392 1065 1430 dedit
1095 1392 1142 1430 de
1175 1391 1378 1443 Chrysalo;

78 1471 213 1498 verum
244 1466 444 1512 postremo
475 1460 689 1511 impetravi,
721 1465 765 1498 ut
796 1472 845 1498 ne
876 1459 967 1510 quid
1000 1460 1033 1498 ei
1065 1466 1304 1499 suscenseat.

80 1527 189 1569 PIST.
219 1526 340 1567 Estne
356 1527 419 1566 hic
435 1539 545 1566 meus
561 1525 730 1566 sodalis?
760 1527 898 1567 MNEs.
922 1526 1042 1566 Estne
1058 1527 1121 1566 hic
1138 1527 1272 1574 hostis,
1291 1538 1407 1577 quem
1423 1526 1582 1578 aspicio,
1600 1524 1741 1565 meus?

79 1595 189 1636 PIST.
221 1594 333 1635 Certe
354 1595 385 1634 is
407 1601 475 1634 est.
506 1595 643 1634 MNEs.
675 1594 710 1634 Is
731 1601 801 1634 est.
832 1595 942 1635 PIST.
974 1594 1098 1633 Adibo
1121 1601 1258 1634 contra
1281 1600 1317 1633 et
1334 1594 1542 1633 contollam
1565 1593 1739 1644 gradum.
1754 1599 1809 1631 535

81 1664 204 1702 salvos
225 1663 288 1709 sis,
310 1663 561 1702 Mnesiloche.
602 1662 740 1703 Mxsss.
780 1663 904 1702 Salve.
940 1663 1050 1703 PIST.
1090 1662 1223 1702 Salvos
1247 1674 1363 1714 quom
1385 1674 1550 1714 peregre
1572 1661 1740 1708 advenis,

82 1743 179 1770 cena
209 1731 334 1771 detur.
393 1730 533 1770 Mxsss.
582 1730 669 1769 Non
702 1730 830 1782 placet
860 1730 912 1769 mi
944 1741 1040 1769 cena
1073 1743 1171 1782 quae
1203 1730 1321 1769 bilem
1354 1736 1491 1768 movet.

80 1798 189 1840 PtsT.
219 1799 421 1850 Numquae
450 1798 671 1837 advenienti
702 1799 904 1849 aegritudo
927 1797 1076 1837 obiecta
1095 1796 1178 1837 est?
1215 1798 1352 1838 MNEs.
1383 1798 1510 1848 Atque
1526 1808 1741 1836 acerruma.

79 1865 189 1907 P1sr.
205 1864 346 1906 Vnde?
361 1865 499 1905 MNEs.
517 1865 574 1904 Ab
590 1866 748 1905 homine
766 1878 881 1917 quem
893 1866 943 1904 mi
956 1866 1122 1904 amicum
1135 1877 1218 1905 esse
1227 1865 1438 1904 arbitratus
1448 1877 1533 1904 sum
1547 1864 1740 1904 antidhac.

80 1933 190 1975 PIST.
239 1933 347 1973 Multi
377 1946 486 1973 more
516 1934 590 1974 isto
621 1940 738 1984 atque
769 1933 946 1985 exemplo
978 1934 1119 1980 vivont,
1151 1946 1250 1984 quos
1282 1945 1370 1972 cum
1403 1944 1564 1972 censeas
1754 1937 1809 1970 540

82 2013 167 2041 esse
196 2002 353 2049 amicos,
383 2002 637 2053 reperiuntur
667 2001 750 2040 salsi
782 2001 1023 2047 falsimoniis‚
1308 2000 1313 2003 ’

82 2068 213 2120 lingua
244 2069 405 2114 factiosi,
437 2069 583 2108 inertes
615 2080 745 2120 opera,
777 2068 948 2108 sublesta
979 2068 1066 2107 fide.

194 2224 288 2260 inter
313 2226 377 2259 519
401 2227 434 2258 et
460 2225 524 2258 520
548 2233 713 2258 versuum
741 2224 926 2259 512-514
958 2222 1208 2268 dittoqrapltia
1233 2222 1365 2268 leqitur
1389 2222 1426 2256 in
1451 2221 1503 2256 P.-
1528 2233 1596 2257 om.
1622 2223 1652 2256 A

84 2283 148 2316 522
173 2280 207 2317 ei
230 2279 280 2315 P:
303 2291 345 2316 eo
363 2282 394 2315 A
487 2282 548 2314 524
575 2279 629 2314 illi
654 2279 704 2314 P.-
729 2281 762 2315 ei
780 2281 812 2315 A
918 2290 1068 2325 aequom
1092 2281 1148 2315 est
1171 2281 1213 2321 A,
1238 2281 1403 2323 equumst
1419 2278 1455 2312 P
1545 2280 1608 2312 525
1634 2277 1666 2317 ei
1691 2278 1741 2312 A.-

83 2347 150 2372 om.
163 2336 199 2372 P
285 2336 536 2372 Plsmocmmvs
551 2345 783 2372 ADOLEscssns
801 2336 846 2379 B,
863 2347 930 2371 om.
951 2335 1022 2378 CD,
1037 2339 1131 2382 spat.
1148 2334 1218 2377 hio,
1242 2335 1379 2370 nullum
1388 2337 1473 2381 post
1488 2345 1518 2369 v.
1535 2334 1608 2369 529
1621 2334 1653 2369 A

85 2396 147 2428 527
173 2393 290 2438 adque
313 2394 345 2428 A
437 2395 501 2428 528
526 2402 624 2428 nunc
648 2393 735 2437 illuc
757 2394 788 2427 A
879 2403 903 2428 a.
925 2403 981 2429 me
1005 2392 1057 2427 P:
1087 2393 1159 2428 iam
1182 2394 1214 2427 A
1307 2394 1372 2426 529
1395 2393 1598 2427 remoratur
1620 2388 1656 2422 P

85 2451 126 2485 ut
148 2451 196 2485 A:
227 2452 264 2485 et
283 2448 318 2484 P
452 2450 516 2483 530
547 2448 781 2484 Mmsmocvs
817 2460 1059 2486 Plswocmznvs
1095 2458 1373 2484 ADOLESCENTES
1403 2447 1456 2489 B,
1489 2457 1558 2482 om.
1593 2445 1653 2481 CD

84 2504 241 2548 reddidit
264 2507 295 2541 A
431 2504 529 2550 patri
560 2505 675 2550 (iam)
703 2504 872 2547 Ret'zius,·
897 2506 989 2551 sort.
1021 2516 1148 2542 aurum
1178 2504 1319 2540 reddidi
1350 2503 1448 2548 patri
1482 2511 1585 2537 omne
1676 2511 1742 2545 ego

86 2571 152 2596 om.
177 2562 208 2596 A
336 2563 400 2596 535
425 2560 478 2595 ΡΙ.
504 2560 612 2596 adibo
633 2560 837 2597 Aciclalius:
860 2561 968 2597 adibo
992 2561 1059 2597 ΑΡ
1183 2561 1376 2604 contollam
1400 2560 1450 2595 A:
1472 2558 1596 2595 tollam
1619 2556 1655 2591 P

87 2617 150 2650 538
176 2615 372 2661 aegrissudo
396 2616 640 2662 ad]nenie[nti]
664 2618 696 2652 A
789 2627 973 2653 acerrume
990 2617 1026 2652 P
1115 2620 1292 2652 540-551
1326 2626 1394 2651 om.
1418 2617 1467 2656 A,
1493 2626 1564 2661 quo
1587 2614 1744 2660 pertinet

88 2663 241 2707 Charisii
264 2673 451 2710 adnotatio
475 2676 523 2719 (p.
541 2673 623 2708 205
644 2673 768 2709 adlato
793 2684 826 2709 v.
845 2674 929 2715 545)
952 2671 1002 2709 ‘in
1027 2674 1242 2719 quibusdam
1265 2683 1339 2708 non
1363 2667 1515 2715 ferunt’,
1539 2671 1589 2715 cf.
1615 2669 1742 2705 Stude-

86 2727 238 2763 mundus
265 2729 396 2775 festqr.
415 2741 458 2776 p.
476 2730 528 2765 40
540 2739 594 2775 sq.
640 2730 765 2776 potius
796 2730 885 2766 llaec
914 2731 1109 2766 resecuisse
1138 2733 1226 2776 post
1257 2728 1429 2764 Plautum
1464 2727 1599 2773 aliquis
1634 2736 1743 2773 quam

85 2783 258 2820 adiecisse
271 2784 409 2820 videtur
502 2788 565 2821 540
584 2785 689 2822 uiunt
702 2785 754 2821 B¹
846 2789 907 2821 541
924 2787 1181 2832 repperiuntur
1193 2785 1229 2820 B
1321 2784 1436 2829 falsis,
1453 2795 1548 2820 corr.
1562 2783 1652 2819 Pius

87 2839 318 2876 falsismoniis
343 2840 393 2875 Βι
507 2844 572 2876 542
601 2842 773 2877 subuesta
800 2842 894 2884 ΒΨ,
921 2842 1096 2877 subueeta
1123 2841 1158 2883 C,
1184 2841 1360 2877 subuersa
1387 2840 1449 2884 B2,
1478 2850 1574 2878 corr.
1597 2838 1742 2877 Merula
