<?xml version="1.0" encoding="UTF-8"?>
<!DOCTYPE html PUBLIC "-//W3C//DTD XHTML 1.0 Transitional//EN"
    "http://www.w3.org/TR/xhtml1/DTD/xhtml1-transitional.dtd">
<html xmlns="http://www.w3.org/1999/xhtml" xml:lang="en" lang="en">
 <head>
  <title>
</title>
<meta http-equiv="Content-Type" content="text/html;charset=utf-8" />
  <meta name='ocr-system' content='tesseract 3.04.00' />
  <meta name='ocr-capabilities' content='ocr_page ocr_carea ocr_par ocr_line ocrx_word'/>
</head>
<body>
  <div class='ocr_page' id='page_1' title='image "./comoediaerecensu01plauuoft_0152.png"; bbox 0 0 2018 3183; ppageno 0'>
   <div class='ocr_carea' id='block_1_1' title="bbox 205 104 1868 141">
    <p class='ocr_par' dir='ltr' id='par_1_1' title="bbox 205 104 1868 141">
     <span class='ocr_line' id='line_1_1' title="bbox 205 104 1868 141; baseline -0.003 0"><span class='ocrx_word' id='word_1_1' title='bbox 205 104 286 141; x_wconf 87' lang='lat'>140</span> <span class='ocrx_word' id='word_1_2' title='bbox 942 104 1124 140; x_wconf 84' lang='lat' dir='ltr'><strong>PLAVTI</strong></span> <span class='ocrx_word' id='word_1_3' title='bbox 1680 106 1709 134; x_wconf 85' lang='grc' dir='ltr'>Π</span> <span class='ocrx_word' id='word_1_4' title='bbox 1720 107 1747 140; x_wconf 90' lang='lat'>3,</span> <span class='ocrx_word' id='word_1_5' title='bbox 1765 107 1868 136; x_wconf 74' lang='grc'>86-00</span> 
     </span>
    </p>
   </div>
   <div class='ocr_carea' id='block_1_2' title="bbox 204 217 1949 2307">
    <p class='ocr_par' dir='ltr' id='par_1_2' title="bbox 205 217 1936 332">
     <span class='ocr_line' id='line_1_2' title="bbox 205 217 1936 270; baseline 0.001 -12"><span class='ocrx_word' id='word_1_6' title='bbox 205 218 362 258; x_wconf 61' lang='lat' dir='ltr'>Omns.</span> <span class='ocrx_word' id='word_1_7' title='bbox 414 218 624 269; x_wconf 89' lang='lat' dir='ltr'>Postquam</span> <span class='ocrx_word' id='word_1_8' title='bbox 657 217 811 268; x_wconf 87' lang='lat' dir='ltr'>quidem</span> <span class='ocrx_word' id='word_1_9' title='bbox 842 221 1002 269; x_wconf 82' lang='lat' dir='ltr'>praetor</span> <span class='ocrx_word' id='word_1_10' title='bbox 1032 224 1330 270; x_wconf 83' lang='lat' dir='ltr'>recuperatores</span> <span class='ocrx_word' id='word_1_11' title='bbox 1359 218 1476 267; x_wconf 82' lang='lat' dir='ltr'>dedit,</span> <span class='ocrx_word' id='word_1_12' title='bbox 1877 226 1936 260; x_wconf 87' lang='grc'>270</span> 
     </span>
     <span class='ocr_line' id='line_1_3' title="bbox 206 284 1063 332; baseline -0.001 -8"><span class='ocrx_word' id='word_1_13' title='bbox 206 286 411 325; x_wconf 88' lang='lat' dir='ltr'>damnatus</span> <span class='ocrx_word' id='word_1_14' title='bbox 441 285 608 332; x_wconf 79' lang='lat' dir='ltr'>demum,</span> <span class='ocrx_word' id='word_1_15' title='bbox 641 285 674 323; x_wconf 81' lang='lat' dir='ltr'>vi</span> <span class='ocrx_word' id='word_1_16' title='bbox 706 291 864 324; x_wconf 87' lang='lat' dir='ltr'>coactus</span> <span class='ocrx_word' id='word_1_17' title='bbox 894 284 1063 324; x_wconf 83' lang='lat' dir='ltr'>reddidit</span> 
     </span>
    </p>

    <p class='ocr_par' dir='ltr' id='par_1_3' title="bbox 206 352 1415 404">
     <span class='ocr_line' id='line_1_4' title="bbox 206 352 1415 404; baseline 0.002 -13"><span class='ocrx_word' id='word_1_18' title='bbox 206 353 395 391; x_wconf 79' lang='lat' dir='ltr'>ducentos</span> <span class='ocrx_word' id='word_1_19' title='bbox 426 358 464 391; x_wconf 89' lang='lat' dir='ltr'>et</span> <span class='ocrx_word' id='word_1_20' title='bbox 493 352 597 391; x_wconf 87' lang='lat' dir='ltr'>mille</span> <span class='ocrx_word' id='word_1_21' title='bbox 629 352 865 404; x_wconf 86' lang='lat' dir='ltr'>Philippum.</span> <span class='ocrx_word' id='word_1_22' title='bbox 924 352 1018 394; x_wconf 82' lang='lat' dir='ltr'>NIC.</span> <span class='ocrx_word' id='word_1_23' title='bbox 1069 353 1237 393; x_wconf 90' lang='lat' dir='ltr'>Tantum</span> <span class='ocrx_word' id='word_1_24' title='bbox 1269 352 1415 393; x_wconf 88' lang='lat' dir='ltr'>debuit.</span> 
     </span>
    </p>

    <p class='ocr_par' dir='ltr' id='par_1_4' title="bbox 205 420 1524 472">
     <span class='ocr_line' id='line_1_5' title="bbox 205 420 1524 472; baseline 0 -12"><span class='ocrx_word' id='word_1_25' title='bbox 205 420 363 461; x_wconf 79' lang='lat' dir='ltr'>CHRYS.</span> <span class='ocrx_word' id='word_1_26' title='bbox 412 420 535 459; x_wconf 91' lang='lat' dir='ltr'>Porro</span> <span class='ocrx_word' id='word_1_27' title='bbox 567 420 682 459; x_wconf 88' lang='lat' dir='ltr'>etiam</span> <span class='ocrx_word' id='word_1_28' title='bbox 713 420 888 459; x_wconf 88' lang='lat' dir='ltr'>ausculta</span> <span class='ocrx_word' id='word_1_29' title='bbox 918 433 1089 472; x_wconf 92' lang='lat' dir='ltr'>pugnam</span> <span class='ocrx_word' id='word_1_30' title='bbox 1123 433 1239 472; x_wconf 92' lang='lat' dir='ltr'>quam</span> <span class='ocrx_word' id='word_1_31' title='bbox 1270 421 1389 461; x_wconf 90' lang='lat' dir='ltr'>voluit</span> <span class='ocrx_word' id='word_1_32' title='bbox 1420 421 1524 461; x_wconf 89' lang='lat' dir='ltr'>dare.</span> 
     </span>
    </p>

    <p class='ocr_par' dir='ltr' id='par_1_5' title="bbox 204 487 1939 741">
     <span class='ocr_line' id='line_1_6' title="bbox 204 487 1868 540; baseline 0.002 -14"><span class='ocrx_word' id='word_1_33' title='bbox 204 487 298 526; x_wconf 75' lang='lat' dir='ltr'>Nm.</span> <span class='ocrx_word' id='word_1_34' title='bbox 348 487 563 527; x_wconf 82' lang='lat' dir='ltr'>Etiamnest</span> <span class='ocrx_word' id='word_1_35' title='bbox 602 488 694 538; x_wconf 86' lang='lat' dir='ltr'>quid</span> <span class='ocrx_word' id='word_1_36' title='bbox 726 487 876 539; x_wconf 81' lang='lat' dir='ltr'>porro?</span> <span class='ocrx_word' id='word_1_37' title='bbox 935 488 1093 529; x_wconf 81' lang='lat' dir='ltr'>CHRYs.</span> <span class='ocrx_word' id='word_1_38' title='bbox 1143 488 1228 536; x_wconf 89' lang='lat' dir='ltr'>Em,</span> <span class='ocrx_word' id='word_1_39' title='bbox 1259 489 1488 540; x_wconf 73' lang='lat' dir='ltr'>ziccipitrina</span> <span class='ocrx_word' id='word_1_40' title='bbox 1518 490 1615 530; x_wconf 90' lang='lat' dir='ltr'>haec</span> <span class='ocrx_word' id='word_1_41' title='bbox 1646 502 1753 530; x_wconf 91' lang='lat' dir='ltr'>nunc</span> <span class='ocrx_word' id='word_1_42' title='bbox 1783 490 1868 530; x_wconf 87' lang='lat' dir='ltr'>erit.</span> 
     </span>
     <span class='ocr_line' id='line_1_7' title="bbox 204 555 1939 608; baseline 0.001 -13"><span class='ocrx_word' id='word_1_43' title='bbox 204 555 298 595; x_wconf 76' lang='lat' dir='ltr'>Nm.</span> <span class='ocrx_word' id='word_1_44' title='bbox 347 555 543 606; x_wconf 84' lang='lat' dir='ltr'>Deceptus</span> <span class='ocrx_word' id='word_1_45' title='bbox 573 567 671 602; x_wconf 84' lang='lat' dir='ltr'>sum,</span> <span class='ocrx_word' id='word_1_46' title='bbox 702 555 892 608; x_wconf 85' lang='lat' dir='ltr'>Autolyco</span> <span class='ocrx_word' id='word_1_47' title='bbox 922 555 1066 607; x_wconf 80' lang='lat' dir='ltr'>hospiti</span> <span class='ocrx_word' id='word_1_48' title='bbox 1096 568 1235 596; x_wconf 90' lang='lat' dir='ltr'>aurum</span> <span class='ocrx_word' id='word_1_49' title='bbox 1266 556 1424 596; x_wconf 89' lang='lat' dir='ltr'>credidi.</span> <span class='ocrx_word' id='word_1_50' title='bbox 1881 563 1939 596; x_wconf 80' lang='lat'>275</span> 
     </span>
     <span class='ocr_line' id='line_1_8' title="bbox 206 621 1871 677; baseline 0.001 -14"><span class='ocrx_word' id='word_1_51' title='bbox 206 623 364 663; x_wconf 76' lang='lat' dir='ltr'>CHRYS.</span> <span class='ocrx_word' id='word_1_52' title='bbox 396 621 497 668; x_wconf 90' lang='lat' dir='ltr'>Quin</span> <span class='ocrx_word' id='word_1_53' title='bbox 520 629 561 661; x_wconf 92' lang='lat' dir='ltr'>tu</span> <span class='ocrx_word' id='word_1_54' title='bbox 583 622 685 661; x_wconf 90' lang='lat' dir='ltr'>audi.</span> <span class='ocrx_word' id='word_1_55' title='bbox 726 622 819 663; x_wconf 84' lang='lat' dir='ltr'>N1c.</span> <span class='ocrx_word' id='word_1_56' title='bbox 851 622 974 661; x_wconf 90' lang='lat' dir='ltr'>Immo</span> <span class='ocrx_word' id='word_1_57' title='bbox 996 624 1198 674; x_wconf 84' lang='lat' dir='ltr'>ingenium</span> <span class='ocrx_word' id='word_1_58' title='bbox 1221 624 1319 663; x_wconf 77' lang='lat' dir='ltr'>avidi</span> <span class='ocrx_word' id='word_1_59' title='bbox 1340 624 1440 663; x_wconf 88' lang='lat' dir='ltr'>haud</span> <span class='ocrx_word' id='word_1_60' title='bbox 1462 636 1672 676; x_wconf 84' lang='lat' dir='ltr'>pernoram</span> <span class='ocrx_word' id='word_1_61' title='bbox 1695 624 1871 677; x_wconf 86' lang='lat' dir='ltr'>hospitis.</span> 
     </span>
     <span class='ocr_line' id='line_1_9' title="bbox 206 690 1654 741; baseline 0.001 -10"><span class='ocrx_word' id='word_1_62' title='bbox 206 691 365 732; x_wconf 79' lang='lat' dir='ltr'>CHRYS.</span> <span class='ocrx_word' id='word_1_63' title='bbox 414 691 626 741; x_wconf 91' lang='lat' dir='ltr'>Postquam</span> <span class='ocrx_word' id='word_1_64' title='bbox 657 702 796 730; x_wconf 90' lang='lat' dir='ltr'>aurum</span> <span class='ocrx_word' id='word_1_65' title='bbox 827 690 1069 738; x_wconf 82' lang='lat' dir='ltr'>abstulimus,</span> <span class='ocrx_word' id='word_1_66' title='bbox 1101 691 1140 730; x_wconf 95' lang='lat' dir='ltr'>in</span> <span class='ocrx_word' id='word_1_67' title='bbox 1174 704 1308 730; x_wconf 82' lang='lat' dir='ltr'>navem</span> <span class='ocrx_word' id='word_1_68' title='bbox 1341 692 1654 740; x_wconf 83' lang='lat' dir='ltr'>conscendimus,</span> 
     </span>
    </p>

    <p class='ocr_par' dir='ltr' id='par_1_6' title="bbox 207 759 1151 810">
     <span class='ocr_line' id='line_1_10' title="bbox 207 759 1151 810; baseline -0.001 -12"><span class='ocrx_word' id='word_1_69' title='bbox 207 759 311 798; x_wconf 91' lang='lat' dir='ltr'>domi</span> <span class='ocrx_word' id='word_1_70' title='bbox 343 759 559 810; x_wconf 88' lang='lat' dir='ltr'>cupientes.</span> <span class='ocrx_word' id='word_1_71' title='bbox 591 759 692 797; x_wconf 87' lang='lat' dir='ltr'>forte</span> <span class='ocrx_word' id='word_1_72' title='bbox 724 765 767 797; x_wconf 91' lang='lat' dir='ltr'>ut</span> <span class='ocrx_word' id='word_1_73' title='bbox 797 759 927 797; x_wconf 90' lang='lat' dir='ltr'>adsedi</span> <span class='ocrx_word' id='word_1_74' title='bbox 958 759 997 797; x_wconf 87' lang='lat' dir='ltr'>in</span> <span class='ocrx_word' id='word_1_75' title='bbox 1030 766 1151 810; x_wconf 82' lang='lat' dir='ltr'>stega,</span> 
     </span>
    </p>

    <p class='ocr_par' dir='ltr' id='par_1_7' title="bbox 207 826 1326 878">
     <span class='ocr_line' id='line_1_11' title="bbox 207 826 1326 878; baseline 0 -12"><span class='ocrx_word' id='word_1_76' title='bbox 207 828 298 866; x_wconf 93' lang='lat' dir='ltr'>dum</span> <span class='ocrx_word' id='word_1_77' title='bbox 330 827 629 878; x_wconf 82' lang='lat' dir='ltr'>circumspecto,</span> <span class='ocrx_word' id='word_1_78' title='bbox 661 829 776 877; x_wconf 77' lang='lat' dir='ltr'>atque</span> <span class='ocrx_word' id='word_1_79' title='bbox 809 839 880 877; x_wconf 88' lang='lat' dir='ltr'>ego</span> <span class='ocrx_word' id='word_1_80' title='bbox 912 826 1085 865; x_wconf 83' lang='lat' dir='ltr'>lembum</span> <span class='ocrx_word' id='word_1_81' title='bbox 1116 827 1326 878; x_wconf 85' lang='lat' dir='ltr'>conspicor</span> 
     </span>
    </p>

    <p class='ocr_par' dir='ltr' id='par_1_8' title="bbox 206 894 1941 1009">
     <span class='ocr_line' id='line_1_12' title="bbox 208 894 1941 947; baseline -0.001 -12"><span class='ocrx_word' id='word_1_82' title='bbox 208 897 384 947; x_wconf 84' lang='lat' dir='ltr'>longum,</span> <span class='ocrx_word' id='word_1_83' title='bbox 416 895 621 945; x_wconf 84' lang='lat' dir='ltr'>strigorem</span> <span class='ocrx_word' id='word_1_84' title='bbox 653 894 873 933; x_wconf 89' lang='lat' dir='ltr'>maleficum</span> <span class='ocrx_word' id='word_1_85' title='bbox 904 895 1143 933; x_wconf 80' lang='lat' dir='ltr'>exornarier.</span> <span class='ocrx_word' id='word_1_86' title='bbox 1884 899 1941 933; x_wconf 84' lang='grc'>280</span> 
     </span>
     <span class='ocr_line' id='line_1_13' title="bbox 206 961 1318 1009; baseline -0.003 -6"><span class='ocrx_word' id='word_1_87' title='bbox 206 964 300 1003; x_wconf 78' lang='lat' dir='ltr'>Nlo.</span> <span class='ocrx_word' id='word_1_88' title='bbox 350 962 452 1002; x_wconf 90' lang='lat' dir='ltr'>Perii</span> <span class='ocrx_word' id='word_1_89' title='bbox 483 962 626 1009; x_wconf 88' lang='lat' dir='ltr'>hercle,</span> <span class='ocrx_word' id='word_1_90' title='bbox 657 961 809 1000; x_wconf 87' lang='lat' dir='ltr'>lembus</span> <span class='ocrx_word' id='word_1_91' title='bbox 840 961 904 1000; x_wconf 89' lang='lat' dir='ltr'>ille</span> <span class='ocrx_word' id='word_1_92' title='bbox 935 962 1029 1000; x_wconf 90' lang='lat' dir='ltr'>mihi</span> <span class='ocrx_word' id='word_1_93' title='bbox 1060 961 1178 1000; x_wconf 89' lang='lat' dir='ltr'>laedit</span> <span class='ocrx_word' id='word_1_94' title='bbox 1208 962 1318 1001; x_wconf 88' lang='lat' dir='ltr'>latus.</span> 
     </span>
    </p>

    <p class='ocr_par' dir='ltr' id='par_1_9' title="bbox 207 1029 1493 1081">
     <span class='ocr_line' id='line_1_14' title="bbox 207 1029 1493 1081; baseline -0.002 -11"><span class='ocrx_word' id='word_1_95' title='bbox 207 1031 366 1071; x_wconf 63' lang='lat' dir='ltr'>szys.</span> <span class='ocrx_word' id='word_1_96' title='bbox 418 1030 453 1069; x_wconf 92' lang='lat' dir='ltr'>Is</span> <span class='ocrx_word' id='word_1_97' title='bbox 484 1036 566 1069; x_wconf 90' lang='lat' dir='ltr'>erat</span> <span class='ocrx_word' id='word_1_98' title='bbox 596 1029 816 1068; x_wconf 86' lang='lat' dir='ltr'>communis</span> <span class='ocrx_word' id='word_1_99' title='bbox 847 1041 936 1068; x_wconf 93' lang='lat' dir='ltr'>cum</span> <span class='ocrx_word' id='word_1_100' title='bbox 966 1029 1118 1080; x_wconf 89' lang='lat' dir='ltr'>hospite</span> <span class='ocrx_word' id='word_1_101' title='bbox 1149 1035 1187 1068; x_wconf 93' lang='lat' dir='ltr'>et</span> <span class='ocrx_word' id='word_1_102' title='bbox 1217 1029 1493 1081; x_wconf 87' lang='lat' dir='ltr'>praedonibus.</span> 
     </span>
    </p>

    <p class='ocr_par' dir='ltr' id='par_1_10' title="bbox 207 1096 1439 1147">
     <span class='ocr_line' id='line_1_15' title="bbox 207 1096 1439 1147; baseline -0.002 -9"><span class='ocrx_word' id='word_1_103' title='bbox 207 1099 301 1139; x_wconf 86' lang='lat' dir='ltr'>N1c.</span> <span class='ocrx_word' id='word_1_104' title='bbox 351 1099 485 1137; x_wconf 86' lang='lat' dir='ltr'>Adeon</span> <span class='ocrx_word' id='word_1_105' title='bbox 518 1109 580 1136; x_wconf 91' lang='lat' dir='ltr'>me</span> <span class='ocrx_word' id='word_1_106' title='bbox 612 1097 730 1136; x_wconf 86' lang='lat' dir='ltr'>fuisse</span> <span class='ocrx_word' id='word_1_107' title='bbox 761 1097 938 1146; x_wconf 86' lang='lat' dir='ltr'>fungum,</span> <span class='ocrx_word' id='word_1_108' title='bbox 970 1103 1013 1134; x_wconf 89' lang='lat' dir='ltr'>ut</span> <span class='ocrx_word' id='word_1_109' title='bbox 1043 1096 1108 1147; x_wconf 90' lang='lat' dir='ltr'>qui</span> <span class='ocrx_word' id='word_1_110' title='bbox 1141 1096 1194 1135; x_wconf 93' lang='lat' dir='ltr'>illi</span> <span class='ocrx_word' id='word_1_111' title='bbox 1225 1097 1439 1144; x_wconf 87' lang='lat' dir='ltr'>crederem,</span> 
     </span>
    </p>

    <p class='ocr_par' dir='ltr' id='par_1_11' title="bbox 209 1163 1158 1217">
     <span class='ocr_line' id='line_1_16' title="bbox 209 1163 1158 1217; baseline -0.004 -11"><span class='ocrx_word' id='word_1_112' title='bbox 209 1179 297 1206; x_wconf 92' lang='lat' dir='ltr'>cum</span> <span class='ocrx_word' id='word_1_113' title='bbox 329 1166 381 1205; x_wconf 93' lang='lat' dir='ltr'>mi</span> <span class='ocrx_word' id='word_1_114' title='bbox 411 1166 541 1217; x_wconf 89' lang='lat' dir='ltr'>ipsum</span> <span class='ocrx_word' id='word_1_115' title='bbox 575 1176 718 1203; x_wconf 85' lang='lat' dir='ltr'>nomen</span> <span class='ocrx_word' id='word_1_116' title='bbox 750 1164 834 1203; x_wconf 88' lang='lat' dir='ltr'>eius</span> <span class='ocrx_word' id='word_1_117' title='bbox 864 1163 1158 1203; x_wconf 86' lang='lat' dir='ltr'>Archidemides</span> 
     </span>
    </p>

    <p class='ocr_par' dir='ltr' id='par_1_12' title="bbox 209 1230 1943 1343">
     <span class='ocr_line' id='line_1_17' title="bbox 209 1230 1943 1285; baseline -0.002 -12"><span class='ocrx_word' id='word_1_118' title='bbox 209 1235 391 1273; x_wconf 89' lang='lat' dir='ltr'>clamaret</span> <span class='ocrx_word' id='word_1_119' title='bbox 422 1233 674 1285; x_wconf 89' lang='lat' dir='ltr'>dempturum</span> <span class='ocrx_word' id='word_1_120' title='bbox 705 1244 802 1279; x_wconf 88' lang='lat' dir='ltr'>esse,</span> <span class='ocrx_word' id='word_1_121' title='bbox 834 1232 865 1271; x_wconf 93' lang='lat' dir='ltr'>si</span> <span class='ocrx_word' id='word_1_122' title='bbox 898 1231 991 1282; x_wconf 87' lang='lat' dir='ltr'>quid</span> <span class='ocrx_word' id='word_1_123' title='bbox 1021 1230 1251 1271; x_wconf 81' lang='lat' dir='ltr'>crederem?</span> <span class='ocrx_word' id='word_1_124' title='bbox 1888 1236 1943 1270; x_wconf 83' lang='lat'>285</span> 
     </span>
     <span class='ocr_line' id='line_1_18' title="bbox 209 1299 1291 1343; baseline -0.004 0"><span class='ocrx_word' id='word_1_125' title='bbox 209 1303 370 1343; x_wconf 68' lang='lat' dir='ltr'>Cnms.</span> <span class='ocrx_word' id='word_1_126' title='bbox 420 1302 456 1341; x_wconf 89' lang='lat' dir='ltr'>Is</span> <span class='ocrx_word' id='word_1_127' title='bbox 486 1300 639 1341; x_wconf 88' lang='lat' dir='ltr'>lembus</span> <span class='ocrx_word' id='word_1_128' title='bbox 672 1306 828 1340; x_wconf 88' lang='lat' dir='ltr'>nostrae</span> <span class='ocrx_word' id='word_1_129' title='bbox 860 1300 946 1338; x_wconf 86' lang='lat' dir='ltr'>navi</span> <span class='ocrx_word' id='word_1_130' title='bbox 977 1299 1135 1339; x_wconf 90' lang='lat' dir='ltr'>insidias</span> <span class='ocrx_word' id='word_1_131' title='bbox 1166 1300 1291 1339; x_wconf 91' lang='lat' dir='ltr'>dabat.</span> 
     </span>
    </p>

    <p class='ocr_par' dir='ltr' id='par_1_13' title="bbox 211 1369 1228 1423">
     <span class='ocr_line' id='line_1_19' title="bbox 211 1369 1228 1423; baseline -0.005 -12"><span class='ocrx_word' id='word_1_132' title='bbox 211 1372 344 1423; x_wconf 88' lang='lat' dir='ltr'>occepi</span> <span class='ocrx_word' id='word_1_133' title='bbox 377 1383 448 1422; x_wconf 86' lang='lat' dir='ltr'>ego</span> <span class='ocrx_word' id='word_1_134' title='bbox 481 1369 687 1409; x_wconf 85' lang='lat' dir='ltr'>observare</span> <span class='ocrx_word' id='word_1_135' title='bbox 718 1381 785 1407; x_wconf 90' lang='lat' dir='ltr'>eos</span> <span class='ocrx_word' id='word_1_136' title='bbox 817 1380 932 1419; x_wconf 83' lang='lat' dir='ltr'>quam</span> <span class='ocrx_word' id='word_1_137' title='bbox 964 1380 1047 1406; x_wconf 83' lang='lat' dir='ltr'>rem</span> <span class='ocrx_word' id='word_1_138' title='bbox 1078 1375 1228 1418; x_wconf 87' lang='lat' dir='ltr'>gerant.</span> 
     </span>
    </p>

    <p class='ocr_par' dir='ltr' id='par_1_14' title="bbox 209 1434 1065 1489">
     <span class='ocr_line' id='line_1_20' title="bbox 209 1434 1065 1489; baseline -0.007 -11"><span class='ocrx_word' id='word_1_139' title='bbox 209 1440 358 1478; x_wconf 85' lang='lat' dir='ltr'>interea</span> <span class='ocrx_word' id='word_1_140' title='bbox 390 1451 410 1477; x_wconf 87' lang='lat' dir='ltr'>e</span> <span class='ocrx_word' id='word_1_141' title='bbox 441 1443 559 1489; x_wconf 89' lang='lat' dir='ltr'>portu</span> <span class='ocrx_word' id='word_1_142' title='bbox 591 1442 723 1475; x_wconf 89' lang='lat' dir='ltr'>nostra</span> <span class='ocrx_word' id='word_1_143' title='bbox 755 1435 862 1474; x_wconf 78' lang='lat' dir='ltr'>navis</span> <span class='ocrx_word' id='word_1_144' title='bbox 892 1434 1065 1473; x_wconf 83' lang='lat' dir='ltr'>solvitur.</span> 
     </span>
    </p>

    <p class='ocr_par' dir='ltr' id='par_1_15' title="bbox 209 1502 1178 1559">
     <span class='ocr_line' id='line_1_21' title="bbox 209 1502 1178 1559; baseline -0.007 -12"><span class='ocrx_word' id='word_1_145' title='bbox 209 1507 277 1546; x_wconf 90' lang='lat' dir='ltr'>ubi</span> <span class='ocrx_word' id='word_1_146' title='bbox 308 1513 426 1559; x_wconf 92' lang='lat' dir='ltr'>portu</span> <span class='ocrx_word' id='word_1_147' title='bbox 457 1506 619 1551; x_wconf 81' lang='lat' dir='ltr'>eximus,</span> <span class='ocrx_word' id='word_1_148' title='bbox 650 1504 830 1543; x_wconf 89' lang='lat' dir='ltr'>homines</span> <span class='ocrx_word' id='word_1_149' title='bbox 861 1503 1023 1554; x_wconf 85' lang='lat' dir='ltr'>remigio</span> <span class='ocrx_word' id='word_1_150' title='bbox 1054 1502 1178 1553; x_wconf 82' lang='lat' dir='ltr'>sequi,</span> 
     </span>
    </p>

    <p class='ocr_par' dir='ltr' id='par_1_16' title="bbox 211 1569 1942 1695">
     <span class='ocr_line' id='line_1_22' title="bbox 212 1569 1942 1626; baseline -0.005 -11"><span class='ocrx_word' id='word_1_151' title='bbox 212 1587 341 1626; x_wconf 85' lang='lat' dir='ltr'>neque</span> <span class='ocrx_word' id='word_1_152' title='bbox 372 1587 459 1613; x_wconf 89' lang='lat' dir='ltr'>aves</span> <span class='ocrx_word' id='word_1_153' title='bbox 490 1585 620 1624; x_wconf 87' lang='lat' dir='ltr'>neque</span> <span class='ocrx_word' id='word_1_154' title='bbox 650 1572 755 1610; x_wconf 88' lang='lat' dir='ltr'>venti</span> <span class='ocrx_word' id='word_1_155' title='bbox 786 1571 912 1610; x_wconf 85' lang='lat' dir='ltr'>citius.</span> <span class='ocrx_word' id='word_1_156' title='bbox 963 1570 1150 1621; x_wconf 84' lang='lat' dir='ltr'>quoniam</span> <span class='ocrx_word' id='word_1_157' title='bbox 1180 1569 1307 1609; x_wconf 90' lang='lat' dir='ltr'>sentio</span> <span class='ocrx_word' id='word_1_158' title='bbox 1888 1573 1942 1607; x_wconf 84' lang='lat'>290</span> 
     </span>
     <span class='ocr_line' id='line_1_23' title="bbox 211 1638 1292 1695; baseline -0.007 -12"><span class='ocrx_word' id='word_1_159' title='bbox 211 1655 310 1695; x_wconf 90' lang='lat' dir='ltr'>quae</span> <span class='ocrx_word' id='word_1_160' title='bbox 340 1655 402 1682; x_wconf 89' lang='lat' dir='ltr'>res</span> <span class='ocrx_word' id='word_1_161' title='bbox 432 1647 649 1694; x_wconf 83' lang='lat' dir='ltr'>gereretur,</span> <span class='ocrx_word' id='word_1_162' title='bbox 682 1651 819 1678; x_wconf 88' lang='lat' dir='ltr'>navem</span> <span class='ocrx_word' id='word_1_163' title='bbox 851 1638 1045 1689; x_wconf 81' lang='lat' dir='ltr'>extemplo</span> <span class='ocrx_word' id='word_1_164' title='bbox 1076 1638 1292 1677; x_wconf 88' lang='lat' dir='ltr'>statuimus.</span> 
     </span>
    </p>

    <p class='ocr_par' dir='ltr' id='par_1_17' title="bbox 211 1710 1233 1763">
     <span class='ocr_line' id='line_1_24' title="bbox 211 1710 1233 1763; baseline -0.007 -13"><span class='ocrx_word' id='word_1_165' title='bbox 211 1710 398 1763; x_wconf 88' lang='lat' dir='ltr'>quoniam</span> <span class='ocrx_word' id='word_1_166' title='bbox 428 1710 560 1749; x_wconf 89' lang='lat' dir='ltr'>vident</span> <span class='ocrx_word' id='word_1_167' title='bbox 592 1721 663 1747; x_wconf 91' lang='lat' dir='ltr'>nos</span> <span class='ocrx_word' id='word_1_168' title='bbox 693 1714 807 1753; x_wconf 85' lang='lat' dir='ltr'>stare,</span> <span class='ocrx_word' id='word_1_169' title='bbox 839 1712 1082 1757; x_wconf 88' lang='lat' dir='ltr'>occeperunt</span> <span class='ocrx_word' id='word_1_170' title='bbox 1112 1712 1233 1744; x_wconf 89' lang='lat' dir='ltr'>ratem</span> 
     </span>
    </p>

    <p class='ocr_par' dir='ltr' id='par_1_18' title="bbox 210 1773 1307 1828">
     <span class='ocr_line' id='line_1_25' title="bbox 210 1773 1307 1828; baseline -0.007 -9"><span class='ocrx_word' id='word_1_171' title='bbox 210 1779 370 1818; x_wconf 88' lang='lat' dir='ltr'>turbare</span> <span class='ocrx_word' id='word_1_172' title='bbox 401 1778 439 1817; x_wconf 91' lang='lat' dir='ltr'>in</span> <span class='ocrx_word' id='word_1_173' title='bbox 472 1783 603 1828; x_wconf 87' lang='lat' dir='ltr'>portu.</span> <span class='ocrx_word' id='word_1_174' title='bbox 662 1775 756 1815; x_wconf 75' lang='lat' dir='ltr'>Nm.</span> <span class='ocrx_word' id='word_1_175' title='bbox 788 1774 937 1826; x_wconf 88' lang='lat' dir='ltr'>Edepol</span> <span class='ocrx_word' id='word_1_176' title='bbox 968 1773 1142 1812; x_wconf 89' lang='lat' dir='ltr'>mortalis</span> <span class='ocrx_word' id='word_1_177' title='bbox 1173 1773 1307 1812; x_wconf 92' lang='lat' dir='ltr'>malos.</span> 
     </span>
    </p>

    <p class='ocr_par' dir='ltr' id='par_1_19' title="bbox 211 1840 1628 1898">
     <span class='ocr_line' id='line_1_26' title="bbox 211 1840 1628 1898; baseline -0.005 -11"><span class='ocrx_word' id='word_1_178' title='bbox 211 1847 304 1898; x_wconf 87' lang='lat' dir='ltr'>quid</span> <span class='ocrx_word' id='word_1_179' title='bbox 335 1847 505 1897; x_wconf 90' lang='lat' dir='ltr'>denique</span> <span class='ocrx_word' id='word_1_180' title='bbox 535 1843 675 1896; x_wconf 81' lang='lat' dir='ltr'>agitis?</span> <span class='ocrx_word' id='word_1_181' title='bbox 734 1843 892 1884; x_wconf 72' lang='lat' dir='ltr'>CHRYS.</span> <span class='ocrx_word' id='word_1_182' title='bbox 942 1842 1112 1881; x_wconf 87' lang='lat' dir='ltr'>Rursum</span> <span class='ocrx_word' id='word_1_183' title='bbox 1144 1842 1183 1880; x_wconf 93' lang='lat' dir='ltr'>in</span> <span class='ocrx_word' id='word_1_184' title='bbox 1215 1847 1372 1892; x_wconf 89' lang='lat' dir='ltr'>portum</span> <span class='ocrx_word' id='word_1_185' title='bbox 1405 1840 1628 1893; x_wconf 88' lang='lat' dir='ltr'>recipimus.</span> 
     </span>
    </p>

    <p class='ocr_par' dir='ltr' id='par_1_20' title="bbox 210 1907 1947 2028">
     <span class='ocr_line' id='line_1_27' title="bbox 210 1907 1947 1965; baseline -0.006 -10"><span class='ocrx_word' id='word_1_186' title='bbox 210 1915 304 1954; x_wconf 76' lang='lat' dir='ltr'>Nm.</span> <span class='ocrx_word' id='word_1_187' title='bbox 355 1914 561 1965; x_wconf 86' lang='lat' dir='ltr'>Sapienter</span> <span class='ocrx_word' id='word_1_188' title='bbox 591 1914 734 1951; x_wconf 79' lang='lat' dir='ltr'>sactum</span> <span class='ocrx_word' id='word_1_189' title='bbox 765 1924 786 1949; x_wconf 92' lang='lat' dir='ltr'>a</span> <span class='ocrx_word' id='word_1_190' title='bbox 818 1910 938 1949; x_wconf 86' lang='lat' dir='ltr'>vobis.</span> <span class='ocrx_word' id='word_1_191' title='bbox 970 1909 1062 1960; x_wconf 84' lang='lat' dir='ltr'>quid</span> <span class='ocrx_word' id='word_1_192' title='bbox 1093 1909 1146 1947; x_wconf 91' lang='lat' dir='ltr'>illi</span> <span class='ocrx_word' id='word_1_193' title='bbox 1177 1907 1340 1960; x_wconf 76' lang='lat' dir='ltr'>postea?</span> <span class='ocrx_word' id='word_1_194' title='bbox 1889 1911 1947 1944; x_wconf 84' lang='grc'>295</span> 
     </span>
     <span class='ocr_line' id='line_1_28' title="bbox 211 1976 1324 2028; baseline -0.008 -5"><span class='ocrx_word' id='word_1_195' title='bbox 211 1982 369 2023; x_wconf 79' lang='lat' dir='ltr'>CHRYS.</span> <span class='ocrx_word' id='word_1_196' title='bbox 420 1981 698 2020; x_wconf 85' lang='lat' dir='ltr'>Revorsionem</span> <span class='ocrx_word' id='word_1_197' title='bbox 730 1979 774 2017; x_wconf 86' lang='lat' dir='ltr'>ad</span> <span class='ocrx_word' id='word_1_198' title='bbox 807 1985 951 2017; x_wconf 87' lang='lat' dir='ltr'>terram</span> <span class='ocrx_word' id='word_1_199' title='bbox 984 1977 1132 2016; x_wconf 81' lang='lat' dir='ltr'>faciunt</span> <span class='ocrx_word' id='word_1_200' title='bbox 1160 1976 1324 2028; x_wconf 77' lang='lat' dir='ltr'>vesperi.</span> 
     </span>
    </p>

    <p class='ocr_par' dir='ltr' id='par_1_21' title="bbox 210 2043 1593 2096">
     <span class='ocr_line' id='line_1_29' title="bbox 210 2043 1593 2096; baseline -0.006 -6"><span class='ocrx_word' id='word_1_201' title='bbox 210 2050 304 2090; x_wconf 77' lang='lat' dir='ltr'>Nm.</span> <span class='ocrx_word' id='word_1_202' title='bbox 355 2051 503 2089; x_wconf 87' lang='lat' dir='ltr'>Aurum</span> <span class='ocrx_word' id='word_1_203' title='bbox 535 2048 665 2087; x_wconf 90' lang='lat' dir='ltr'>hercle</span> <span class='ocrx_word' id='word_1_204' title='bbox 696 2048 850 2086; x_wconf 80' lang='lat' dir='ltr'>auferre</span> <span class='ocrx_word' id='word_1_205' title='bbox 882 2046 1058 2085; x_wconf 78' lang='lat' dir='ltr'>voluere:</span> <span class='ocrx_word' id='word_1_206' title='bbox 1092 2045 1125 2084; x_wconf 90' lang='lat' dir='ltr'>ei</span> <span class='ocrx_word' id='word_1_207' title='bbox 1158 2045 1213 2084; x_wconf 90' lang='lat' dir='ltr'>rei</span> <span class='ocrx_word' id='word_1_208' title='bbox 1245 2056 1403 2096; x_wconf 90' lang='lat' dir='ltr'>operam</span> <span class='ocrx_word' id='word_1_209' title='bbox 1437 2043 1593 2082; x_wconf 90' lang='lat' dir='ltr'>dabant.</span> 
     </span>
    </p>

    <p class='ocr_par' dir='ltr' id='par_1_22' title="bbox 211 2112 1375 2162">
     <span class='ocr_line' id='line_1_30' title="bbox 211 2112 1375 2162; baseline -0.007 -4"><span class='ocrx_word' id='word_1_210' title='bbox 211 2118 370 2159; x_wconf 79' lang='lat' dir='ltr'>CHRYS.</span> <span class='ocrx_word' id='word_1_211' title='bbox 418 2117 506 2156; x_wconf 83' lang='lat' dir='ltr'>Non</span> <span class='ocrx_word' id='word_1_212' title='bbox 538 2128 599 2155; x_wconf 89' lang='lat' dir='ltr'>me</span> <span class='ocrx_word' id='word_1_213' title='bbox 631 2115 777 2162; x_wconf 82' lang='lat' dir='ltr'>fefellit,</span> <span class='ocrx_word' id='word_1_214' title='bbox 809 2114 926 2161; x_wconf 87' lang='lat' dir='ltr'>sensi,</span> <span class='ocrx_word' id='word_1_215' title='bbox 958 2126 1003 2153; x_wconf 88' lang='lat' dir='ltr'>eo</span> <span class='ocrx_word' id='word_1_216' title='bbox 1036 2113 1277 2152; x_wconf 86' lang='lat' dir='ltr'>exanimatus</span> <span class='ocrx_word' id='word_1_217' title='bbox 1308 2112 1375 2152; x_wconf 86' lang='lat' dir='ltr'>sui.</span> 
     </span>
    </p>

    <p class='ocr_par' dir='ltr' id='par_1_23' title="bbox 212 2181 1047 2239">
     <span class='ocr_line' id='line_1_31' title="bbox 212 2181 1047 2239; baseline -0.01 -12"><span class='ocrx_word' id='word_1_218' title='bbox 212 2187 397 2239; x_wconf 88' lang='lat' dir='ltr'>quoniam</span> <span class='ocrx_word' id='word_1_219' title='bbox 430 2185 604 2224; x_wconf 91' lang='lat' dir='ltr'>videmus</span> <span class='ocrx_word' id='word_1_220' title='bbox 634 2195 728 2222; x_wconf 90' lang='lat' dir='ltr'>auro</span> <span class='ocrx_word' id='word_1_221' title='bbox 760 2182 920 2221; x_wconf 89' lang='lat' dir='ltr'>insidias</span> <span class='ocrx_word' id='word_1_222' title='bbox 952 2181 1047 2226; x_wconf 82' lang='lat' dir='ltr'>lieri,</span> 
     </span>
    </p>

    <p class='ocr_par' dir='ltr' id='par_1_24' title="bbox 212 2248 1949 2307">
     <span class='ocr_line' id='line_1_32' title="bbox 212 2248 1949 2307; baseline -0.007 -13"><span class='ocrx_word' id='word_1_223' title='bbox 212 2255 387 2307; x_wconf 91' lang='lat' dir='ltr'>capimus</span> <span class='ocrx_word' id='word_1_224' title='bbox 418 2252 623 2292; x_wconf 89' lang='lat' dir='ltr'>consilium</span> <span class='ocrx_word' id='word_1_225' title='bbox 657 2251 867 2297; x_wconf 83' lang='lat' dir='ltr'>continu03</span> <span class='ocrx_word' id='word_1_226' title='bbox 899 2248 1085 2301; x_wconf 87' lang='lat' dir='ltr'>postridie</span> <span class='ocrx_word' id='word_1_227' title='bbox 1892 2250 1949 2283; x_wconf 87' lang='grc'>300</span> 
     </span>
    </p>
   </div>
   <div class='ocr_carea' id='block_1_3' title="bbox 222 2323 1863 2336">
    <p class='ocr_par' dir='ltr' id='par_1_25' title="bbox 222 2323 1863 2336">
     <span class='ocr_line' id='line_1_33' title="bbox 222 2323 1863 2336; baseline 0 0"><span class='ocrx_word' id='word_1_228' title='bbox 222 2323 1863 2336; x_wconf 95' lang='lat' dir='ltr'> </span> 
     </span>
    </p>
   </div>
   <div class='ocr_carea' id='block_1_4' title="bbox 209 2355 1881 2914">
    <p class='ocr_par' dir='ltr' id='par_1_26' title="bbox 209 2355 1881 2914">
     <span class='ocr_line' id='line_1_34' title="bbox 325 2355 1788 2400; baseline -0.005 -1"><span class='ocrx_word' id='word_1_229' title='bbox 325 2367 389 2400; x_wconf 84' lang='grc'>271</span> <span class='ocrx_word' id='word_1_230' title='bbox 405 2364 563 2398; x_wconf 88' lang='lat' dir='ltr'>demum:</span> <span class='ocrx_word' id='word_1_231' title='bbox 578 2360 736 2396; x_wconf 82' lang='lat' dir='ltr'>deotium</span> <span class='ocrx_word' id='word_1_232' title='bbox 751 2359 812 2395; x_wconf 79' lang='lat' dir='ltr'>CI)</span> <span class='ocrx_word' id='word_1_233' title='bbox 906 2362 970 2393; x_wconf 88' lang='grc'>272</span> <span class='ocrx_word' id='word_1_234' title='bbox 983 2358 1079 2393; x_wconf 85' lang='lat' dir='ltr'>mille</span> <span class='ocrx_word' id='word_1_235' title='bbox 1092 2360 1129 2393; x_wconf 83' lang='lat' dir='ltr'>et</span> <span class='ocrx_word' id='word_1_236' title='bbox 1141 2358 1316 2393; x_wconf 85' lang='lat' dir='ltr'>ducentos</span> <span class='ocrx_word' id='word_1_237' title='bbox 1333 2355 1476 2391; x_wconf 77' lang='lat' dir='ltr'>Parcus</span> <span class='ocrx_word' id='word_1_238' title='bbox 1489 2356 1552 2400; x_wconf 71' lang='lat' dir='ltr'>&lt;cf-</span> <span class='ocrx_word' id='word_1_239' title='bbox 1567 2355 1662 2390; x_wconf 88' lang='lat' dir='ltr'>Rud.</span> <span class='ocrx_word' id='word_1_240' title='bbox 1674 2356 1788 2397; x_wconf 77' lang='lat'><strong><em>1328)</em></strong></span> 
     </span>
     <span class='ocr_line' id='line_1_35' title="bbox 212 2411 1880 2462; baseline -0.006 -5"><span class='ocrx_word' id='word_1_241' title='bbox 212 2425 279 2456; x_wconf 74' lang='lat'>274</span> <span class='ocrx_word' id='word_1_242' title='bbox 302 2423 383 2456; x_wconf 88' lang='lat' dir='ltr'>hem</span> <span class='ocrx_word' id='word_1_243' title='bbox 410 2419 469 2456; x_wconf 88' lang='lat' dir='ltr'>CD</span> <span class='ocrx_word' id='word_1_244' title='bbox 561 2417 686 2462; x_wconf 82' lang='lat' dir='ltr'>accipe</span> <span class='ocrx_word' id='word_1_245' title='bbox 711 2416 816 2457; x_wconf 85' lang='lat' dir='ltr'>trina,</span> <span class='ocrx_word' id='word_1_246' title='bbox 842 2426 938 2451; x_wconf 86' lang='lat' dir='ltr'>corr.</span> <span class='ocrx_word' id='word_1_247' title='bbox 960 2414 1193 2449; x_wconf 83' lang='lat' dir='ltr'>Hermannus</span> <span class='ocrx_word' id='word_1_248' title='bbox 1285 2416 1349 2447; x_wconf 83' lang='grc'>275</span> <span class='ocrx_word' id='word_1_249' title='bbox 1374 2412 1530 2448; x_wconf 81' lang='lat' dir='ltr'>auiolico</span> <span class='ocrx_word' id='word_1_250' title='bbox 1550 2411 1622 2453; x_wconf 87' lang='lat' dir='ltr'>CD,</span> <span class='ocrx_word' id='word_1_251' title='bbox 1646 2412 1814 2448; x_wconf 86' lang='lat' dir='ltr'>auioloco</span> <span class='ocrx_word' id='word_1_252' title='bbox 1836 2412 1880 2455; x_wconf 88' lang='lat' dir='ltr'>B,</span> 
     </span>
     <span class='ocr_line' id='line_1_36' title="bbox 211 2467 1881 2518; baseline -0.007 -5"><span class='ocrx_word' id='word_1_253' title='bbox 211 2489 306 2513; x_wconf 81' lang='lat' dir='ltr'>corr.</span> <span class='ocrx_word' id='word_1_254' title='bbox 324 2475 517 2513; x_wconf 82' lang='lat' dir='ltr'>Scutarius</span> <span class='ocrx_word' id='word_1_255' title='bbox 609 2476 674 2508; x_wconf 88' lang='grc'>276</span> <span class='ocrx_word' id='word_1_256' title='bbox 692 2474 743 2518; x_wconf 83' lang='lat' dir='ltr'>cf.</span> <span class='ocrx_word' id='word_1_257' title='bbox 763 2471 978 2507; x_wconf 74' lang='lat' dir='ltr'>Skutsckius</span> <span class='ocrx_word' id='word_1_258' title='bbox 992 2470 1112 2505; x_wconf 82' lang='lat' dir='ltr'>Plaut.</span> <span class='ocrx_word' id='word_1_259' title='bbox 1130 2482 1164 2505; x_wconf 84' lang='lat' dir='ltr'>u.</span> <span class='ocrx_word' id='word_1_260' title='bbox 1181 2469 1285 2506; x_wconf 84' lang='lat' dir='ltr'>Rom.</span> <span class='ocrx_word' id='word_1_261' title='bbox 1298 2470 1347 2504; x_wconf 89' lang='lat'>44</span> <span class='ocrx_word' id='word_1_262' title='bbox 1441 2471 1506 2503; x_wconf 88' lang='grc'>278</span> <span class='ocrx_word' id='word_1_263' title='bbox 1523 2469 1677 2513; x_wconf 89' lang='lat' dir='ltr'>domum,</span> <span class='ocrx_word' id='word_1_264' title='bbox 1694 2479 1790 2504; x_wconf 83' lang='lat' dir='ltr'>corr.</span> <span class='ocrx_word' id='word_1_265' title='bbox 1803 2467 1881 2503; x_wconf 84' lang='lat' dir='ltr'>Rit-</span> 
     </span>
     <span class='ocr_line' id='line_1_37' title="bbox 209 2525 1881 2577; baseline -0.006 -7"><span class='ocrx_word' id='word_1_266' title='bbox 209 2534 367 2570; x_wconf 75' lang='lat' dir='ltr'>schelius</span> <span class='ocrx_word' id='word_1_267' title='bbox 457 2531 672 2577; x_wconf 73' lang='lat' dir='ltr'>Fucqentius</span> <span class='ocrx_word' id='word_1_268' title='bbox 690 2531 762 2565; x_wconf 89' lang='lat'>564</span> <span class='ocrx_word' id='word_1_269' title='bbox 787 2532 827 2569; x_wconf 81' lang='lat' dir='ltr'>(s.</span> <span class='ocrx_word' id='word_1_270' title='bbox 845 2529 970 2573; x_wconf 83' lang='lat' dir='ltr'>istega)</span> <span class='ocrx_word' id='word_1_271' title='bbox 993 2527 1087 2563; x_wconf 86' lang='lat' dir='ltr'>forte</span> <span class='ocrx_word' id='word_1_272' title='bbox 1104 2538 1168 2571; x_wconf 86' lang='lat' dir='ltr'>ego</span> <span class='ocrx_word' id='word_1_273' title='bbox 1194 2529 1235 2562; x_wconf 88' lang='lat' dir='ltr'>ut</span> <span class='ocrx_word' id='word_1_274' title='bbox 1258 2526 1374 2570; x_wconf 87' lang='lat' dir='ltr'>istega</span> <span class='ocrx_word' id='word_1_275' title='bbox 1398 2526 1546 2562; x_wconf 86' lang='lat' dir='ltr'>consedi</span> <span class='ocrx_word' id='word_1_276' title='bbox 1639 2527 1704 2561; x_wconf 86' lang='grc'>279</span> <span class='ocrx_word' id='word_1_277' title='bbox 1729 2525 1881 2560; x_wconf 84' lang='lat' dir='ltr'>circum-</span> 
     </span>
     <span class='ocr_line' id='line_1_38' title="bbox 213 2581 1881 2636; baseline -0.007 -9"><span class='ocrx_word' id='word_1_278' title='bbox 213 2593 336 2636; x_wconf 87' lang='lat' dir='ltr'>specto</span> <span class='ocrx_word' id='word_1_279' title='bbox 349 2589 447 2636; x_wconf 85' lang='lat' dir='ltr'>&lt;me&gt;</span> <span class='ocrx_word' id='word_1_280' title='bbox 459 2587 676 2624; x_wconf 72' lang='lat' dir='ltr'>Ritsclzelius</span> <span class='ocrx_word' id='word_1_281' title='bbox 769 2588 833 2621; x_wconf 88' lang='grc'>280</span> <span class='ocrx_word' id='word_1_282' title='bbox 851 2586 995 2629; x_wconf 89' lang='lat' dir='ltr'>longum</span> <span class='ocrx_word' id='word_1_283' title='bbox 1013 2587 1047 2619; x_wconf 83' lang='lat' dir='ltr'>st:</span> <span class='ocrx_word' id='word_1_284' title='bbox 1062 2586 1132 2624; x_wconf 87' lang='lat' dir='ltr'>(est</span> <span class='ocrx_word' id='word_1_285' title='bbox 1146 2582 1221 2626; x_wconf 77' lang='grc' dir='ltr'>ΟΒ)</span> <span class='ocrx_word' id='word_1_286' title='bbox 1237 2583 1390 2627; x_wconf 85' lang='lat' dir='ltr'>rigorem</span> <span class='ocrx_word' id='word_1_287' title='bbox 1481 2582 1652 2627; x_wconf 82' lang='lat' dir='ltr'>strigores</span> <span class='ocrx_word' id='word_1_288' title='bbox 1669 2581 1797 2617; x_wconf 82' lang='lat' dir='ltr'>Festus</span> <span class='ocrx_word' id='word_1_289' title='bbox 1811 2581 1881 2616; x_wconf 84' lang='lat'>314</span> 
     </span>
     <span class='ocr_line' id='line_1_39' title="bbox 211 2639 1881 2693; baseline -0.007 -10"><span class='ocrx_word' id='word_1_290' title='bbox 211 2647 376 2693; x_wconf 77' lang='lat' dir='ltr'>explicat</span> <span class='ocrx_word' id='word_1_291' title='bbox 394 2646 588 2682; x_wconf 83' lang='lat' dir='ltr'>densarum</span> <span class='ocrx_word' id='word_1_292' title='bbox 619 2643 750 2678; x_wconf 87' lang='lat' dir='ltr'>uirium</span> <span class='ocrx_word' id='word_1_293' title='bbox 779 2642 940 2678; x_wconf 88' lang='lat' dir='ltr'>homines</span> <span class='ocrx_word' id='word_1_294' title='bbox 966 2641 1029 2686; x_wconf 84' lang='lat' dir='ltr'>(cf.</span> <span class='ocrx_word' id='word_1_295' title='bbox 1055 2639 1225 2682; x_wconf 81' lang='lat' dir='ltr'>Paulus);</span> <span class='ocrx_word' id='word_1_296' title='bbox 1251 2639 1442 2684; x_wconf 86' lang='lat' dir='ltr'>strigosum</span> <span class='ocrx_word' id='word_1_297' title='bbox 1466 2643 1647 2685; x_wconf 72' lang='lat' dir='ltr'>expectes.</span> <span class='ocrx_word' id='word_1_298' title='bbox 1695 2640 1881 2683; x_wconf 83' lang='lat' dir='ltr'>trygonem</span> 
     </span>
     <span class='ocr_line' id='line_1_40' title="bbox 215 2693 1796 2747; baseline -0.005 -9"><span class='ocrx_word' id='word_1_299' title='bbox 215 2703 379 2738; x_wconf 82' lang='lat' dir='ltr'>Gertzz&#39;us</span> <span class='ocrx_word' id='word_1_300' title='bbox 401 2701 466 2747; x_wconf 84' lang='lat' dir='ltr'>(cf.</span> <span class='ocrx_word' id='word_1_301' title='bbox 486 2700 587 2746; x_wconf 86' lang='lat' dir='ltr'>Capt.</span> <span class='ocrx_word' id='word_1_302' title='bbox 615 2701 698 2742; x_wconf 85' lang='grc'>851)</span> <span class='ocrx_word' id='word_1_303' title='bbox 790 2700 854 2733; x_wconf 87' lang='grc'>283</span> <span class='ocrx_word' id='word_1_304' title='bbox 887 2708 944 2732; x_wconf 91' lang='lat' dir='ltr'>me</span> <span class='ocrx_word' id='word_1_305' title='bbox 976 2707 1054 2732; x_wconf 88' lang='lat' dir='ltr'>esse</span> <span class='ocrx_word' id='word_1_306' title='bbox 1084 2696 1196 2731; x_wconf 80' lang='lat' dir='ltr'>fuisse</span> <span class='ocrx_word' id='word_1_307' title='bbox 1226 2694 1303 2730; x_wconf 84' lang='lat' dir='ltr'>CD¹</span> <span class='ocrx_word' id='word_1_308' title='bbox 1395 2695 1542 2730; x_wconf 89' lang='lat' dir='ltr'>credere</span> <span class='ocrx_word' id='word_1_309' title='bbox 1567 2693 1636 2735; x_wconf 87' lang='lat' dir='ltr'>D¹‚</span> <span class='ocrx_word' id='word_1_310' title='bbox 1669 2705 1737 2729; x_wconf 89' lang='lat' dir='ltr'>om.</span> <span class='ocrx_word' id='word_1_311' title='bbox 1766 2693 1796 2730; x_wconf 88' lang='lat' dir='ltr'><em>C</em></span> 
     </span>
     <span class='ocr_line' id='line_1_41' title="bbox 213 2750 1880 2803; baseline -0.005 -9"><span class='ocrx_word' id='word_1_312' title='bbox 213 2761 279 2794; x_wconf 83' lang='lat'>284</span> <span class='ocrx_word' id='word_1_313' title='bbox 303 2769 385 2803; x_wconf 86' lang='lat' dir='ltr'>qum</span> <span class='ocrx_word' id='word_1_314' title='bbox 409 2757 445 2792; x_wconf 90' lang='lat' dir='ltr'><em>B</em></span> <span class='ocrx_word' id='word_1_315' title='bbox 537 2755 811 2799; x_wconf 83' lang='lat' dir='ltr'>archidemidis‚</span> <span class='ocrx_word' id='word_1_316' title='bbox 844 2764 939 2789; x_wconf 83' lang='lat' dir='ltr'>corr.</span> <span class='ocrx_word' id='word_1_317' title='bbox 970 2751 1223 2788; x_wconf 69' lang='lat' dir='ltr'>Fleckeisenus</span> <span class='ocrx_word' id='word_1_318' title='bbox 1360 2753 1425 2785; x_wconf 80' lang='grc'>286</span> <span class='ocrx_word' id='word_1_319' title='bbox 1455 2753 1602 2786; x_wconf 80' lang='lat' dir='ltr'>nostrae</span> <span class='ocrx_word' id='word_1_320' title='bbox 1625 2751 1713 2786; x_wconf 83' lang='lat' dir='ltr'>naui</span> <span class='ocrx_word' id='word_1_321' title='bbox 1742 2750 1880 2786; x_wconf 86' lang='lat' dir='ltr'>lembus</span> 
     </span>
     <span class='ocr_line' id='line_1_42' title="bbox 211 2807 1879 2860; baseline -0.005 -10"><span class='ocrx_word' id='word_1_322' title='bbox 211 2814 372 2860; x_wconf 72' lang='lat' dir='ltr'>Pylades</span> <span class='ocrx_word' id='word_1_323' title='bbox 510 2815 576 2848; x_wconf 87' lang='grc'>292</span> <span class='ocrx_word' id='word_1_324' title='bbox 601 2823 684 2857; x_wconf 90' lang='lat' dir='ltr'>qum</span> <span class='ocrx_word' id='word_1_325' title='bbox 708 2811 744 2847; x_wconf 92' lang='lat' dir='ltr'><em>B</em></span> <span class='ocrx_word' id='word_1_326' title='bbox 882 2813 946 2846; x_wconf 89' lang='grc'>293</span> <span class='ocrx_word' id='word_1_327' title='bbox 971 2810 1117 2846; x_wconf 76' lang='lat' dir='ltr'>tardare</span> <span class='ocrx_word' id='word_1_328' title='bbox 1140 2808 1327 2854; x_wconf 80' lang='lat' dir='ltr'>Hauptz&#39;us</span> <span class='ocrx_word' id='word_1_329' title='bbox 1465 2810 1527 2843; x_wconf 87' lang='grc'>297</span> <span class='ocrx_word' id='word_1_330' title='bbox 1555 2808 1661 2852; x_wconf 88' lang='lat' dir='ltr'>ercle,</span> <span class='ocrx_word' id='word_1_331' title='bbox 1686 2808 1769 2842; x_wconf 80' lang='lat' dir='ltr'>item</span> <span class='ocrx_word' id='word_1_332' title='bbox 1794 2807 1879 2842; x_wconf 86' lang='lat'>310.</span> 
     </span>
     <span class='ocr_line' id='line_1_43' title="bbox 213 2863 1791 2914; baseline -0.004 -9"><span class='ocrx_word' id='word_1_333' title='bbox 213 2871 289 2905; x_wconf 73' lang='lat'>323</span> <span class='ocrx_word' id='word_1_334' title='bbox 306 2869 368 2905; x_wconf 83' lang='lat' dir='ltr'>all.</span> <span class='ocrx_word' id='word_1_335' title='bbox 461 2871 525 2905; x_wconf 86' lang='grc'>299</span> <span class='ocrx_word' id='word_1_336' title='bbox 543 2880 626 2914; x_wconf 87' lang='lat' dir='ltr'>qum</span> <span class='ocrx_word' id='word_1_337' title='bbox 642 2869 690 2912; x_wconf 91' lang='lat' dir='ltr'>B,</span> <span class='ocrx_word' id='word_1_338' title='bbox 707 2878 813 2913; x_wconf 90' lang='lat' dir='ltr'>quom</span> <span class='ocrx_word' id='word_1_339' title='bbox 832 2867 860 2904; x_wconf 87' lang='lat' dir='ltr'><em>C</em></span> <span class='ocrx_word' id='word_1_340' title='bbox 948 2866 1116 2910; x_wconf 85' lang='lat' dir='ltr'>uidimus,</span> <span class='ocrx_word' id='word_1_341' title='bbox 1133 2875 1229 2900; x_wconf 81' lang='lat' dir='ltr'>corr.</span> <span class='ocrx_word' id='word_1_342' title='bbox 1249 2863 1424 2900; x_wconf 81' lang='lat' dir='ltr'>Gruterus</span> <span class='ocrx_word' id='word_1_343' title='bbox 1517 2867 1581 2900; x_wconf 90' lang='grc'>300</span> <span class='ocrx_word' id='word_1_344' title='bbox 1599 2863 1791 2910; x_wconf 80' lang='lat' dir='ltr'>posttridie</span> 
     </span>
    </p>
   </div>
  </div>
 </body>
</html>
