1998 3179
112 81 156 110 IV
173 81 200 115 2,
215 82 317 109 15—41
824 80 1064 117 CVRCVLIO
1690 81 1712 117 3
1720 82 1741 117 2
1748 81 1771 117 9

117 195 206 234 odio
236 201 275 234 et
303 195 404 234 malo
436 201 473 234 et
502 195 715 242 molestiae,
746 194 852 234 bono
883 195 970 235 usui
1002 195 1093 235 estis
1124 195 1233 243 nulli,

115 274 189 302 nec
219 261 418 302 vobiscum
451 263 655 313 quisquam
686 262 725 301 in
756 263 842 301 foro
873 263 977 314 frugi
1008 263 1224 302 consistere
1254 262 1387 311 audet3

116 329 182 380 qui
212 329 399 376 constitit,
431 330 591 381 culpant
621 342 722 378 eum,
754 330 997 381 conspicitur
1026 331 1283 382 vituperatur,

114 409 203 436 eum
234 409 318 436 rem
348 397 542 449 fidemque
573 398 751 449 perdere,
784 403 860 436 tam
892 398 963 437 etsi
996 397 1049 436 nil
1079 398 1182 445 fecit,
1214 398 1336 437 aiunt.

112 465 214 504 LYc.
263 464 415 516 Edepol
444 465 608 505 lenones
639 477 725 504 meo
755 465 885 504 animo
918 466 1070 512 novisti,
1100 465 1220 512 lusce,
1251 465 1388 517 lepide.
1782 472 1840 503 505

111 531 238 572 CVRC.
286 532 434 572 Eodem
466 533 596 572 hercle
624 546 692 572 vos
722 545 828 584 pono
861 539 899 571 et
927 545 1043 584 paro:
1076 533 1268 584 parissimi
1298 533 1389 573 estis
1420 533 1552 573 bibus:

110 599 148 638 hi
179 599 312 638 saltem
345 600 384 639 in
418 601 580 640 occultis
610 600 706 640 locis
737 606 930 651 prostant,
962 613 1028 639 vos
1059 600 1099 638 in
1130 601 1216 639 foro
1248 601 1356 651 ipso;

108 679 177 706 vos
206 667 367 706 faenore
397 667 588 715 homines,
619 668 656 706 hi
689 669 789 707 male
820 668 1018 707 suadendo
1050 673 1088 706 et
1117 667 1248 707 lustris
1277 667 1461 706 lacerant.

109 735 354 785 rogitationis
383 734 569 786 plurimas
601 741 765 786 propter
794 748 861 774 vos
892 735 1060 786 populus
1091 735 1213 781 scivit,

108 814 204 854 quas
232 815 302 841 vos
332 808 484 852 rogatas
514 803 713 854 rumpitis:
745 803 912 853 aliquam
945 803 1125 854 reperitis
1155 803 1313 850 rimam;
1779 809 1838 841 510

109 869 216 920 quasi
247 881 386 920 aquam
420 870 630 909 ferventem
664 871 842 922 frigidam
875 883 969 916 esse,
1002 871 1054 909 ita
1086 883 1153 909 ros
1186 870 1329 922 putatis
1359 870 1477 921 leges.

105 937 207 977 LYC.
256 937 441 977 Tacuisse
471 937 683 977 mavellem.
744 938 871 978 CAPP.
922 938 1008 977 llau
1038 938 1138 977 male
1168 938 1349 977 meditate
1379 938 1589 977 maledicax
1621 951 1673 978 es.

106 1004 233 1045 CVRC.
282 1004 458 1056 Indignis
488 1005 519 1044 si
550 1005 649 1044 male
680 1006 833 1052 dicitur,
864 1006 963 1045 male
995 1005 1141 1045 dictum
1173 1006 1209 1045 id
1242 1018 1326 1045 esse
1357 1006 1459 1053 dico,

105 1084 238 1111 verum
269 1073 301 1111 si
331 1073 459 1124 dignis
489 1073 641 1120 dicitur,
674 1072 776 1112 bene
807 1073 991 1113 dictumst
1020 1086 1105 1113 meo
1138 1074 1292 1125 quidem
1324 1074 1467 1112 animo.

104 1152 175 1190 ego
207 1152 439 1192 mancupem
471 1147 509 1179 te
541 1141 595 1179 nil
627 1153 759 1180 moror
791 1154 863 1180 nec
894 1141 1077 1181 lenonem
1109 1142 1226 1181 alium
1257 1153 1504 1192 quemquam.
1779 1146 1836 1178 515

104 1208 431 1260 Lyco,numquid
449 1207 531 1248 vis?
576 1209 778 1248 LY.Bene
796 1210 890 1248 vale.
933 1209 1005 1250 CV.
1039 1210 1141 1248 Vale.
1187 1210 1262 1249 CA.
1295 1209 1400 1248 Heus
1418 1215 1471 1256 tn,
1489 1208 1559 1248 tibi
1578 1221 1649 1261 ego
1666 1209 1766 1249 dieo.

102 1275 229 1317 Cvssc.
269 1276 476 1330 Eloquere,
500 1277 590 1328 quid
608 1276 691 1316 vis?
736 1277 863 1317 CAPP.
886 1277 1051 1325 Quaeso,
1075 1284 1117 1316 ut
1137 1278 1238 1317 lianc
1256 1289 1381 1325 cures,
1397 1274 1488 1331 (ut)
1508 1277 1609 1316 bene
1626 1276 1765 1316 sitisti.

103 1344 205 1383 bene
236 1357 307 1396 ego
339 1334 450 1384 istam
481 1345 593 1384 eduxi
625 1358 732 1384 meae
772 1346 876 1384 domi
907 1352 946 1384 et
983 1346 1136 1397 pudice.
1197 1346 1324 1386 Cvflc.
1376 1346 1416 1384 Si
1446 1346 1563 1385 huius
1593 1346 1766 1391 miseret,

103 1412 240 1462 ecquid
264 1413 331 1451 das
354 1413 419 1463 qui
436 1413 537 1452 bene
559 1412 636 1452 sit?
681 1413 809 1454 CAPP.
832 1413 988 1453 Malum.
1034 1414 1161 1454 Cch.
1186 1414 1312 1465 Opust
1327 1414 1402 1452 hoc
1418 1414 1485 1465 qui
1506 1420 1544 1453 te
1561 1426 1763 1465 procures.

101 1479 228 1520 CAPP.
279 1480 379 1526 Quid
411 1481 526 1519 stulta
557 1481 715 1532 ploras?
747 1494 796 1520 ne
827 1482 932 1527 time,
964 1482 1065 1521 hene
1097 1482 1228 1521 hercle
1258 1481 1412 1521 vendidi
1444 1484 1516 1534 ego
1548 1488 1606 1531 te;
1777 1484 1834 1516 520

101 1549 161 1587 fac
190 1548 242 1587 sis
272 1549 398 1587 bonae
429 1549 532 1600 frugi
563 1549 652 1596 sies,
682 1561 847 1600 sequere
878 1550 994 1589 istum
1025 1550 1123 1589 bella
1154 1550 1267 1589 belle.

100 1616 203 1657 LYc.
253 1616 478 1664 Summane,
511 1618 701 1668 numquid
733 1618 918 1657 nunciam
950 1631 1011 1657 me
1042 1617 1127 1657 vis?
1186 1618 1313 1659 Cvssc.
1362 1618 1454 1657 Vale
1493 1625 1609 1670 atque
1647 1618 1762 1663 salve,

102 1696 193 1723 nam
223 1691 262 1723 et
291 1697 452 1736 operam
483 1691 520 1724 et
550 1685 756 1736 pecuniam
789 1685 960 1737 benigne
990 1686 1218 1738 praebuisti.

100 1751 203 1793 LYO.
255 1752 425 1791 Salutem
457 1753 618 1792 multam
649 1753 765 1792 dicito
797 1761 976 1805 patrono.
1036 1754 1164 1794 Cch.
1214 1753 1425 1793 Nuntiabo.
1456 1777 1511 1782 —

98 1820 202 1861 LYC.
252 1820 448 1871 Numquid
469 1821 536 1868 vis,
566 1819 686 1860 leno?
746 1821 873 1861 CAPP.
923 1821 1018 1861 Istas
1040 1823 1163 1861 minas
1184 1821 1332 1869 decem,
1364 1822 1431 1873 qui
1452 1834 1514 1860 me
1535 1833 1758 1873 procurem,
1773 1822 1832 1854 525

100 1888 193 1926 dum
223 1888 361 1927 melius
392 1889 440 1928 sit
470 1889 577 1935 mihi,
609 1889 689 1929 des.
748 1890 850 1930 Lm.
900 1889 1122 1937 Dabuntur,
1154 1902 1240 1929 cras
1270 1890 1350 1942 peti
1380 1889 1528 1929 iubeto.
1560 1912 1614 1918 —-

99 1955 230 1997 CAPP.
280 1955 444 2002 Quando
476 1956 577 1996 bene
608 1958 707 2008 gessi
740 1970 834 2003 rem,
864 1958 952 1997 volo
982 1958 1047 1997 hic
1076 1958 1116 1997 in
1150 1959 1240 1997 fano
1272 1958 1508 2010 supplicare.

211 2103 276 2135 503
295 2101 511 2146 conspititur
526 2101 560 2135 Β
571 2101 602 2136 V
603 2128 612 2143 ‚
630 2109 669 2136 uc
685 2102 776 2137 solet
786 2114 858 2148 per
873 2102 967 2137 leam:
982 2102 1147 2147 fabulam
1155 2115 1170 2144 ;
1193 2103 1242 2148 cf.
1259 2103 1464 2148 lVoelfslini
1481 2101 1579 2137 arch.
1597 2102 1630 2143 9,
1642 2102 1715 2136 163

100 2158 164 2191 506
180 2167 270 2201 paro
295 2160 332 2192 et
347 2167 443 2202 pono
460 2156 675 2193 Priscianus
699 2160 736 2200 2,
754 2159 802 2192 10
893 2169 983 2204 paro
1001 2159 1050 2202 cf.
1069 2170 1256 2205 comparo,
1280 2169 1434 2205 δέραν-0,·
1457 2158 1521 2194 sed
1536 2157 1763 2193 scribendum

95 2212 237 2248 videtur
267 2214 367 2259 pari,
398 2214 448 2258 cf.
473 2213 523 2248 acl
551 2213 688 2249 Bacch.
713 2216 810 2249 1109
924 2216 1030 2250 hibus
1065 2220 1243 2251 testantur
1273 2214 1487 2250 Priscianus
1516 2219 1550 2249 et
1577 2214 1763 2250 Charisius

98 2269 156 2311 54,
178 2270 226 2303 19
334 2273 398 2304 5οῖ
422 2270 479 2305 hi:
506 2270 562 2305 his
588 2270 623 2305 B
647 2271 716 2311 (his
741 2271 848 2306 altem
883 2271 930 2315 V)
1036 2282 1126 2308 uoro
1242 2274 1307 2307 508
1332 2281 1394 2306 vos
1420 2270 1544 2317 fenore
1567 2270 1606 2305 hi
1633 2271 1684 2311 (in
1709 2269 1761 2312 E)

95 2325 188 2360 male
211 2326 398 2361 suadendo
423 2329 460 2362 et.
474 2327 600 2362 lustris
616 2327 781 2362 lacerant
804 2327 978 2373 homines,
1004 2340 1098 2364 corr.
1124 2328 1314 2374 Vssinffl'us
1406 2332 1467 2363 511
1488 2327 1715 2363 feruuentem

94 2390 173 2416 esse
194 2381 272 2416 scil.
297 2383 434 2426 putetis
551 2386 614 2419 512
640 2383 682 2419 L.
717 2395 786 2419 om.
818 2384 886 2419 VE
974 2385 1116 2420 mallem
1207 2386 1262 2420 Ln
1293 2385 1330 2419 ἱη
1360 2395 1432 2420 ras.
1459 2384 1511 2418 Β2
1602 2394 1650 2419 au
1674 2382 1757 2424 BE,

94 2439 158 2472 aut
189 2437 222 2472 V
332 2439 540 2474 meditatem
573 2439 622 2482 V,
657 2441 890 2476 meditantem
915 2441 951 2476 E
1063 2446 1126 2477 513
1160 2443 1223 2477 CA.
1259 2440 1326 2476 VE
1437 2441 1529 2475 duco
1563 2439 1759 2474 Lambinus

94 2493 157 2538 (cf.
179 2495 271 2539 680)
363 2498 428 2529 515
447 2495 532 2531 Cvn.
544 2507 686 2542 praem.
712 2496 744 2532 V
745 2496 782 2531 E
872 2509 1012 2534 versum
1029 2503 1114 2534 ante
1130 2499 1206 2533 499
1225 2498 1415 2543 Vssinqins
1429 2497 1564 2544 posuit,
1577 2500 1665 2542 post
1683 2496 1759 2531 504

92 2548 310 2586 Ribbeckius
333 2551 356 2586 l.
374 2562 402 2586 s.
427 2552 496 2586 101
502 2564 517 2593 ,·
541 2552 681 2587 videtur
704 2553 864 2600 scriptus
887 2565 964 2590 esse
987 2554 1031 2589 ab
1056 2566 1097 2590 eo
1122 2556 1187 2600 qm·
1208 2555 1325 2590 omitti
1347 2554 1449 2590 vellet
1473 2565 1502 2589 υ.
1520 2553 1712 2588 499-514

93 2607 157 2640 517
183 2606 269 2651 (ut)
284 2606 444 2653 Pylades
529 2612 594 2644 518
611 2609 693 2644 huis
719 2609 758 2652 V,
784 2611 866 2645 hius
886 2610 922 2644 E
1004 2614 1068 2645 519
1093 2612 1154 2655 qui
1174 2611 1206 2645 B
1218 2622 1290 2656 per
1307 2609 1574 2656 compendium:
1597 2609 1694 2653 quod
1712 2607 1756 2651 Ε,

94 2672 200 2706 quam
224 2662 255 2698 V
277 2665 469 2710 utrubique
539 2676 629 2710 opus
654 2668 710 2701 est
777 2666 845 2701 tibi
869 2669 977 2712 opust
1001 2667 1062 2711 qui
1079 2666 1239 2712 Pylades
1320 2668 1384 2701 523
1409 2677 1556 2711 operam
1577 2667 1659 2712 (mi)
1683 2667 1757 2713 Py-

95 2717 196 2753 lades
287 2723 351 2755 525
376 2721 443 2756 Lx.
470 2732 535 2757 om.
563 2721 632 2756 VE
721 2725 785 2757 526
810 2723 877 2758 Lx.
904 2724 941 2757 in
957 2733 1030 2757 ras.
1050 2722 1118 2757 B2:
1144 2723 1254 2758 Cvnc.
1285 2722 1352 2758 VE
1440 2733 1564 2759 versus
1587 2724 1680 2760 male
1703 2725 1756 2759 in-

93 2773 205 2814 cisus,
237 2775 363 2810 similis
393 2788 485 2812 vinus
508 2777 604 2814 Rncl.
627 2780 728 2814 1296
757 2780 895 2823 (aliter,
926 2789 991 2814 nec
1014 2779 1157 2820 melius,
1188 2780 1287 2815 Asin.
1315 2781 1387 2815 556
1417 2780 1509 2816 Rucl.
1535 2781 1619 2824 318)
1627 2793 1642 2822 ,·
1662 2780 1753 2826 fort.

94 2828 200 2873 dabo,
223 2833 264 2866 tu
281 2841 362 2867 cras
