2018 3183
233 93 316 131 148
977 88 1158 124 PLAVTI
1649 87 1692 115 111
1704 88 1730 119 3.
1751 88 1848 120 92-4,
1867 88 1901 117 21

234 209 343 248 LYD.
395 206 530 245 Melius
560 211 672 251 esset,
703 217 765 243 me
798 215 953 255 quoque
985 214 1061 241 una
1093 202 1123 241 si
1156 215 1243 241 cum
1276 202 1339 241 illo
1372 201 1628 253 relinqueres.

236 276 357 314 PmL.
390 273 555 312 Adfatim
578 279 647 311 est.
679 272 787 310 LYD.
823 270 1070 314 Mnesiloche,
1094 281 1198 316 cura,
1230 270 1277 316 ei,
1300 270 1520 320 concastiga
1542 270 1739 309 hominem
1761 271 1900 322 probe,

238 343 303 393 qui
336 341 541 380 dedecorat
571 347 620 386 tc,
652 351 713 377 me
745 338 969 389 amicosque
1001 337 1095 376 alios
1127 337 1277 388 flagitiis
1307 337 1399 376 suis.

236 410 358 449 PmL.
379 409 420 447 ln
440 415 475 447 te
494 419 565 458 ego
583 407 660 446 hoc
677 418 778 445 onus
789 417 905 444 omne
918 405 1092 456 impono.
1111 404 1228 456 Lyde,
1245 416 1410 455 sequere
1422 405 1492 444 hae
1509 417 1582 445 me.
1603 406 1650 446 L.
1667 407 1898 458 Sequor.—

353 542 488 582 Mmzs.
538 540 801 579 Inimiciorem
834 551 940 578 nunc
973 545 1102 578 utrum
1135 539 1288 578 credam
1322 540 1442 590 magis
1786 541 1900 582 1114

352 609 576 649 sodalemne
607 620 690 647 esse
722 620 769 647 an
803 607 1048 653 Bacchidem,
1081 607 1274 646 incertum
1306 607 1563 646 admodumst.

352 678 459 717 illum
492 677 685 728 exoptavit
716 674 874 727 potius?
906 675 1056 714 habeat.
1104 682 1313 726 optumest.

354 758 404 784 ne
436 745 496 784 illa
528 745 621 784 illud
654 744 783 783 hercle
815 756 903 782 cum
935 744 1036 782 malo
1069 743 1159 781 fecit
1190 755 1283 790 suo;

354 825 443 852 nam
475 813 568 852 mihi
599 812 715 851 divini
749 824 962 862 numquam
995 811 1198 862 quisquam
1231 810 1401 857 creduat‚

355 881 394 920 ni
427 893 499 932 ego
530 880 631 919 illam
663 879 850 930 exemplis
880 878 1072 930 plurumis
1103 878 1298 929 planeque
1329 900 1383 906 —
1414 889 1513 917 amo.

355 960 426 999 ego
458 949 545 987 faxo
577 948 650 986 hau
683 947 782 986 dicet
816 953 966 985 nactam
999 957 1114 996 quem
1147 945 1329 984 derideat.

358 1028 446 1055 nam
477 1016 551 1054 iam
582 1015 739 1054 domum
772 1014 835 1052 ibo
866 1021 982 1064 atque
1014 1036 1067 1041 —
1098 1012 1242 1063 aliquid
1274 1012 1496 1063 surrupiam
1523 1013 1633 1064 patri.

1913 615 1970 649 501

1916 886 1974 919 505

356 1084 392 1122 id
425 1083 486 1123 isti
518 1081 630 1121 dabo.
677 1094 749 1132 ego
780 1082 905 1120 istanc
937 1081 1067 1119 multis
1099 1080 1263 1119 ulciscar
1285 1079 1423 1118 modis.
1901 1088 1976 1122 507²

356 1151 450 1190 adeo
484 1153 554 1200 ego
586 1150 689 1189 illam
720 1160 854 1199 cogam
887 1160 1011 1198 usque
1042 1154 1085 1186 ut
1115 1147 1311 1186 mendicet
1341 1170 1396 1175 —
1426 1159 1536 1186 meus
1565 1153 1686 1199 pater.

356 1219 422 1258 sed
454 1219 577 1258 satine
609 1229 681 1268 ego
713 1217 887 1256 animum
916 1223 1049 1255 mente
1079 1216 1232 1255 sincera
1259 1227 1366 1266 gero,

359 1286 424 1337 qui
455 1287 499 1325 ad
533 1286 639 1324 hunc
670 1285 828 1324 modum
859 1284 955 1323 haec
987 1283 1048 1322 hic
1082 1295 1180 1334 quae
1211 1283 1342 1321 futura
1373 1280 1552 1322 fabulor?

359 1366 445 1393 amo
477 1353 608 1392 hercle
638 1353 770 1404 opino,
803 1358 846 1392 ut
874 1358 966 1404 pote
998 1351 1102 1403 quod
1133 1363 1204 1403 pro
1237 1357 1344 1390 certo
1377 1351 1509 1391 sciam.

358 1433 491 1460 verum
525 1432 640 1472 quam
672 1421 733 1459 illa
763 1432 948 1471 umquam
980 1420 1027 1458 de
1060 1431 1143 1458 mea
1176 1419 1342 1470 pecunia

360 1495 535 1528 ramenta
567 1488 632 1526 fiat
663 1488 819 1540 plumea
850 1487 1098 1539 propensior,

359 1556 583 1596 mendicum
613 1556 742 1595 malim
775 1555 1033 1595 mendicando
1064 1555 1232 1594 vincere.

362 1636 574 1674 numquam
606 1623 746 1675 edepol
775 1623 856 1662 viva
887 1635 949 1661 me
980 1622 1176 1662 inridebit.
1228 1634 1317 1661 nam
1349 1622 1442 1661 mihi

362 1692 600 1732 decretumst
622 1691 885 1731 ‘renumerare
917 1691 992 1729 iam
1024 1703 1142 1729 omne
1173 1703 1311 1729 aurum
1344 1690 1456 1742 patri,

362 1759 480 1810 igitur
509 1760 562 1798 mi
592 1759 699 1798 inani
731 1765 849 1810 atque
880 1758 989 1809 inopi
1020 1757 1339 1797 subblandibitur

363 1833 445 1866 tum
477 1839 596 1878 quom
629 1826 795 1865 blandiri
827 1826 948 1865 nihilo
979 1825 1102 1877 pluris
1132 1827 1288 1872 referet,

363 1907 480 1945 quam
510 1895 542 1933 si
572 1894 618 1933 ad
650 1894 877 1946 sepulcrum
908 1901 1063 1932 mortuo
1097 1905 1232 1932 narres
1262 1894 1384 1944 logos.

363 2010 428 2043 496
459 2008 585 2043 melius
615 2008 727 2043 multo
757 2018 813 2043 me
843 2018 984 2053 quoque
1014 2017 1087 2043 una
1119 2007 1149 2042 si
1182 2017 1263 2042 cum
1286 2007 1355 2042 hoc
1387 2006 1575 2051 reliqueris
1593 2007 1644 2047 A;
1674 2005 1766 2050 fort.
1791 2005 1919 2041 melius

250 2065 362 2101 multo
387 2075 443 2100 me
467 2075 610 2110 quoque
633 2075 707 2100 una
723 2065 828 2100 simul
846 2075 925 2100 cum
942 2065 1004 2100 illo
1020 2064 1222 2109 reliqueris.
1247 2063 1299 2106 cf.
1314 2063 1518 2099 Lorenzius
1542 2062 1591 2098 ad
1607 2061 1714 2097 Most.
1731 2062 1834 2096 1037

251 2125 315 2157 497
343 2124 398 2157 est
421 2132 489 2156 om.
513 2122 545 2156 A
637 2121 730 2156 Lim.
757 2120 1008 2156 Her-mannus:
1035 2133 1102 2156 om.
1127 2120 1196 2156 ΑΡ
1284 2120 1362 2163 iA,
1387 2123 1424 2156 et
1446 2119 1483 2155 P
1617 2121 1682 2154 498
1714 2118 1921 2164 amicosque

254 2177 498 2215 Camerarius:
516 2177 649 2213 amicos
665 2180 773 2222 atque
790 2177 833 2220 P,
851 2178 1003 2213 amicum
1021 2180 1129 2222 atque
1142 2180 1172 2212 Α
1265 2179 1331 2212 499
1349 2180 1445 2212 recto
1458 2175 1537 2212 Ioco
1551 2177 1594 2218 A,
1604 2178 1694 2222 post
1707 2175 1786 2210 495
1799 2173 1835 2210 P

252 2245 336 2280 ergo
361 2233 396 2268 P
528 2234 662 2279 inpone
693 2233 790 2279 (imp.
817 2234 891 2277 CD)
916 2233 950 2268 P
1085 2237 1149 2268 500
1183 2233 1415 2268 Mmzstnocvs
1446 2242 1676 2269 momscnns
1703 2230 1802 2273 BD2,
1825 2235 1919 2277 spat.

251 2291 289 2326 in
314 2289 377 2326 AC
463 2289 699 2326 inimiciorem
715 2291 764 2324 A:
786 2290 1011 2326 immitiorem
1031 2289 1076 2332 B,
1101 2289 1270 2325 immitior
1293 2291 1347 2324 est
1366 2287 1426 2324 CD
1520 2291 1584 2323 502
1597 2290 1796 2333 ,optumum
1819 2290 1876 2324 est
1890 2288 1922 2324 A

252 2347 316 2393 (cs.
342 2345 454 2382 Stich.
474 2347 557 2389 537)
650 2348 713 2380 503
739 2346 777 2389 ni
794 2347 824 2382 A
916 2347 1025 2381 illud:
1051 2346 1088 2380 id
1106 2347 1136 2381 A
1230 2356 1294 2381 suo
1320 2347 1370 2380 A:
1395 2355 1461 2381 suo
1485 2355 1564 2380 meo
1588 2343 1625 2379 P
1713 2347 1779 2379 504
1791 2354 1847 2390 sq.
1872 2345 1922 2389 cf.

254 2404 358 2438 'Ii-uc.
384 2403 458 2437 344
469 2413 524 2448 sq.
618 2405 682 2438 506
707 2402 806 2437 haud
830 2402 865 2437 P
954 2402 1120 2438 derideat
1145 2401 1194 2436 P:
1216 2402 1405 2445 deluderet
1424 2401 1477 2442 Α,·
1500 2401 1551 2446 cf.
1578 2401 1663 2438 864.
1689 2399 1795 2436 Truc.
1819 2400 1924 2442 280,-

252 2459 348 2494 Rud.
371 2459 480 2500 1387,
505 2458 618 2495 Poen.
643 2460 745 2494 1287
845 2462 1023 2494 507—508
1051 2469 1122 2493 uno
1148 2469 1252 2492 versu
1273 2467 1356 2492 nam
1387 2457 1459 2492 iam
1491 2457 1633 2492 domum
1657 2457 1718 2493 ibo
1742 2459 1851 2501 atque
1882 2459 1923 2492 ut

252 2515 434 2551 mendicet
461 2526 563 2551 meus
593 2520 698 2561 pater
726 2516 882 2557 (omissis
909 2526 1002 2561 quae
1026 2514 1251 2550 intercedunt
1275 2519 1431 2560 propter
1459 2516 1568 2558 atque
1591 2517 1627 2548 et
1649 2513 1777 2558 usque)
1801 2515 1833 2548 A

253 2574 319 2606 508
349 2571 440 2607 adeo
470 2582 543 2607 non
574 2572 785 2618 qualitatem
816 2570 954 2606 iudicat
985 2571 1047 2615 (cf.
1074 2570 1270 2615 Lanyenus
1299 2570 1410 2616 symb.
1435 2570 1514 2610 141)
1545 2568 1609 2604 secl
1644 2569 1833 2604 terminum

255 2631 316 2664 511
346 2628 474 2673 opinor
498 2628 568 2663 ΑΡ
699 2631 764 2663 513
788 2627 854 2663 fiat
878 2626 964 2661 AP:
986 2627 1070 2662 fiam
1097 2627 1239 2662 Nonius
1262 2627 1342 2660 222
1478 2626 1622 2671 plumea
1646 2624 1731 2660 AP:
1755 2625 1925 2670 plumbea

255 2685 396 2721 Nonius
512 2687 576 2720 516
602 2694 740 2720 omnem
764 2685 795 2719 A
888 2686 952 2718 518
977 2685 1053 2718 tum
1077 2693 1184 2728 quom
1208 2682 1364 2717 blandiri
1388 2682 1502 2717 nihilo
1534 2681 1647 2727 pluris
1679 2680 1815 2716 referet
1839 2679 1923 2716 Nie-

255 2752 440 2787 meyerus,
471 2741 769 2776 Braclzmannus:
801 2743 879 2775 tum
906 2750 1012 2784 quom
1041 2739 1154 2774 nihilo
1184 2739 1299 2784 pluris
1331 2739 1418 2773 mihi
1452 2738 1608 2773 blandiri
1638 2736 1752 2772 refert
1776 2740 1817 2778 A,
1846 2739 1923 2772 tum

257 2808 338 2833 cum
361 2798 449 2832 mihi
470 2797 583 2833 nihilo
607 2797 722 2842 pluris
746 2796 881 2832 referet
903 2795 937 2830 P
1050 2800 1113 2831 519
1139 2805 1264 2830 narres
1287 2795 1387 2839 logos
1411 2796 1459 2829 A:
1485 2794 1584 2829 dicat
1606 2794 1726 2829 iocum
1750 2791 1802 2834 P;
1831 2792 1869 2826 in
1892 2793 1924 2827 A

256 2854 348 2898 fort.
373 2855 447 2898 fuit
470 2856 606 2898 narret,
629 2853 693 2888 sed
715 2854 766 2898 cf.
794 2852 925 2888 Pseud.
950 2853 1026 2887 102
1053 2851 1149 2886 Trin.
1174 2852 1248 2887 410

1923 1291 1979 1324 510

1927 1630 1983 1663 515
