1998 3179
75 104 105 131 v
121 105 147 137 3,
161 103 262 132 28-51
783 99 1023 135 CVRCVLIO
1649 97 1728 134 337

75 216 242 263 dicendi,
275 228 355 254 non
387 228 470 254 rem
500 214 689 266 perdendi
719 214 841 265 gratia
871 215 968 253 haec
1000 219 1086 252 nata
1119 218 1177 252 est
1205 212 1311 251 mihi.
1366 182 1401 213 μ

73 284 152 324 ΡΗ.
192 283 294 322 Nihil
313 283 403 334 agit,
425 281 568 321 collum
591 281 792 333 obstringe
814 281 975 320 homini.
1025 280 1098 321 CA.
1140 280 1218 318 Iam
1242 279 1315 318 iam
1340 279 1474 318 faciam
1495 285 1539 318 ut
1559 279 1731 319 iusseris.

73 351 210 391 THER.
246 350 412 395 Quando
427 348 629 388 virbonus
646 361 699 396 es,
720 348 915 399 responde
931 348 1035 399 quod
1053 360 1163 399 rogo.
1199 346 1326 387 CAPP.
1364 347 1470 398 Roga
1487 347 1590 398 quod
1610 345 1732 386 lubet.

73 418 211 458 THER.
260 417 486 463 Promistin‚
516 417 548 456 si
579 415 727 454 liberali
759 416 965 466 quisquam
996 416 1097 454 hanc
1127 421 1316 454 assereret
1348 427 1480 467 manu,
1657 415 1668 426 ⁸

74 491 112 524 te
143 496 261 523 omne
291 490 499 534 argentum
527 480 799 522 redditurum?
857 482 985 523 CAPP.
1035 483 1120 521 Non
1151 482 1403 521 commemini
1434 481 1576 520 dicere.
1745 492 1802 523 710

72 552 211 592 ΤΗἙΒ.
242 549 373 597 Quid?
389 549 536 602 negas?
557 549 685 590 CAPP.
716 549 824 600 Nego
842 550 971 589 hercle
987 562 1092 588 vero.
1115 561 1192 600 quo
1210 547 1445 600 praesente?
1462 561 1540 600 quo
1558 548 1598 587 in
1615 545 1734 587 loco?

74 619 211 659 THER.
260 618 321 657 Me
352 618 436 669 ipso
468 623 676 669 praesente
708 622 746 655 et
776 617 934 669 Lycone
964 616 1163 668 tarpezita.
1224 616 1350 657 CAPP.
1399 617 1486 656 Non
1517 613 1649 655 taces?

74 686 211 727 THER.
262 685 349 724 Non
381 693 503 724 taceo.
564 683 691 725 CAPP.
742 685 827 723 Non
859 696 932 734 ego
963 690 1001 723 te
1031 684 1143 723 flocci
1175 683 1295 730 facio;
1328 696 1377 722 ne
1408 696 1470 722 me
1500 683 1669 722 territes.

74 753 210 794 THER.
260 752 321 791 Me
342 753 428 804 ipso
449 758 656 804 praesente
678 756 715 790 et
735 751 894 803 Lycone
916 751 1060 790 factum
1083 758 1152 790 est.
1192 751 1361 791 PHAED.
1403 751 1501 790 Satis
1519 749 1635 790 credo
1652 748 1734 788 tibi.

75 834 184 860 nunc
214 821 322 868 adeo,
353 826 397 859 ut
425 826 468 858 tu
498 819 597 858 scire
627 819 765 870 possis,
797 818 900 865 leno,
931 831 1054 857 meam
1085 807 1340 857 sententiam:
1749 830 1805 861 715

76 888 198 928 libera
229 888 324 927 haec
356 892 426 932 est,
457 887 520 926 hic
550 886 665 925 huius
694 886 815 924 frater
845 892 914 932 est,
944 885 1040 924 haec
1072 893 1201 925 autem
1232 886 1334 925 illius
1365 897 1488 936 soror,
1520 894 1545 926 -t-

74 956 171 995 haec
201 955 294 994 mihi
324 954 470 993 nubet:
500 959 543 993 tu
573 953 664 993 huic
693 959 899 1004 argentum
930 953 1060 992 redde.
1120 953 1195 992 hoc
1226 953 1409 992 iudicium
1442 964 1573 991 meum
1603 958 1674 991 est.

75 1023 213 1062 THER.
262 1022 320 1061 Tu
354 1028 483 1061 autem
514 1022 553 1060 in
587 1033 706 1060 nervo
739 1021 811 1059 iam
844 1020 1000 1065 iacebis,
1033 1020 1106 1059 nisi
1139 1021 1189 1059 mi
1221 1028 1426 1071 argentum
1458 1020 1646 1059 redditur.

75 1090 203 1131 CAPP.
254 1090 392 1129 Hercle
422 1090 534 1129 istam
565 1101 648 1128 rem
679 1088 855 1127 iudicasti
886 1088 1107 1139 perfidiose,
1141 1088 1394 1127 Phaedrome.

76 1165 115 1197 et
143 1158 214 1197 tibi
245 1157 373 1196 oberit
402 1163 439 1196 et
468 1163 520 1202 te,
551 1156 674 1197 miles.
706 1155 743 1194 di
774 1156 947 1206 deaeque
978 1155 1174 1206 perduint.
1751 1168 1806 1200 720

77 1233 120 1265 tu
149 1238 212 1265 me
243 1237 422 1276 sequere.
481 1224 618 1263 THER.
669 1223 756 1268 Quo
787 1235 929 1273 sequar
958 1221 1024 1262 te?
1083 1223 1210 1263 CAPP.
1261 1223 1315 1261 Ad
1349 1222 1576 1274 trapezitam
1606 1233 1738 1261 meum

77 1294 120 1331 ad
154 1300 389 1345 praetorem.
450 1303 538 1330 nam
571 1291 661 1330 inde
692 1303 775 1329 rem
805 1290 911 1329 solvo
944 1290 1127 1330 omnibus
1158 1289 1301 1341 quibus
1332 1289 1467 1329 debeo.

77 1361 214 1400 THER.
263 1359 346 1411 Ego
377 1367 415 1398 te
446 1359 484 1398 in
519 1370 702 1404 nervom,
734 1358 833 1396 haud
867 1358 912 1396 ad
943 1364 1169 1409 praetorem
1200 1358 1292 1396 hinc
1324 1358 1492 1409 rapiam,
1526 1357 1566 1396 ni
1597 1369 1739 1409 argen-

1222 1432 1306 1464 tum
1336 1427 1471 1464 refers.

77 1494 204 1535 CAPP.
254 1494 337 1546 Ego
368 1499 405 1532 te
435 1494 686 1532 vehementer
715 1493 845 1544 perire
876 1492 1005 1543 cupio,
1039 1505 1088 1531 110
1119 1499 1160 1530 tu
1193 1491 1284 1545 [me]
1318 1493 1479 1532 nescias.

76 1562 213 1602 THER.
271 1561 380 1600 Itane
419 1559 539 1600 vero?
607 1560 734 1601 CAPP.
794 1559 849 1599 Ita
888 1559 1018 1599 hercle
1057 1572 1162 1599 vero.
1230 1560 1366 1601 THER.
1426 1561 1520 1599 Novi
1558 1572 1630 1611 ego
1669 1559 1742 1598 hos

1163 1640 1319 1679 pugnos
1350 1641 1471 1667 meos.
1755 1640 1811 1672 725

77 1696 204 1738 CAPP.
254 1696 352 1742 Quid
381 1694 493 1735 tum?
552 1696 689 1735 THER.
740 1695 842 1741 Quid
876 1702 971 1742 tum,
1003 1694 1177 1748 rogitas?
1208 1696 1314 1735 hisce
1345 1707 1429 1745 ego,
1461 1695 1492 1734 si
1523 1701 1566 1734 tu
1597 1706 1658 1733 me
1689 1693 1742 1732 ir-

1278 1763 1466 1808 rimaveris,

78 1831 272 1882 placidum
290 1837 327 1870 te
343 1830 458 1870 hodie
475 1831 646 1869 reddam.
683 1830 810 1871 CAPP.
847 1831 929 1882 Age
947 1843 1054 1883 ergo,
1077 1831 1209 1882 recipe
1226 1833 1412 1869 actutum.
1447 1830 1585 1870 THER.
1621 1829 1744 1868 Licet.

78 1899 247 1940 PHAED.
297 1898 369 1945 Tu,
401 1898 524 1949 miles,
555 1899 657 1949 apud
689 1910 750 1937 me
783 1898 954 1937 cenabis.
1015 1898 1128 1937 hodie
1160 1899 1257 1937 fient
1288 1898 1460 1950 nuptiae.

78 1967 214 2007 THER.
263 1966 370 2012 Quae
402 1978 466 2004 res
497 1965 597 2004 bene
627 1972 753 2004 vortat
784 1966 834 2004 mi
866 1972 905 2005 et
934 1965 1055 2004 vobis.
1173 1971 1427 2017 spectatores,
1458 1963 1643 2016 plaudite.

193 2101 258 2133 706
282 2099 400 2143 gratia
422 2099 513 2133 haec
540 2098 608 2132 B2:
632 2099 723 2134 haec
747 2099 866 2142 gratia
898 2097 983 2141 VE,
1007 2099 1124 2143 gratia
1150 2098 1200 2133 B¹
1317 2102 1380 2133 707
1406 2097 1474 2133 PH.
1500 2096 1560 2132 L..-
1583 2096 1654 2131 ΤΗ.

81 2155 166 2190 Cu».
193 2154 302 2189 Pe'us:
333 2155 402 2190 PH.
518 2157 582 2189 708
613 2153 724 2199 (hoc)
755 2155 852 2199 quod
880 2154 1158 2195 mech-cesenas,-
1189 2155 1239 2199 cf.
1272 2154 1402 2190 Pseud.
1431 2154 1507 2189 967
1534 2152 1630 2188 Ruti.
1653 2153 1748 2191 124,-

80 2210 243 2246 Baolzius
258 2211 296 2245 in
315 2210 556 2246 Scudemundz'
575 2210 669 2245 stud.
695 2212 733 2252 2,
751 2211 824 2245 165
914 2211 1000 2255 quid
1021 2211 1122 2246 iubet
1143 2210 1229 2253 VE,·
1246 2211 1342 2255 quod
1357 2216 1442 2255 post
1458 2210 1555 2255 quod
1570 2219 1657 2252 rogo

82 2269 145 2302 '109
169 2266 391 2312 promisistin
424 2266 492 2302 1⁷13
559 2271 577 2301 ἰ’
584 2271 623 2302 10
649 2268 824 2303 commeni
842 2267 877 2302 B
970 2270 1034 2303 712
1061 2268 1168 2303 Cvno.
1188 2278 1332 2314 praem.
1351 2266 1385 2300 B
1477 2266 1658 2311 trapezita

81 2325 146 2358 713
173 2322 260 2358 Ta:
294 2323 404 2358 Cvnc.
433 2323 467 2357 Β
560 2323 644 2358 GAP.
672 2334 740 2358 om.
835 2326 900 2358 714
926 2323 993 2358 ΤΗ,
1023 2334 1089 2359 om.
1185 2326 1249 2358 716
1280 2323 1395 2358 illius:
1430 2322 1539 2357 huius
1569 2320 1747 2357 Luchse‘us

81 2379 118 2413 in
142 2378 299 2414 scudem.
325 2379 417 2415 stud.
441 2380 473 2421 1,
492 2380 570 2414 360
586 2391 652 2425 sq„
677 2379 727 2424 cf.
746 2378 909 2414 Baebius
933 2380 977 2414 ib.
995 2381 1032 2422 2,
1051 2381 1148 2421 343,·
1170 2380 1262 2425 fort.
1288 2380 1403 2414 libera.
1427 2379 1528 2421 haec,
1553 2377 1614 2413 hic
1637 2377 1746 2412 huius

82 2435 195 2471 frater
217 2438 290 2479 est,
319 2437 410 2471 haec
442 2439 563 2472 autem
592 2436 700 2471 huius
725 2438 780 2471 est
803 2446 906 2472 soror
1021 2439 1085 2472 718
1104 2441 1195 2483 post
1222 2436 1296 2470 720
1320 2435 1445 2481 posuit
1470 2433 1657 2469 Acidalius

83 2494 147 2526 720
163 2492 334 2537 perdiunt
346 2491 382 2526 B
393 2491 423 2525 V
515 2495 578 2527 723
596 2502 709 2528 neruo
801 2493 840 2527 ni
858 2492 912 2527 B:
928 2492 966 2527 in
986 2491 1057 2527 VE
1147 2495 1212 2527 724
1230 2494 1309 2534 [me]
1331 2491 1478 2527 Guietus
1569 2493 1634 2525 726
1652 2493 1747 2526 tum:

81 2549 122 2582 tu
153 2546 223 2581 VE
243 2547 436 2593 utrubique
552 2551 614 2583 727
643 2548 712 2583 ΤΗ.
738 2547 913 2595 Pylades:
946 2549 1013 2583 PH.
1129 2548 1262 2593 recipe.
1289 2548 1358 2583 ΤΗ.
1390 2549 1428 2582 at
1459 2548 1634 2582 actutum.
1660 2546 1746 2582 CAP.

81 2602 167 2639 licet
191 2603 380 2649 Vssinqius
472 2607 536 2639 728
561 2604 628 2639 ΡΗ.
648 2604 825 2649 Pylades.-
851 2615 920 2640 om.
1015 2607 1079 2639 729
1103 2611 1188 2640 ante
1210 2598 1434 2649 spectatores
1455 2602 1612 2648 spatium
1637 2601 1707 2637 VE

82 2659 246 2703 plaudite
270 2673 308 2697 ς.·
336 2661 499 2706 plaudite
527 2661 692 2706 plaudite
805 2661 950 2696 van
981 2671 1157 2696 cvncvmo
1189 2671 1360 2696 zxpmcrr
1395 2658 1514 2694 ΓΕΒ2

152 2921 276 2950 Plautus
296 2923 319 2950 Ι.
1433 2919 1474 2951 22
