1998 3179
61 84 93 111 ΙΙ
104 84 132 118 2,
150 84 252 112 70—94
743 78 1034 115 AMPHITRVO
1665 80 1715 117 31

61 197 209 237 ΑΜΡΗ.
257 196 383 235 Etiam
417 201 456 234 tu
487 206 644 246 quoque
674 193 889 233 adsentaris
919 191 1037 232 huic?
1095 193 1185 233 Sos.
1227 193 1327 238 Quid
1358 192 1413 233 vis
1442 191 1558 232 fieri?

64 278 142 305 non
173 270 215 304 tu
245 261 350 303 scis?
380 262 552 302 Bacchae
582 261 786 300 bacchanti
817 261 849 300 si
880 261 972 300 velis
1001 260 1254 307 advorsarier‚

62 345 108 371 ex
140 333 278 372 insana
308 331 546 370 insaniorem
577 329 707 375 facies,
739 329 853 368 feriet
881 329 1056 379 saepius3

60 401 92 441 si
123 399 352 451 obsequare‚
382 410 462 437 una
490 397 659 436 resolvas
688 397 812 448 plaga.
868 396 1016 436 AMPH.
1064 397 1112 435 At
1142 395 1208 447 pol
1240 395 1305 445 qui
1335 401 1441 434 certa
1471 407 1534 434 res
1729 403 1784 435 705

58 468 160 506 hanc
190 472 248 506 est
279 466 497 517 obiurgare,
528 477 626 516 quac
655 476 718 502 me
747 464 861 502 hodie
890 464 1157 502 advenientem
1189 463 1347 501 domum

59 535 229 574 noluerit
258 533 435 572 salutare.
493 532 582 572 Sos.
630 531 814 570 Inritabis
843 531 1068 569 crabrones.
1126 530 1273 570 AMPH.
1322 530 1436 568 Tace.

57 602 281 649 Alcumena,
312 613 434 640 unum
465 612 603 650 rogare
633 605 671 638 te
701 599 800 638 volo.
858 598 962 639 ALC.
1013 598 1113 644 Quid
1145 598 1201 637 vis
1232 611 1338 649 roga.

56 668 203 708 AMPH.
251 668 351 707 Num
381 667 452 706 tihi
482 673 548 706 aut
576 667 737 706 stultitia
768 667 930 705 accessit
960 672 1027 704 aut
1055 672 1213 717 superat
1243 664 1455 716 superbia?

55 735 158 776 Am.
208 735 284 782 Qui
313 736 413 775 istuc
443 735 482 774 in
514 740 723 773 mentemst
751 733 822 773 tibi
853 746 899 772 ex
929 746 1004 779 me,
1037 733 1088 771 mi
1119 733 1188 779 vir,
1220 731 1518 784 percontarier?
1727 739 1782 771 710

54 803 201 844 AMPH.
250 803 349 849 Quia
377 803 542 842 salutare
573 801 842 841 advenientem
872 814 934 840 me
964 800 1117 840 solebas
1146 801 1339 848 antidhac‚

55 871 263 922 appellare,
293 871 426 910 itidem
457 878 500 909 ut
529 870 693 922 pudicae
724 882 815 909 suos
844 869 947 908 viros
977 881 1077 920 quae
1107 876 1200 908 sunt
1229 869 1368 908 solent.

54 951 100 978 eo
131 951 240 978 more
271 945 469 990 expertem
500 944 538 977 te
568 938 706 977 factam
739 937 949 976 adveniens
978 937 1124 975 offendi
1155 936 1271 975 domi.

52 1006 156 1047 ALC.
205 1006 366 1046 Ecastor
396 1005 574 1057 equidem
605 1011 642 1043 te
673 1011 780 1044 certo
812 1004 896 1043 heri
927 1004 1196 1043 advenientem
1226 1003 1327 1051 ilico,

54 1081 92 1113 et
121 1073 280 1113 salutavi
311 1081 349 1113 et
379 1074 616 1112 valuissesne
648 1085 771 1123 usque
803 1072 988 1123 exquisivi
1020 1072 1148 1118 simul,
1723 1077 1777 1109 715

52 1142 105 1180 mi
136 1142 203 1188 vir,
235 1148 273 1180 et
301 1153 461 1180 manum
491 1140 681 1192 prehendi
712 1147 750 1178 et
779 1140 954 1179 osculum
985 1139 1096 1178 tetuli
1127 1138 1209 1178 tibi.

52 1209 141 1249 Sos.
190 1209 278 1248 Tun
309 1209 395 1248 heri
424 1209 531 1247 hunc
561 1206 799 1247 salutavisti?
857 1209 960 1247 ALC.
1011 1207 1060 1246 Et
1089 1214 1126 1245 te
1157 1219 1315 1258 quoque
1344 1207 1473 1255 etiam,
1505 1208 1626 1248 Sosia.

51 1277 140 1317 Sos.
189 1276 434 1328 Amphitruo,
465 1276 614 1328 speravi
644 1288 716 1326 ego
748 1276 858 1314 istam
888 1275 956 1313 tibi
988 1275 1198 1326 parituram
1230 1275 1372 1322 filium;

50 1356 184 1383 verum
215 1356 294 1383 non
328 1351 386 1383 est
414 1356 537 1395 puero
568 1343 734 1394 gravida.
793 1342 939 1381 ΑΜΡΗ.
989 1342 1091 1388 Quid
1122 1340 1268 1392 igitur?
1326 1342 1415 1383 Sos.
1466 1343 1633 1383 Insania.

48 1412 152 1452 ALC.
201 1411 392 1462 Equidem
422 1423 515 1450 sana
545 1422 631 1449 sum
663 1416 702 1448 et
731 1410 825 1449 deos
854 1421 1013 1460 quaem,
1045 1416 1087 1448 ut
1118 1409 1216 1448 salva
1248 1411 1394 1460 pariam
1426 1410 1561 1450 filium.
1723 1415 1778 1447 720

48 1491 182 1518 verum
211 1485 254 1517 tu
283 1478 427 1517 malum
459 1481 642 1530 magnum
675 1477 848 1524 habebis,
880 1477 911 1516 si
943 1477 1006 1516 hic
1035 1489 1148 1516 suom
1181 1478 1351 1516 officium
1386 1478 1495 1517 facit:

48 1546 96 1585 ob
127 1547 228 1586 istuc
259 1558 389 1593 omen,
421 1545 630 1592 ominator‚
663 1545 792 1597 capies
823 1545 927 1596 quod
959 1552 996 1583 te
1027 1545 1229 1584 condecet.

46 1613 135 1654 Sos.
187 1614 301 1653 Enim
331 1626 423 1653 vero
454 1614 655 1665 praegnati
687 1619 842 1664 oportet
873 1619 911 1651 et
941 1613 1084 1652 malum
1115 1620 1154 1652 et
1183 1613 1326 1652 malum
1357 1614 1454 1661 dari,

46 1689 89 1720 ut
118 1682 221 1732 quod
254 1681 417 1720 obrodat
446 1682 506 1727 sit,
538 1683 668 1720 animo
699 1681 730 1720 si
760 1681 860 1719 male
890 1693 974 1720 esse
1006 1682 1214 1732 occeperit.

44 1748 191 1788 AMPH.
231 1748 291 1787 Tu
311 1761 374 1788 me
394 1748 479 1787 heri
500 1749 562 1787 hic
582 1747 738 1788 vidisti?
795 1748 899 1789 Am.
950 1748 1046 1799 Ego,
1078 1749 1252 1799 inquam,
1284 1749 1314 1788 si
1336 1749 1392 1788 vis
1412 1749 1541 1789 decies
1563 1750 1704 1789 dicere.
1719 1754 1776 1785 725

45 1815 131 1856 AM.
154 1816 196 1854 ln
213 1817 362 1856 somnis
378 1817 554 1856 fortasse.
585 1816 664 1856 AL.
687 1816 809 1854 Immo
827 1815 988 1867 vigilans
1004 1816 1238 1867 vigilantem.
1269 1816 1356 1857 AM.
1378 1816 1423 1855 Ei
1441 1817 1582 1856 misero
1599 1818 1707 1857 mibi.

159 1941 223 1973 702
253 1938 297 1974 de
325 1940 410 1974 huic
443 1938 616 1984 bisyllabo
641 1939 692 1983 cf.
718 1938 962 1974 Buechelerus
985 1939 1072 1973 decl.
1099 1939 1158 1973 lat.
1187 1942 1249 1973 115
1285 1939 1358 1984 W,
1386 1939 1584 1976 Muellerus
1606 1951 1706 1986 pros.

45 1995 112 2028 468
127 2004 196 2040 sq„
219 1994 303 2030 add.
330 1996 394 2029 131
531 1998 595 2029 705
626 1996 804 2039 obsequar
834 1994 939 2038 suna,
970 2006 1064 2030 corr.
1092 1995 1341 2037 Camerare'us,·
1373 1996 1422 2041 cf.
1451 1999 1524 2031 151.
1551 1997 1618 2030 906

47 2053 111 2085 706
136 2051 326 2095 obuirgare
352 2051 398 2092 B,
423 2051 614 2095 adiurgare
640 2050 675 2085 E
681 2064 695 2091 ‚·
717 2051 811 2086 hanc
843 2051 1082 2094 obiurigarest
1107 2051 1323 2087 Ritscleelius
1421 2056 1484 2087 707
1512 2053 1706 2088 crabrones

45 2105 142 2149 DE2,
166 2106 309 2142 Nom'us
323 2108 387 2141 31:
412 2107 586 2142 crabones
607 2106 692 2142 ΒΕ1
808 2110 872 2142 708
895 2119 983 2152 roga
1006 2107 1138 2142 Aldus:
1161 2119 1289 2153 rogare
1305 2119 1394 2153 roga,
1509 2112 1572 2143 709
1597 2120 1706 2153 nunc,

43 2173 140 2198 corr.
167 2163 394 2199 Camerarius
486 2166 550 2197 710
574 2166 692 2199 mente
717 2166 784 2208 est,
810 2165 891 2198 item
912 2164 1056 2198 A'onz'us
1079 2167 1134 2206 44,
1160 2175 1255 2200 corr.
1281 2177 1300 2201 ς
1391 2176 1437 2200 ex
1460 2176 1516 2200 me
1540 2165 1705 2200 Nonius:

44 2229 113 2253 om.
208 2222 269 2254 711
298 2219 398 2263 quia:
425 2219 509 2264 quia.
532 2219 563 2254 si
586 2218 624 2253 E
734 2222 819 2254 ante
842 2221 911 2254 hac
935 2220 987 2254 B¹
1081 2223 1144 2255 713
1171 2225 1353 2265 expertem
1377 2224 1430 2256 te:
1457 2224 1604 2266 experte
1629 2221 1705 2256 No-

42 2275 125 2309 nius
136 2276 202 2309 359
272 2278 337 2309 714
350 2275 492 2320 quidem
506 2274 633 2311 B¹DE
720 2276 797 2310 heri
810 2275 928 2320 (huc)
940 2275 1139 2312 Muellerus
1229 2278 1325 2312 illico
1340 2276 1413 2311 DE
1503 2281 1564 2313 717
1580 2279 1703 2312 AMPH.

42 2332 79 2365 et
96 2330 166 2365 DE
255 2334 320 2366 718
337 2323 664 2378 proceleumaticus
685 2332 862 2377 frequens
880 2332 948 2367 leoc
965 2343 1088 2368 versus
1106 2333 1185 2368 loco
1280 2337 1344 2368 719
1369 2334 1455 2378 quid
1479 2334 1529 2378 cf.
1547 2335 1614 2368 878

42 2387 124 2422 item
146 2387 288 2433 syllaba
316 2399 450 2434 anceps
473 2389 510 2423 in
531 2399 691 2434 persona
714 2394 853 2424 mutata
882 2394 965 2424 ante
995 2390 1156 2424 ultimum
1185 2394 1335 2425 metrum
1367 2391 1478 2426 Mero.
1503 2391 1569 2424 901
1594 2389 1702 2430 (Rud.

41 2444 122 2485 975)
137 2444 204 2478 934
227 2443 318 2486 (Mil.
338 2445 437 2486 1316)
460 2443 563 2480 Pers.
580 2445 647 2478 482
670 2443 780 2480 Poen.
797 2446 863 2478 722
888 2444 920 2478 Τ
917 2446 984 2480 rin.
1003 2448 1079 2481 585.
1107 2448 1214 2487 1185,·
1237 2447 1287 2492 cf.
1308 2446 1418 2482 Mero.
1436 2448 1514 2487 490,
1529 2446 1580 2481 acl
1602 2447 1701 2481 Asin.

41 2499 119 2534 250.
143 2500 211 2534 828
219 2512 234 2540 ;
256 2499 353 2535 Men.
378 2501 443 2534 921
537 2499 685 2536 Servius
708 2504 796 2535 Aen.
822 2503 855 2542 4,
879 2502 946 2535 229
969 2501 1026 2536 Pl.
1051 2503 1090 2537 in
1113 2504 1264 2548 Amph.:
1290 2514 1381 2538 uxor
1404 2506 1469 2538 tua
1492 2512 1566 2537 non
1589 2513 1702 2547 puero

43 2556 107 2590 sed
129 2559 231 2602 peste
254 2557 402 2601 gravida
427 2560 482 2592 est
573 2559 637 2591 722
655 2567 733 2592 ame
749 2557 954 2593 nominator
970 2558 1044 2593 BE
1133 2560 1307 2594 concedet
1401 2562 1463 2593 723
1480 2570 1556 2593 rem
1580 2565 1702 2593 notam

42 2616 76 2646 et
98 2611 168 2646 huo
190 2614 335 2648 omnino
359 2624 434 2648 non
452 2614 704 2659 pertinentem,
724 2618 948 2660 praeqnates
967 2625 1160 2661 pomorum
1178 2615 1330 2661 cupidas
1347 2626 1432 2657 esse,
1453 2625 1519 2650 cur
1543 2614 1703 2661 adferat,

42 2667 150 2702 verba
172 2669 402 2715 impudenter
429 2669 567 2704 inserta
596 2673 632 2704 et
660 2669 794 2704 malum
823 2674 858 2706 et
892 2671 1084 2705 ostendunt
1095 2684 1110 2712 ;
1139 2683 1242 2717 quem
1272 2673 1389 2706 iocum
1412 2672 1577 2717 sequenti
1598 2682 1702 2706 versu

41 2725 195 2769 repetita
200 2727 466 2771 paronomasia
479 2730 582 2761 caute
594 2726 765 2762 inlustrat
857 2729 920 2761 726
938 2732 976 2762 ut
993 2728 1124 2773 leqitur
1143 2739 1273 2769 versus,
1291 2729 1396 2763 immo
1410 2727 1609 2774 corripitur
1619 2729 1703 2762 item

41 2787 82 2817 ut
99 2781 182 2816 aliis
197 2781 285 2817 locis
306 2792 377 2817 non
394 2788 489 2818 recte
503 2782 660 2818 traditur
677 2784 742 2828 (cf.
759 2782 957 2818 Muellerus
970 2794 1071 2829 pros.
1090 2786 1155 2818 439
1171 2788 1259 2829 sq.);
1274 2786 1365 2830 fort.
1383 2785 1421 2820 in
1437 2783 1570 2819 somnis
1583 2784 1704 2824 credo,

42 2838 92 2882 cf.
110 2836 362 2873 Fleckeisenus
378 2850 463 2874 ann.
482 2839 580 2881 1894,
597 2840 664 2874 286
755 2839 789 2874 ei
805 2838 1077 2875 Fleckeisenus:
1102 2851 1187 2884 uae3
1213 2841 1263 2886 cf.
1283 2846 1433 2888 praeter
1449 2841 1524 2876 alia
1543 2840 1621 2877 Cas.
1635 2841 1702 2874 848
