2018 3183
241 113 325 150 402
987 108 1170 144 PLAVTI
1707 109 1749 137 111
1767 109 1794 142 2,
1806 109 1908 137 27—52

242 226 367 267 fecisti
398 227 518 282 funus
549 225 635 264 med
667 224 829 263 ahsente
860 223 1040 276 prandio.

243 308 315 335 cur
346 293 476 334 ausu's
507 294 649 340 facere,
684 291 776 342 quoi
808 304 881 343 ego
912 303 1036 342 aeque
1065 291 1183 330 heres
1214 289 1352 330 eram?

241 362 358 403 ΜΕΝ.
409 361 666 413 Adulescens,
698 371 858 411 quaeso,
891 358 982 410 quid
1014 357 1082 397 tibi
1115 370 1268 398 mecum
1300 364 1358 397 est
1387 358 1456 403 rei,

243 431 310 481 qui
341 429 436 468 mihi
466 428 565 467 male
595 428 701 467 dicas
731 426 883 466 homini
915 426 1050 478 ignoto
1083 424 1285 466 insciens?
1918 434 1974 468 495

243 510 292 536 an
324 496 395 536 tibi
425 495 565 534 malam
598 507 677 535 rem
709 495 765 534 vis
796 506 869 546 pro
901 493 1002 532 male
1035 493 1149 532 dictis
1179 492 1291 532 dari?

241 564 346 605 ΡΕΝ.
404 563 515 604 ÷P01
547 574 630 602 eam
663 562 821 614 quidem
854 561 994 613 edepol
1024 567 1063 600 te
1093 561 1244 600 dedisse
1276 560 1473 613 intellego,

242 632 359 673 ΜΕΝ.
410 629 633 682 Responde,
665 629 910 677 adulescens,
942 641 1100 680 quaeso,
1132 628 1227 680 quid
1258 640 1404 668 nomen
1436 626 1573 668 tibist?

241 700 348 740 ΡΕΝ.
398 698 524 738 Etiam
557 698 722 745 derides,
756 697 865 749 quasi
897 709 1043 750 nomen
1077 709 1156 735 non
1186 694 1369 736 noveris?

242 767 360 808 ΜΕΝ.
410 766 496 806 Non
532 765 671 817 edepol
703 777 776 817 ego
807 771 858 812 te,
891 756 995 815 quod
1026 764 1159 810 sciam,
1191 776 1377 815 umquam
1409 770 1499 803 ante
1529 762 1637 802 hunc
1667 762 1767 802 diem
1921 772 1977 805 500

243 835 320 875 vidi
352 846 481 886 neque
513 833 622 881 novi;
652 843 790 871 verum
822 838 944 877 certo,
977 832 1154 883 quisquis
1186 844 1240 877 es,

244 904 275 943 si
309 905 476 954 aequom
507 901 638 948 facias,
670 900 763 940 mihi
797 900 957 938 odiosus
989 912 1039 938 ne
1069 899 1158 938 sies.

241 971 347 1011 ΡΕΝ.
398 968 665 1014 Menaechme,
697 967 824 1019 vigila.
883 967 1001 1007 ΜΕΝ.
1052 966 1176 1018 Vigilo
1211 967 1342 1006 hercle
1374 965 1568 1017 equidem,
1601 964 1705 1017 quod
1737 964 1869 1004 sciam,

243 1039 348 1079 ΡΕΝ.
398 1037 486 1077 Non
519 1048 581 1075 me
613 1033 783 1074 novisti?
841 1033 961 1074 ΜΕΝ.
1011 1034 1097 1073 Non
1132 1046 1285 1085 negem,
1317 1034 1349 1073 si
1380 1034 1570 1074 noverim.

244 1108 348 1147 ΡΕΝ.
397 1105 524 1144 Tuom
556 1104 770 1155 parasitum
805 1114 884 1141 non
918 1100 1089 1142 novisti?
1147 1101 1265 1142 ΜΕΝ.
1314 1102 1402 1141 Non
1435 1101 1505 1140 tibi
1922 1110 1978 1144 505

244 1186 385 1214 sanum
418 1178 488 1220 est,
521 1171 767 1218 adulescens,
798 1170 987 1222 sinciput,
1018 1169 1218 1220 intellego.

244 1243 349 1282 ΡΕΝ.
400 1238 622 1291 Responde,
655 1237 921 1289 surrupuistin
954 1238 1067 1278 uxori
1096 1244 1186 1277 tuae

246 1311 387 1361 pallam
419 1309 544 1347 istanc
575 1307 690 1346 hodie
720 1308 839 1357 atque
871 1305 1013 1345 dedisti
1043 1303 1210 1345 Erotio?

244 1378 361 1418 ΜΕΝ.
411 1376 548 1427 Neque
580 1373 710 1413 hercle
741 1386 814 1425 ego
846 1386 1009 1413 uxorem
1045 1373 1170 1413 habeo
1203 1385 1333 1425 neque
1364 1384 1437 1423 ego
1468 1371 1607 1412 Erotio

246 1445 333 1485 dedi
366 1456 441 1484 nec
471 1443 612 1495 pallam
644 1442 845 1493 surrupui.
905 1441 1011 1481 ΡΕΝ.
1062 1441 1169 1481 Satin
1202 1453 1322 1480 sanus
1353 1438 1423 1480 es?
1921 1449 1978 1482 510

247 1513 414 1553 occisast
443 1511 540 1550 haec
570 1523 646 1551 res.
708 1522 788 1548 non
821 1521 894 1561 ego
926 1516 964 1548 te
997 1509 1176 1548 indutum
1208 1509 1311 1548 foras

247 1581 355 1620 exire
385 1579 461 1619 vidi
493 1576 661 1631 pallam?
721 1577 838 1618 ΜΕΝ.
891 1577 968 1616 Vae
999 1577 1117 1628 capiti
1149 1583 1229 1617 tuo.

249 1648 379 1689 omnis
410 1647 595 1687 cinaedos
626 1658 711 1685 esse
741 1654 894 1694 censes,
926 1651 968 1684 tu
999 1645 1090 1696 quia
1121 1644 1193 1685 es?

246 1723 316 1756 tun
349 1716 436 1755 med
468 1715 651 1754 indutum
684 1714 804 1753 fuisse
835 1713 976 1765 pallam
1012 1711 1244 1764 praedicas?
1844 1717 1912 1750 514.
1926 1721 1982 1754 515

245 1784 352 1825 ΡΕΝ.
404 1783 486 1834 Ego
517 1782 649 1821 hercle
679 1793 787 1820 vero.
846 1781 964 1821 ΜΕΝ.
1016 1781 1103 1820 Non
1136 1787 1177 1820 tu
1209 1780 1292 1820 abis
1324 1792 1402 1832 quo
1433 1780 1576 1832 dignus
1607 1778 1677 1820 es?

247 1858 314 1892 aut
344 1857 382 1891 te
413 1851 511 1903 piari
543 1849 647 1897 iube,
679 1850 797 1889 homo
833 1849 1094 1888 insanissime.

247 1921 353 1961 ΡΕΝ.
404 1919 625 1969 Numquam
657 1917 799 1969 edepol
829 1917 1034 1968 quisquam
1067 1929 1128 1955 me
1159 1915 1349 1963 exorabit,
1381 1915 1477 1967 quin
1510 1922 1600 1954 tuae

361 2000 425 2032 492
443 1996 539 2041 mesti
556 1996 681 2040 abseln
699 2015 742 2021 -
755 1998 799 2037 A,
814 2005 893 2030 meo
910 1994 1052 2030 absenti
1073 1993 1108 2029 P
1196 1996 1262 2028 493
1280 2004 1350 2038 quo
1369 1993 1431 2036 13¹,
1449 1993 1509 2028 cui
1528 1992 1609 2033 CD;
1630 1992 1685 2028 vel
1711 1993 1828 2038 quoiei

247 2066 312 2099 ego
338 2065 382 2090 ea,
406 2064 499 2099 quae
522 2053 620 2088 heris
645 2054 780 2096 heram,
804 2061 900 2086 corr.
927 2050 1075 2097 Lipsius
1099 2054 1135 2086 et
1157 2049 1348 2086 Bentleius
1449 2052 1514 2084 495
1539 2049 1600 2094 qui
1624 2049 1663 2083 in
1687 2049 1788 2084 initio
1812 2049 1919 2084 etiam

249 2115 278 2149 A
304 2116 383 2155 (quc
409 2109 474 2152 13¹)
588 2108 725 2144 homini
747 2107 871 2152 ignoto
897 2119 931 2144 ςε
962 2106 1099 2142 homini
1122 2107 1182 2142 hic
1205 2109 1292 2142 noto
1318 2106 1381 2148 B1,
1405 2106 1466 2141 hic
1490 2108 1576 2141 noto
1603 2103 1676 2147 CD,
1699 2105 1836 2140 homini
1860 2104 1920 2140 hic

246 2168 370 2211 ignoto
398 2166 458 2211 ΒΞ,
484 2165 535 2211 cf.
560 2166 648 2199 293.
676 2165 772 2204 374,·
795 2163 883 2209 <sic>
905 2164 940 2198 h.
967 2163 990 2198 i.
1016 2162 1239 2198 Ritselielius
1375 2182 1418 2187 —
1442 2172 1485 2207 ns
1510 2162 1547 2196 in
1568 2161 1643 2206 fine
1665 2162 1774 2197 eciam
1798 2163 1829 2196 A

246 2224 405 2259 insciens
431 2223 453 2257 i⁴
478 2234 508 2258 e.
534 2223 599 2268 qni
628 2232 683 2255 me
706 2220 770 2266 qui
801 2220 868 2254 sim
897 2220 1055 2260 nescias,
1087 2220 1139 2264 cf.
1174 2219 1357 2255 Vahlenus
1471 2221 1535 2253 497
1560 2219 1623 2263 pol
1647 2229 1770 2254 eam—
1795 2218 1845 2259 A,
1869 2217 1919 2262 cf.

249 2280 352 2326 Capi.
372 2280 446 2314 335
459 2279 524 2314 cd..-
547 2280 631 2323 post
646 2287 726 2312 eam
743 2276 777 2311 P
784 2290 797 2318 ;
818 2276 909 2322 fort.
935 2275 998 2321 pol
1023 2276 1125 2311 varia
1141 2276 1327 2322 scriptura
1343 2286 1420 2322 pro
1436 2266 1573 2321 edepol'
1660 2277 1725 2310 498
1750 2275 1812 2320 qui
1831 2272 1920 2315 3¹0,

249 2347 321 2381 q-
346 2339 376 2372 A
467 2344 598 2371 nomen
623 2333 726 2369 tibist
752 2332 925 2368 Weisius:
953 2332 1049 2368 —ist
1072 2332 1205 2373 (minus
1221 2331 1414 2379 probabile
1436 2335 1510 2376 nst)
1533 2334 1576 2375 A,
1601 2332 1668 2368 tibi
1691 2332 1858 2367 nomenst
1874 2329 1920 2372 B,

247 2393 315 2428 tibi
332 2402 462 2428 nomen
481 2391 529 2427 sit
547 2389 607 2425 CD
700 2391 765 2424 499
783 2389 866 2424 item
879 2388 922 2430 A,
939 2388 1004 2424 secl
1025 2399 1174 2433 gnou—
1267 2391 1331 2423 500
1349 2388 1432 2423 item
1448 2390 1492 2430 A,
1514 2388 1579 2424 sed
1594 2388 1690 2434 quad
1706 2387 1771 2434 (ef.
1788 2396 1919 2433 apoqr.

241 2460 284 2496 p.
303 2449 391 2490 493)
409 2452 444 2483 ec
458 2447 586 2493 potius
602 2446 695 2491 hanc
713 2456 821 2492 quam
844 2446 941 2481 hunc
1029 2435 1097 2481 '501
1125 2445 1207 2480 item
1225 2446 1270 2488 A,
1293 2444 1358 2480 sed
1371 2445 1482 2490 gnoui
1574 2447 1753 2480 502-507
1772 2442 1921 2490 paucis-

248 2505 339 2540 sima
356 2505 394 2539 in
411 2504 584 2539 eoecremis
597 2503 757 2539 versibus
769 2502 940 2548 leqantur
952 2502 984 2536 A
1076 2503 1142 2536 502
1158 2512 1310 2546 aequom
1334 2502 1366 2537 si
1381 2493 1609 2538 Canierccrius
1679 2502 1743 2536 503
1753 2528 1761 2536 .
1771 2502 1838 2534 504
1853 2498 1922 2535 hoc

250 2561 377 2596 ordine
399 2561 443 2603 A,
468 2561 610 2596 inverso
635 2558 670 2593 P
783 2561 847 2594 503
879 2568 1086 2594 menaecme
1109 2558 1232 2602 vigilia
1260 2557 1292 2592 Β
1408 2560 1472 2593 506
1496 2557 1580 2604 <ut>
1604 2557 1774 2602 intellego
1802 2555 1921 2591 Came-

249 2619 373 2653 rarius
467 2619 645 2652 508—510
671 2615 766 2651 nihil
786 2619 944 2662 apparet
966 2617 997 2650 A
1091 2617 1156 2649 510
1181 2615 1305 2650 taliam
1330 2613 1445 2650 B¹CD
1538 2625 1566 2649 s.
1584 2625 1613 2650 s.
1631 2625 1662 2650 e.
1688 2611 1921 2649 Menaechmo

249 2674 349 2710 dedic
375 2672 529 2709 Thomas
557 2684 630 2709 rev.
661 2671 706 2708 de
729 2672 752 2708 Γ
776 2673 881 2708 instr.
906 2671 1011 2717 Bely.
1036 2672 1094 2713 19,
1111 2672 1209 2716 260,
1238 2671 1304 2707 sed
1326 2682 1368 2707 eo
1400 2671 1506 2706 modo
1539 2672 1701 2717 iynocum
1733 2680 1806 2704 non
1830 2667 1920 2704 allo-

250 2734 393 2766 cuntur.
442 2729 493 2775 cf.
519 2730 606 2765 506.
633 2730 704 2764 517
792 2731 970 2764 511-517
988 2739 1113 2774 pauca
1129 2728 1301 2774 lequntur
1317 2730 1348 2764 A
1441 2730 1503 2763 511
1531 2727 1653 2763 occisa
1669 2726 1700 2762 si
1716 2724 1832 2762 B¹CD

251 2790 316 2822 512
341 2786 463 2830 excire
486 2787 518 2821 A
609 2785 709 2831 palla
735 2785 814 2827 CD,
845 2785 966 2830 palam
993 2784 1026 2820 B
1119 2789 1183 2820 513
1210 2785 1295 2830 quia
1318 2787 1359 2820 tu
1383 2795 1422 2820 es
1446 2783 1490 2827 P,
1513 2794 1586 2829 —s
1610 2785 1654 2826 A,
1678 2793 1775 2818 corr.
1801 2781 1921 2830 Came-

249 2844 372 2879 rarius
465 2846 541 2878 514.
561 2845 624 2879 515
649 2846 690 2879 tu
714 2846 745 2878 A
837 2853 894 2878 me
917 2841 987 2877 AP
1074 2841 1186 2878 fuisse
1211 2853 1279 2877 om.
1307 2841 1378 2885 CD,
1402 2843 1434 2877 A
1458 2852 1494 2876 n.
1517 2841 1539 2876 l.
1633 2842 1696 2874 517
1722 2838 1825 2874 iubes
1849 2834 1920 2883 Py-

251 2901 351 2936 lades
374 2901 418 2942 (A
443 2911 479 2935 n.
505 2901 543 2944 l.)
