<?xml version="1.0" encoding="UTF-8"?>
<!DOCTYPE html PUBLIC "-//W3C//DTD XHTML 1.0 Transitional//EN"
    "http://www.w3.org/TR/xhtml1/DTD/xhtml1-transitional.dtd">
<html xmlns="http://www.w3.org/1999/xhtml" xml:lang="en" lang="en">
 <head>
  <title>
</title>
<meta http-equiv="Content-Type" content="text/html;charset=utf-8" />
  <meta name='ocr-system' content='tesseract 3.04.00' />
  <meta name='ocr-capabilities' content='ocr_page ocr_carea ocr_par ocr_line ocrx_word'/>
</head>
<body>
  <div class='ocr_page' id='page_1' title='image "./comoediaerecensu01plauuoft_0119.png"; bbox 0 0 1998 3179; ppageno 0'>
   <div class='ocr_carea' id='block_1_1' title="bbox 89 94 1060 133">
    <p class='ocr_par' dir='ltr' id='par_1_1' title="bbox 89 94 1060 133">
     <span class='ocr_line' id='line_1_1' title="bbox 89 94 1060 133; baseline 0.009 -10"><span class='ocrx_word' id='word_1_1' title='bbox 89 94 120 123; x_wconf 93' lang='lat'>11</span> <span class='ocrx_word' id='word_1_2' title='bbox 131 95 158 128; x_wconf 77' lang='grc' dir='ltr'>τ,</span> <span class='ocrx_word' id='word_1_3' title='bbox 177 96 257 129; x_wconf 86' lang='lat'>1—8‚</span> <span class='ocrx_word' id='word_1_4' title='bbox 277 96 310 123; x_wconf 85' lang='lat'>19</span> <span class='ocrx_word' id='word_1_5' title='bbox 777 95 1060 133; x_wconf 85' lang='lat' dir='ltr'><strong>AVLVLARIA</strong></span> 
     </span>
    </p>
   </div>
   <div class='ocr_carea' id='block_1_2' title="bbox 88 210 1264 330">
    <p class='ocr_par' dir='ltr' id='par_1_2' title="bbox 88 210 1264 330">
     <span class='ocr_line' id='line_1_2' title="bbox 88 210 1264 263; baseline -0.001 -11"><span class='ocrx_word' id='word_1_6' title='bbox 88 211 223 252; x_wconf 77' lang='lat' dir='ltr'>PYTH.</span> <span class='ocrx_word' id='word_1_7' title='bbox 273 210 426 250; x_wconf 87' lang='lat' dir='ltr'>Curate.</span> <span class='ocrx_word' id='word_1_8' title='bbox 477 222 548 262; x_wconf 88' lang='lat' dir='ltr'>ego</span> <span class='ocrx_word' id='word_1_9' title='bbox 580 210 801 250; x_wconf 79' lang='lat' dir='ltr'>intervisam</span> <span class='ocrx_word' id='word_1_10' title='bbox 832 211 925 262; x_wconf 87' lang='lat' dir='ltr'>quid</span> <span class='ocrx_word' id='word_1_11' title='bbox 955 211 1097 250; x_wconf 84' lang='lat' dir='ltr'>faciant</span> <span class='ocrx_word' id='word_1_12' title='bbox 1127 211 1264 263; x_wconf 88' lang='lat' dir='ltr'>coqui;</span> 
     </span>
     <span class='ocr_line' id='line_1_3' title="bbox 89 277 1225 330; baseline -0.001 -11"><span class='ocrx_word' id='word_1_13' title='bbox 89 291 187 330; x_wconf 89' lang='lat' dir='ltr'>quos</span> <span class='ocrx_word' id='word_1_14' title='bbox 216 278 284 330; x_wconf 93' lang='lat' dir='ltr'>pol</span> <span class='ocrx_word' id='word_1_15' title='bbox 311 283 356 317; x_wconf 92' lang='lat' dir='ltr'>ut</span> <span class='ocrx_word' id='word_1_16' title='bbox 384 289 456 328; x_wconf 86' lang='lat' dir='ltr'>ego</span> <span class='ocrx_word' id='word_1_17' title='bbox 486 277 601 317; x_wconf 91' lang='lat' dir='ltr'>hodie</span> <span class='ocrx_word' id='word_1_18' title='bbox 631 290 791 324; x_wconf 81' lang='lat' dir='ltr'>servem,</span> <span class='ocrx_word' id='word_1_19' title='bbox 824 290 915 317; x_wconf 91' lang='lat' dir='ltr'>cura</span> <span class='ocrx_word' id='word_1_20' title='bbox 947 291 1124 318; x_wconf 85' lang='lat' dir='ltr'>maxuma</span> <span class='ocrx_word' id='word_1_21' title='bbox 1155 286 1225 318; x_wconf 89' lang='lat' dir='ltr'>est.</span> 
     </span>
    </p>
   </div>
   <div class='ocr_carea' id='block_1_3' title="bbox 90 344 1284 398">
    <p class='ocr_par' dir='ltr' id='par_1_3' title="bbox 90 344 1284 398">
     <span class='ocr_line' id='line_1_4' title="bbox 90 344 1284 398; baseline 0.002 -14"><span class='ocrx_word' id='word_1_22' title='bbox 90 345 163 385; x_wconf 89' lang='lat' dir='ltr'>nisi</span> <span class='ocrx_word' id='word_1_23' title='bbox 192 356 318 385; x_wconf 90' lang='lat' dir='ltr'>unum</span> <span class='ocrx_word' id='word_1_24' title='bbox 346 344 422 384; x_wconf 90' lang='lat' dir='ltr'>hoc</span> <span class='ocrx_word' id='word_1_25' title='bbox 451 344 600 391; x_wconf 86' lang='lat' dir='ltr'>faciam,</span> <span class='ocrx_word' id='word_1_26' title='bbox 631 351 675 383; x_wconf 87' lang='lat' dir='ltr'>ut</span> <span class='ocrx_word' id='word_1_27' title='bbox 704 345 742 383; x_wconf 92' lang='lat' dir='ltr'>in</span> <span class='ocrx_word' id='word_1_28' title='bbox 775 351 894 396; x_wconf 89' lang='lat' dir='ltr'>puteo</span> <span class='ocrx_word' id='word_1_29' title='bbox 927 358 1061 385; x_wconf 89' lang='lat' dir='ltr'>cenam</span> <span class='ocrx_word' id='word_1_30' title='bbox 1093 352 1284 398; x_wconf 83' lang='lat' dir='ltr'>coquant:</span> 
     </span>
    </p>
   </div>
   <div class='ocr_carea' id='block_1_4' title="bbox 86 411 1148 732">
    <p class='ocr_par' dir='ltr' id='par_1_4' title="bbox 88 411 1054 452">
     <span class='ocr_line' id='line_1_5' title="bbox 88 411 1054 452; baseline 0 -1"><span class='ocrx_word' id='word_1_31' title='bbox 88 412 179 451; x_wconf 90' lang='lat' dir='ltr'>inde</span> <span class='ocrx_word' id='word_1_32' title='bbox 211 414 360 451; x_wconf 82' lang='lat' dir='ltr'>coctam</span> <span class='ocrx_word' id='word_1_33' title='bbox 390 423 546 451; x_wconf 87' lang='lat' dir='ltr'>sursum</span> <span class='ocrx_word' id='word_1_34' title='bbox 576 411 839 452; x_wconf 83' lang='lat' dir='ltr'>subducemus</span> <span class='ocrx_word' id='word_1_35' title='bbox 870 412 1054 452; x_wconf 88' lang='lat' dir='ltr'>corhulis.</span> 
     </span>
    </p>

    <p class='ocr_par' dir='ltr' id='par_1_5' title="bbox 87 478 1148 597">
     <span class='ocr_line' id='line_1_6' title="bbox 87 478 1148 529; baseline 0 -11"><span class='ocrx_word' id='word_1_36' title='bbox 87 479 119 518; x_wconf 90' lang='lat' dir='ltr'>si</span> <span class='ocrx_word' id='word_1_37' title='bbox 149 481 278 518; x_wconf 78' lang='lat' dir='ltr'>autem</span> <span class='ocrx_word' id='word_1_38' title='bbox 308 478 489 517; x_wconf 88' lang='lat' dir='ltr'>deorsum</span> <span class='ocrx_word' id='word_1_39' title='bbox 522 478 741 524; x_wconf 82' lang='lat' dir='ltr'>comedent,</span> <span class='ocrx_word' id='word_1_40' title='bbox 772 479 804 518; x_wconf 90' lang='lat' dir='ltr'>si</span> <span class='ocrx_word' id='word_1_41' title='bbox 836 479 927 529; x_wconf 89' lang='lat' dir='ltr'>quid</span> <span class='ocrx_word' id='word_1_42' title='bbox 958 480 1148 527; x_wconf 79' lang='lat' dir='ltr'>coxerint,</span> 
     </span>
     <span class='ocr_line' id='line_1_7' title="bbox 87 545 926 597; baseline -0.001 -12"><span class='ocrx_word' id='word_1_43' title='bbox 87 546 220 597; x_wconf 91' lang='lat' dir='ltr'>superi</span> <span class='ocrx_word' id='word_1_44' title='bbox 250 545 422 584; x_wconf 83' lang='lat' dir='ltr'>incenati</span> <span class='ocrx_word' id='word_1_45' title='bbox 451 553 542 585; x_wconf 85' lang='lat' dir='ltr'>sunt</span> <span class='ocrx_word' id='word_1_46' title='bbox 572 552 612 584; x_wconf 87' lang='lat' dir='ltr'>et</span> <span class='ocrx_word' id='word_1_47' title='bbox 642 546 767 584; x_wconf 88' lang='lat' dir='ltr'>cenati</span> <span class='ocrx_word' id='word_1_48' title='bbox 798 546 926 584; x_wconf 87' lang='lat' dir='ltr'>inferi.</span> 
     </span>
    </p>

    <p class='ocr_par' dir='ltr' id='par_1_6' title="bbox 86 612 1038 732">
     <span class='ocr_line' id='line_1_8' title="bbox 86 612 1038 664; baseline -0.001 -12"><span class='ocrx_word' id='word_1_49' title='bbox 86 612 154 652; x_wconf 89' lang='lat' dir='ltr'>sed</span> <span class='ocrx_word' id='word_1_50' title='bbox 181 612 298 651; x_wconf 83' lang='lat' dir='ltr'>verba</span> <span class='ocrx_word' id='word_1_51' title='bbox 327 612 391 652; x_wconf 89' lang='lat' dir='ltr'>hic</span> <span class='ocrx_word' id='word_1_52' title='bbox 419 613 533 659; x_wconf 85' lang='lat' dir='ltr'>facio,</span> <span class='ocrx_word' id='word_1_53' title='bbox 566 613 674 663; x_wconf 86' lang='lat' dir='ltr'>quasi</span> <span class='ocrx_word' id='word_1_54' title='bbox 705 613 838 664; x_wconf 86' lang='lat' dir='ltr'>negoti</span> <span class='ocrx_word' id='word_1_55' title='bbox 869 613 925 651; x_wconf 89' lang='lat' dir='ltr'>nil</span> <span class='ocrx_word' id='word_1_56' title='bbox 954 613 1038 657; x_wconf 80' lang='lat' dir='ltr'>siet,</span> 
     </span>
     <span class='ocr_line' id='line_1_9' title="bbox 86 669 985 732; baseline 0 -14"><span class='ocrx_word' id='word_1_57' title='bbox 86 669 354 732; x_wconf 78' lang='lat' dir='ltr'>rapacidarum</span> <span class='ocrx_word' id='word_1_58' title='bbox 384 679 450 719; x_wconf 92' lang='lat' dir='ltr'>ubi</span> <span class='ocrx_word' id='word_1_59' title='bbox 481 685 630 719; x_wconf 81' lang='lat' dir='ltr'>tantum</span> <span class='ocrx_word' id='word_1_60' title='bbox 662 679 711 719; x_wconf 89' lang='lat' dir='ltr'>sit</span> <span class='ocrx_word' id='word_1_61' title='bbox 740 679 780 718; x_wconf 88' lang='lat' dir='ltr'>in</span> <span class='ocrx_word' id='word_1_62' title='bbox 812 679 985 719; x_wconf 85' lang='lat' dir='ltr'>aedibus.</span> 
     </span>
    </p>
   </div>
   <div class='ocr_carea' id='block_1_5' title="bbox 797 791 1013 833">
    <p class='ocr_par' dir='ltr' id='par_1_7' title="bbox 797 791 1013 833">
     <span class='ocr_line' id='line_1_10' title="bbox 797 791 1013 833; baseline 0.009 -2"><span class='ocrx_word' id='word_1_63' title='bbox 797 791 1013 833; x_wconf 86' lang='lat' dir='ltr'>EVCLIO</span> 
     </span>
    </p>
   </div>
   <div class='ocr_carea' id='block_1_6' title="bbox 166 869 1259 1258">
    <p class='ocr_par' dir='ltr' id='par_1_8' title="bbox 168 869 1259 989">
     <span class='ocr_line' id='line_1_11' title="bbox 170 869 1259 923; baseline 0.002 -15"><span class='ocrx_word' id='word_1_64' title='bbox 170 870 281 910; x_wconf 91' lang='lat' dir='ltr'>Volui</span> <span class='ocrx_word' id='word_1_65' title='bbox 311 870 483 909; x_wconf 89' lang='lat' dir='ltr'>animum</span> <span class='ocrx_word' id='word_1_66' title='bbox 514 870 671 908; x_wconf 89' lang='lat' dir='ltr'>tandem</span> <span class='ocrx_word' id='word_1_67' title='bbox 703 871 937 909; x_wconf 86' lang='lat' dir='ltr'>confirmare</span> <span class='ocrx_word' id='word_1_68' title='bbox 968 869 1084 909; x_wconf 91' lang='lat' dir='ltr'>hodie</span> <span class='ocrx_word' id='word_1_69' title='bbox 1115 882 1259 923; x_wconf 87' lang='lat' dir='ltr'>meum,</span> 
     </span>
     <span class='ocr_line' id='line_1_12' title="bbox 168 936 960 989; baseline -0.001 -12"><span class='ocrx_word' id='word_1_70' title='bbox 168 943 212 977; x_wconf 89' lang='lat' dir='ltr'>ut</span> <span class='ocrx_word' id='word_1_71' title='bbox 240 937 342 977; x_wconf 90' lang='lat' dir='ltr'>hene</span> <span class='ocrx_word' id='word_1_72' title='bbox 372 949 435 976; x_wconf 87' lang='lat' dir='ltr'>me</span> <span class='ocrx_word' id='word_1_73' title='bbox 463 936 648 976; x_wconf 86' lang='lat' dir='ltr'>haberem</span> <span class='ocrx_word' id='word_1_74' title='bbox 678 937 768 976; x_wconf 85' lang='lat' dir='ltr'>filiai</span> <span class='ocrx_word' id='word_1_75' title='bbox 800 938 960 989; x_wconf 85' lang='lat' dir='ltr'>nuptiis.</span> 
     </span>
    </p>

    <p class='ocr_par' dir='ltr' id='par_1_9' title="bbox 166 1004 1145 1191">
     <span class='ocr_line' id='line_1_13' title="bbox 166 1004 1145 1056; baseline 0.001 -13"><span class='ocrx_word' id='word_1_76' title='bbox 166 1004 281 1044; x_wconf 89' lang='lat' dir='ltr'>venio</span> <span class='ocrx_word' id='word_1_77' title='bbox 310 1005 357 1044; x_wconf 87' lang='lat' dir='ltr'>ad</span> <span class='ocrx_word' id='word_1_78' title='bbox 387 1004 604 1051; x_wconf 84' lang='lat' dir='ltr'>macellum,</span> <span class='ocrx_word' id='word_1_79' title='bbox 635 1005 762 1056; x_wconf 89' lang='lat' dir='ltr'>rogito</span> <span class='ocrx_word' id='word_1_80' title='bbox 793 1005 940 1056; x_wconf 86' lang='lat' dir='ltr'>pisces:</span> <span class='ocrx_word' id='word_1_81' title='bbox 972 1005 1145 1044; x_wconf 90' lang='lat' dir='ltr'>indicant</span> 
     </span>
     <span class='ocr_line' id='line_1_14' title="bbox 169 1072 1075 1124; baseline 0 -13"><span class='ocrx_word' id='word_1_82' title='bbox 169 1083 302 1120; x_wconf 86' lang='lat' dir='ltr'>car0s;</span> <span class='ocrx_word' id='word_1_83' title='bbox 330 1072 515 1124; x_wconf 79' lang='lat' dir='ltr'>agninam</span> <span class='ocrx_word' id='word_1_84' title='bbox 545 1084 686 1119; x_wconf 88' lang='lat' dir='ltr'>caram,</span> <span class='ocrx_word' id='word_1_85' title='bbox 718 1084 844 1111; x_wconf 87' lang='lat' dir='ltr'>caram</span> <span class='ocrx_word' id='word_1_86' title='bbox 876 1073 1075 1120; x_wconf 86' lang='lat' dir='ltr'>bubulam,</span> 
     </span>
     <span class='ocr_line' id='line_1_15' title="bbox 166 1140 1099 1191; baseline 0 -12"><span class='ocrx_word' id='word_1_87' title='bbox 166 1140 380 1187; x_wconf 84' lang='lat' dir='ltr'>vitulinam,</span> <span class='ocrx_word' id='word_1_88' title='bbox 411 1145 552 1185; x_wconf 84' lang='lat' dir='ltr'>cetum,</span> <span class='ocrx_word' id='word_1_89' title='bbox 585 1140 805 1191; x_wconf 87' lang='lat' dir='ltr'>porcinam:</span> <span class='ocrx_word' id='word_1_90' title='bbox 838 1152 925 1178; x_wconf 85' lang='lat' dir='ltr'>cara</span> <span class='ocrx_word' id='word_1_91' title='bbox 957 1141 1099 1179; x_wconf 88' lang='lat' dir='ltr'>omnia.</span> 
     </span>
    </p>

    <p class='ocr_par' dir='ltr' id='par_1_10' title="bbox 168 1207 1080 1258">
     <span class='ocr_line' id='line_1_16' title="bbox 168 1207 1080 1258; baseline 0 -12"><span class='ocrx_word' id='word_1_92' title='bbox 168 1213 285 1258; x_wconf 84' lang='lat' dir='ltr'>atque</span> <span class='ocrx_word' id='word_1_93' title='bbox 315 1219 362 1246; x_wconf 91' lang='lat' dir='ltr'>eo</span> <span class='ocrx_word' id='word_1_94' title='bbox 392 1207 554 1246; x_wconf 84' lang='lat' dir='ltr'>fuerunt</span> <span class='ocrx_word' id='word_1_95' title='bbox 582 1208 745 1255; x_wconf 89' lang='lat' dir='ltr'>cariora,</span> <span class='ocrx_word' id='word_1_96' title='bbox 776 1219 842 1247; x_wconf 90' lang='lat' dir='ltr'>aes</span> <span class='ocrx_word' id='word_1_97' title='bbox 872 1220 952 1246; x_wconf 92' lang='lat' dir='ltr'>non</span> <span class='ocrx_word' id='word_1_98' title='bbox 985 1214 1080 1247; x_wconf 85' lang='lat' dir='ltr'>erat.</span> 
     </span>
    </p>
   </div>
   <div class='ocr_carea' id='block_1_7' title="bbox 168 1273 1266 1327">
    <p class='ocr_par' dir='ltr' id='par_1_11' title="bbox 168 1273 1266 1327">
     <span class='ocr_line' id='line_1_17' title="bbox 168 1273 1266 1327; baseline 0.002 -14"><span class='ocrx_word' id='word_1_99' title='bbox 168 1273 264 1314; x_wconf 89' lang='lat' dir='ltr'>abeo</span> <span class='ocrx_word' id='word_1_100' title='bbox 295 1276 416 1313; x_wconf 90' lang='lat' dir='ltr'>iratus</span> <span class='ocrx_word' id='word_1_101' title='bbox 445 1273 566 1321; x_wconf 88' lang='lat' dir='ltr'>illinc,</span> <span class='ocrx_word' id='word_1_102' title='bbox 597 1275 782 1325; x_wconf 84' lang='lat' dir='ltr'>quoniam</span> <span class='ocrx_word' id='word_1_103' title='bbox 816 1275 910 1314; x_wconf 91' lang='lat' dir='ltr'>nihil</span> <span class='ocrx_word' id='word_1_104' title='bbox 942 1281 998 1314; x_wconf 85' lang='lat' dir='ltr'>cst</span> <span class='ocrx_word' id='word_1_105' title='bbox 1031 1276 1098 1327; x_wconf 91' lang='lat' dir='ltr'>qui</span> <span class='ocrx_word' id='word_1_106' title='bbox 1129 1288 1266 1315; x_wconf 86' lang='lat' dir='ltr'>emam.</span> 
     </span>
    </p>
   </div>
   <div class='ocr_carea' id='block_1_8' title="bbox 162 1341 1259 2069">
    <p class='ocr_par' dir='ltr' id='par_1_12' title="bbox 166 1341 1037 1393">
     <span class='ocr_line' id='line_1_18' title="bbox 166 1341 1037 1393; baseline 0.001 -13"><span class='ocrx_word' id='word_1_107' title='bbox 166 1341 217 1381; x_wconf 88' lang='lat' dir='ltr'>ita</span> <span class='ocrx_word' id='word_1_108' title='bbox 247 1341 321 1381; x_wconf 85' lang='lat' dir='ltr'>illis</span> <span class='ocrx_word' id='word_1_109' title='bbox 350 1341 513 1393; x_wconf 89' lang='lat' dir='ltr'>impuris</span> <span class='ocrx_word' id='word_1_110' title='bbox 544 1341 729 1381; x_wconf 89' lang='lat' dir='ltr'>omnibus</span> <span class='ocrx_word' id='word_1_111' title='bbox 758 1342 834 1381; x_wconf 89' lang='lat' dir='ltr'>adii</span> <span class='ocrx_word' id='word_1_112' title='bbox 865 1354 1037 1382; x_wconf 88' lang='lat' dir='ltr'>manum.</span> 
     </span>
    </p>

    <p class='ocr_par' dir='ltr' id='par_1_13' title="bbox 166 1408 1087 1528">
     <span class='ocr_line' id='line_1_19' title="bbox 166 1408 1087 1460; baseline 0 -12"><span class='ocrx_word' id='word_1_113' title='bbox 166 1408 307 1448; x_wconf 86' lang='lat' dir='ltr'>deinde</span> <span class='ocrx_word' id='word_1_114' title='bbox 337 1414 491 1460; x_wconf 85' lang='lat' dir='ltr'>egomet</span> <span class='ocrx_word' id='word_1_115' title='bbox 518 1420 670 1448; x_wconf 85' lang='lat' dir='ltr'>mecum</span> <span class='ocrx_word' id='word_1_116' title='bbox 703 1410 873 1460; x_wconf 88' lang='lat' dir='ltr'>cogitare</span> <span class='ocrx_word' id='word_1_117' title='bbox 904 1409 1087 1449; x_wconf 86' lang='lat' dir='ltr'>intervias</span> 
     </span>
     <span class='ocr_line' id='line_1_20' title="bbox 166 1476 1001 1528; baseline -0.001 -12"><span class='ocrx_word' id='word_1_118' title='bbox 166 1476 322 1528; x_wconf 87' lang='lat' dir='ltr'>occepi:</span> <span class='ocrx_word' id='word_1_119' title='bbox 355 1478 453 1516; x_wconf 82' lang='lat' dir='ltr'>sesto</span> <span class='ocrx_word' id='word_1_120' title='bbox 484 1476 545 1515; x_wconf 93' lang='lat' dir='ltr'>die</span> <span class='ocrx_word' id='word_1_121' title='bbox 574 1476 605 1515; x_wconf 91' lang='lat' dir='ltr'>si</span> <span class='ocrx_word' id='word_1_122' title='bbox 638 1476 730 1528; x_wconf 85' lang='lat' dir='ltr'>quid</span> <span class='ocrx_word' id='word_1_123' title='bbox 760 1476 1001 1528; x_wconf 84' lang='lat' dir='ltr'>prodegeris,</span> 
     </span>
    </p>

    <p class='ocr_par' dir='ltr' id='par_1_14' title="bbox 163 1543 1241 1726">
     <span class='ocr_line' id='line_1_21' title="bbox 165 1543 1016 1596; baseline 0 -13"><span class='ocrx_word' id='word_1_124' title='bbox 165 1545 340 1596; x_wconf 88' lang='lat' dir='ltr'>profesto</span> <span class='ocrx_word' id='word_1_125' title='bbox 371 1555 487 1594; x_wconf 85' lang='lat' dir='ltr'>egere</span> <span class='ocrx_word' id='word_1_126' title='bbox 516 1543 642 1589; x_wconf 88' lang='lat' dir='ltr'>liceat,</span> <span class='ocrx_word' id='word_1_127' title='bbox 675 1543 748 1583; x_wconf 90' lang='lat' dir='ltr'>nisi</span> <span class='ocrx_word' id='word_1_128' title='bbox 778 1544 1016 1595; x_wconf 83' lang='lat' dir='ltr'>peperceris.</span> 
     </span>
     <span class='ocr_line' id='line_1_22' title="bbox 163 1611 1241 1663; baseline 0.001 -12"><span class='ocrx_word' id='word_1_129' title='bbox 163 1618 368 1663; x_wconf 86' lang='lat' dir='ltr'>postquam</span> <span class='ocrx_word' id='word_1_130' title='bbox 399 1611 503 1650; x_wconf 90' lang='lat' dir='ltr'>hanc</span> <span class='ocrx_word' id='word_1_131' title='bbox 532 1611 723 1650; x_wconf 83' lang='lat' dir='ltr'>rationem</span> <span class='ocrx_word' id='word_1_132' title='bbox 753 1611 880 1650; x_wconf 90' lang='lat' dir='ltr'>ventri</span> <span class='ocrx_word' id='word_1_133' title='bbox 910 1612 1098 1663; x_wconf 84' lang='lat' dir='ltr'>cordique</span> <span class='ocrx_word' id='word_1_134' title='bbox 1129 1612 1241 1658; x_wconf 80' lang='lat' dir='ltr'>edidi,</span> 
     </span>
     <span class='ocr_line' id='line_1_23' title="bbox 164 1678 1022 1726; baseline -0.001 -7"><span class='ocrx_word' id='word_1_135' title='bbox 164 1679 328 1719; x_wconf 84' lang='lat' dir='ltr'>accessit</span> <span class='ocrx_word' id='word_1_136' title='bbox 355 1679 508 1718; x_wconf 88' lang='lat' dir='ltr'>animus</span> <span class='ocrx_word' id='word_1_137' title='bbox 539 1678 586 1717; x_wconf 87' lang='lat' dir='ltr'>ad</span> <span class='ocrx_word' id='word_1_138' title='bbox 615 1690 740 1717; x_wconf 88' lang='lat' dir='ltr'>meam</span> <span class='ocrx_word' id='word_1_139' title='bbox 772 1680 1022 1726; x_wconf 88' lang='lat' dir='ltr'>sententiam,</span> 
     </span>
    </p>

    <p class='ocr_par' dir='ltr' id='par_1_15' title="bbox 162 1746 1259 1932">
     <span class='ocr_line' id='line_1_24' title="bbox 165 1746 1259 1798; baseline 0.002 -14"><span class='ocrx_word' id='word_1_140' title='bbox 165 1757 281 1797; x_wconf 90' lang='lat' dir='ltr'>quam</span> <span class='ocrx_word' id='word_1_141' title='bbox 309 1747 473 1786; x_wconf 86' lang='lat' dir='ltr'>minimo</span> <span class='ocrx_word' id='word_1_142' title='bbox 504 1752 662 1797; x_wconf 87' lang='lat' dir='ltr'>sumptu</span> <span class='ocrx_word' id='word_1_143' title='bbox 694 1746 810 1785; x_wconf 87' lang='lat' dir='ltr'>filiam</span> <span class='ocrx_word' id='word_1_144' title='bbox 842 1753 885 1786; x_wconf 93' lang='lat' dir='ltr'>ut</span> <span class='ocrx_word' id='word_1_145' title='bbox 915 1754 1084 1798; x_wconf 88' lang='lat' dir='ltr'>nuptum</span> <span class='ocrx_word' id='word_1_146' title='bbox 1114 1747 1259 1788; x_wconf 86' lang='lat' dir='ltr'>darem.</span> 
     </span>
     <span class='ocr_line' id='line_1_25' title="bbox 164 1813 1170 1855; baseline 0.003 -3"><span class='ocrx_word' id='word_1_147' title='bbox 164 1826 272 1853; x_wconf 90' lang='lat' dir='ltr'>nunc</span> <span class='ocrx_word' id='word_1_148' title='bbox 302 1813 499 1853; x_wconf 88' lang='lat' dir='ltr'>tusculum</span> <span class='ocrx_word' id='word_1_149' title='bbox 530 1813 606 1852; x_wconf 89' lang='lat' dir='ltr'>emi</span> <span class='ocrx_word' id='word_1_150' title='bbox 636 1813 712 1852; x_wconf 89' lang='lat' dir='ltr'>hoc</span> <span class='ocrx_word' id='word_1_151' title='bbox 742 1819 781 1852; x_wconf 89' lang='lat' dir='ltr'>et</span> <span class='ocrx_word' id='word_1_152' title='bbox 811 1825 980 1853; x_wconf 89' lang='lat' dir='ltr'>coronas</span> <span class='ocrx_word' id='word_1_153' title='bbox 1010 1815 1170 1855; x_wconf 73' lang='lat' dir='ltr'>floreasz</span> 
     </span>
     <span class='ocr_line' id='line_1_26' title="bbox 162 1880 1035 1932; baseline 0.001 -12"><span class='ocrx_word' id='word_1_154' title='bbox 162 1881 258 1921; x_wconf 89' lang='lat' dir='ltr'>haec</span> <span class='ocrx_word' id='word_1_155' title='bbox 287 1881 544 1932; x_wconf 83' lang='lat' dir='ltr'>imponentur</span> <span class='ocrx_word' id='word_1_156' title='bbox 573 1881 613 1920; x_wconf 91' lang='lat' dir='ltr'>in</span> <span class='ocrx_word' id='word_1_157' title='bbox 644 1880 732 1920; x_wconf 81' lang='lat' dir='ltr'>foco</span> <span class='ocrx_word' id='word_1_158' title='bbox 766 1889 901 1920; x_wconf 84' lang='lat' dir='ltr'>nostro</span> <span class='ocrx_word' id='word_1_159' title='bbox 933 1881 1035 1931; x_wconf 86' lang='lat' dir='ltr'>Lari,</span> 
     </span>
    </p>

    <p class='ocr_par' dir='ltr' id='par_1_16' title="bbox 162 1948 963 2001">
     <span class='ocr_line' id='line_1_27' title="bbox 162 1948 963 2001; baseline -0.001 -12"><span class='ocrx_word' id='word_1_160' title='bbox 162 1954 207 1989; x_wconf 86' lang='lat' dir='ltr'>ut</span> <span class='ocrx_word' id='word_1_161' title='bbox 234 1949 452 1988; x_wconf 87' lang='lat' dir='ltr'>fortunatas</span> <span class='ocrx_word' id='word_1_162' title='bbox 481 1948 595 1987; x_wconf 84' lang='lat' dir='ltr'>faciat</span> <span class='ocrx_word' id='word_1_163' title='bbox 623 1955 763 1999; x_wconf 84' lang='lat' dir='ltr'>gnatae</span> <span class='ocrx_word' id='word_1_164' title='bbox 794 1949 963 2001; x_wconf 86' lang='lat' dir='ltr'>nuptias.</span> 
     </span>
    </p>

    <p class='ocr_par' dir='ltr' id='par_1_17' title="bbox 162 2015 1232 2069">
     <span class='ocr_line' id='line_1_28' title="bbox 162 2015 1232 2069; baseline 0 -13"><span class='ocrx_word' id='word_1_165' title='bbox 162 2015 230 2056; x_wconf 87' lang='lat' dir='ltr'>sed</span> <span class='ocrx_word' id='word_1_166' title='bbox 261 2015 354 2066; x_wconf 86' lang='lat' dir='ltr'>quid</span> <span class='ocrx_word' id='word_1_167' title='bbox 386 2028 458 2066; x_wconf 86' lang='lat' dir='ltr'>ego</span> <span class='ocrx_word' id='word_1_168' title='bbox 489 2022 642 2068; x_wconf 85' lang='lat' dir='ltr'>apertas</span> <span class='ocrx_word' id='word_1_169' title='bbox 672 2015 777 2055; x_wconf 89' lang='lat' dir='ltr'>aedis</span> <span class='ocrx_word' id='word_1_170' title='bbox 809 2023 964 2056; x_wconf 89' lang='lat' dir='ltr'>nostras</span> <span class='ocrx_word' id='word_1_171' title='bbox 993 2015 1232 2069; x_wconf 83' lang='lat' dir='ltr'>conspicor?</span> 
     </span>
    </p>
   </div>
   <div class='ocr_carea' id='block_1_9' title="bbox 162 2083 1320 2137">
    <p class='ocr_par' dir='ltr' id='par_1_18' title="bbox 162 2083 1320 2137">
     <span class='ocr_line' id='line_1_29' title="bbox 162 2083 1320 2137; baseline 0.002 -15"><span class='ocrx_word' id='word_1_172' title='bbox 162 2089 201 2122; x_wconf 88' lang='lat' dir='ltr'>et</span> <span class='ocrx_word' id='word_1_173' title='bbox 229 2083 433 2135; x_wconf 86' lang='lat' dir='ltr'>strepitust</span> <span class='ocrx_word' id='word_1_174' title='bbox 461 2083 580 2122; x_wconf 89' lang='lat' dir='ltr'>intus.</span> <span class='ocrx_word' id='word_1_175' title='bbox 632 2095 817 2123; x_wconf 89' lang='lat' dir='ltr'>numnam</span> <span class='ocrx_word' id='word_1_176' title='bbox 851 2097 924 2136; x_wconf 86' lang='lat' dir='ltr'>ego</span> <span class='ocrx_word' id='word_1_177' title='bbox 955 2085 1146 2137; x_wconf 87' lang='lat' dir='ltr'>compilor</span> <span class='ocrx_word' id='word_1_178' title='bbox 1175 2083 1320 2125; x_wconf 82' lang='lat' dir='ltr'>miser?</span> 
     </span>
    </p>
   </div>
   <div class='ocr_carea' id='block_1_10' title="bbox 1666 99 1744 136">
    <p class='ocr_par' dir='ltr' id='par_1_19' title="bbox 1666 99 1744 136">
     <span class='ocr_line' id='line_1_30' title="bbox 1666 99 1744 136; baseline -0.013 0"><span class='ocrx_word' id='word_1_179' title='bbox 1666 99 1744 136; x_wconf 88' lang='lat'>107</span> 
     </span>
    </p>
   </div>
   <div class='ocr_carea' id='block_1_11' title="bbox 1654 214 1745 253">
    <p class='ocr_par' dir='ltr' id='par_1_20' title="bbox 1654 214 1745 253">
     <span class='ocr_line' id='line_1_31' title="bbox 1654 214 1745 253; baseline 0.011 -1"><span class='ocrx_word' id='word_1_180' title='bbox 1654 214 1745 253; x_wconf 71' lang='grc' dir='ltr'>ΠΤ</span> 
     </span>
    </p>
   </div>
   <div class='ocr_carea' id='block_1_12' title="bbox 1758 367 1814 399">
    <p class='ocr_par' dir='ltr' id='par_1_21' title="bbox 1758 367 1814 399">
     <span class='ocr_line' id='line_1_32' title="bbox 1758 367 1814 399; baseline 0 0"><span class='ocrx_word' id='word_1_181' title='bbox 1758 367 1814 399; x_wconf 83' lang='grc'>365</span> 
     </span>
    </p>
   </div>
   <div class='ocr_carea' id='block_1_13' title="bbox 1653 703 1814 834">
    <p class='ocr_par' dir='ltr' id='par_1_22' title="bbox 1653 703 1814 834">
     <span class='ocr_line' id='line_1_33' title="bbox 1757 703 1814 735; baseline 0 0"><span class='ocrx_word' id='word_1_182' title='bbox 1757 703 1814 735; x_wconf 75' lang='lat'>370</span> 
     </span>
     <span class='ocr_line' id='line_1_34' title="bbox 1653 793 1744 834; baseline 0.011 -1"><span class='ocrx_word' id='word_1_183' title='bbox 1653 793 1698 834; x_wconf 92' lang='lat' dir='ltr'>II</span> <span class='ocrx_word' id='word_1_184' title='bbox 1720 796 1744 834; x_wconf 80' lang='lat'>8</span> 
     </span>
    </p>
   </div>
   <div class='ocr_carea' id='block_1_14' title="bbox 1757 1165 1812 1197">
    <p class='ocr_par' dir='ltr' id='par_1_23' title="bbox 1757 1165 1812 1197">
     <span class='ocr_line' id='line_1_35' title="bbox 1757 1165 1812 1197; baseline 0 0"><span class='ocrx_word' id='word_1_185' title='bbox 1757 1165 1812 1197; x_wconf 77' lang='lat'>375</span> 
     </span>
    </p>
   </div>
   <div class='ocr_carea' id='block_1_15' title="bbox 1756 1502 1812 1536">
    <p class='ocr_par' dir='ltr' id='par_1_24' title="bbox 1756 1502 1812 1536">
     <span class='ocr_line' id='line_1_36' title="bbox 1756 1502 1812 1536; baseline 0.036 -2"><span class='ocrx_word' id='word_1_186' title='bbox 1756 1502 1812 1536; x_wconf 83' lang='lat'>380</span> 
     </span>
    </p>
   </div>
   <div class='ocr_carea' id='block_1_16' title="bbox 1755 1841 1811 1874">
    <p class='ocr_par' dir='ltr' id='par_1_25' title="bbox 1755 1841 1811 1874">
     <span class='ocr_line' id='line_1_37' title="bbox 1755 1841 1811 1874; baseline 0 -1"><span class='ocrx_word' id='word_1_187' title='bbox 1755 1841 1811 1874; x_wconf 74' lang='lat'>385</span> 
     </span>
    </p>
   </div>
   <div class='ocr_carea' id='block_1_17' title="bbox 138 2178 1686 2187">
    <p class='ocr_par' dir='ltr' id='par_1_26' title="bbox 138 2178 1686 2187">
     <span class='ocr_line' id='line_1_38' title="bbox 138 2178 1686 2187; baseline 0 0"><span class='ocrx_word' id='word_1_188' title='bbox 138 2178 1686 2187; x_wconf 95' lang='lat' dir='ltr'> </span> 
     </span>
    </p>
   </div>
   <div class='ocr_carea' id='block_1_18' title="bbox 76 2236 1742 2342">
    <p class='ocr_par' dir='ltr' id='par_1_27' title="bbox 76 2236 1742 2342">
     <span class='ocr_line' id='line_1_39' title="bbox 189 2236 1741 2286; baseline 0.002 -13"><span class='ocrx_word' id='word_1_189' title='bbox 189 2240 253 2273; x_wconf 89' lang='lat'>363</span> <span class='ocrx_word' id='word_1_190' title='bbox 279 2248 394 2273; x_wconf 76' lang='lat' dir='ltr'>novae</span> <span class='ocrx_word' id='word_1_191' title='bbox 416 2236 570 2272; x_wconf 78' lang='lat' dir='ltr'>scae&#39;nae</span> <span class='ocrx_word' id='word_1_192' title='bbox 594 2238 795 2273; x_wconf 74' lang='lat' dir='ltr'>inscribunt</span> <span class='ocrx_word' id='word_1_193' title='bbox 825 2249 911 2275; x_wconf 71' lang='lat' dir='ltr'>mro</span> <span class='ocrx_word' id='word_1_194' title='bbox 934 2249 1039 2274; x_wconf 81' lang='lat' dir='ltr'>mcvs</span> <span class='ocrx_word' id='word_1_195' title='bbox 1068 2241 1103 2281; x_wconf 82' lang='grc' dir='ltr'>(ι’.</span> <span class='ocrx_word' id='word_1_196' title='bbox 1121 2250 1151 2275; x_wconf 83' lang='lat' dir='ltr'>e.</span> <span class='ocrx_word' id='word_1_197' title='bbox 1176 2239 1397 2286; x_wconf 83' lang='lat' dir='ltr'>Pythodicus</span> <span class='ocrx_word' id='word_1_198' title='bbox 1422 2244 1464 2275; x_wconf 84' lang='lat' dir='ltr'>ut</span> <span class='ocrx_word' id='word_1_199' title='bbox 1485 2241 1642 2276; x_wconf 74' lang='lat' dir='ltr'>restituit</span> <span class='ocrx_word' id='word_1_200' title='bbox 1667 2240 1741 2277; x_wconf 77' lang='lat' dir='ltr'>Me-</span> 
     </span>
     <span class='ocr_line' id='line_1_40' title="bbox 76 2294 1742 2342; baseline 0.002 -13"><span class='ocrx_word' id='word_1_201' title='bbox 76 2294 172 2336; x_wconf 83' lang='lat' dir='ltr'>rula)</span> <span class='ocrx_word' id='word_1_202' title='bbox 196 2305 332 2330; x_wconf 79' lang='lat' dir='ltr'>smwvs</span> <span class='ocrx_word' id='word_1_203' title='bbox 347 2294 435 2336; x_wconf 88' lang='lat' dir='ltr'>BV,</span> <span class='ocrx_word' id='word_1_204' title='bbox 460 2295 510 2339; x_wconf 85' lang='lat' dir='ltr'>cs.</span> <span class='ocrx_word' id='word_1_205' title='bbox 534 2294 584 2329; x_wconf 79' lang='lat' dir='ltr'>ad</span> <span class='ocrx_word' id='word_1_206' title='bbox 598 2295 690 2330; x_wconf 78' lang='grc'><em>280.</em></span> <span class='ocrx_word' id='word_1_207' title='bbox 740 2296 876 2330; x_wconf 82' lang='lat' dir='ltr'>conieci</span> <span class='ocrx_word' id='word_1_208' title='bbox 904 2296 1002 2332; x_wconf 81' lang='lat' dir='ltr'>intus</span> <span class='ocrx_word' id='word_1_209' title='bbox 1033 2297 1166 2342; x_wconf 72' lang='lat' dir='ltr'>uisam,</span> <span class='ocrx_word' id='word_1_210' title='bbox 1196 2297 1248 2342; x_wconf 81' lang='lat' dir='ltr'>cf.</span> <span class='ocrx_word' id='word_1_211' title='bbox 1273 2297 1370 2333; x_wconf 76' lang='lat' dir='ltr'>Rud.</span> <span class='ocrx_word' id='word_1_212' title='bbox 1396 2299 1489 2341; x_wconf 78' lang='lat'>592,</span> <span class='ocrx_word' id='word_1_213' title='bbox 1521 2297 1621 2342; x_wconf 81' lang='lat' dir='ltr'>quod</span> <span class='ocrx_word' id='word_1_214' title='bbox 1651 2298 1742 2332; x_wconf 74' lang='lat' dir='ltr'>satis</span> 
     </span>
    </p>
   </div>
   <div class='ocr_carea' id='block_1_19' title="bbox 76 2350 1299 2396">
    <p class='ocr_par' dir='ltr' id='par_1_28' title="bbox 76 2350 1299 2396">
     <span class='ocr_line' id='line_1_41' title="bbox 76 2350 1299 2396; baseline 0.001 -9"><span class='ocrx_word' id='word_1_215' title='bbox 76 2354 130 2387; x_wconf 80' lang='lat' dir='ltr'>est</span> <span class='ocrx_word' id='word_1_216' title='bbox 152 2351 202 2385; x_wconf 83' lang='lat' dir='ltr'>ad</span> <span class='ocrx_word' id='word_1_217' title='bbox 223 2351 365 2385; x_wconf 86' lang='lat' dir='ltr'>domum</span> <span class='ocrx_word' id='word_1_218' title='bbox 390 2350 511 2386; x_wconf 79' lang='lat' dir='ltr'>erilem</span> <span class='ocrx_word' id='word_1_219' title='bbox 536 2351 825 2396; x_wconf 74' lang='lat' dir='ltr'>siqnificauclam.</span> <span class='ocrx_word' id='word_1_220' title='bbox 851 2353 901 2396; x_wconf 85' lang='lat' dir='ltr'>cf.</span> <span class='ocrx_word' id='word_1_221' title='bbox 927 2352 1110 2388; x_wconf 73' lang='lat' dir='ltr'>Dziatzlso</span> <span class='ocrx_word' id='word_1_222' title='bbox 1132 2354 1154 2388; x_wconf 86' lang='lat' dir='ltr'>l.</span> <span class='ocrx_word' id='word_1_223' title='bbox 1171 2364 1198 2388; x_wconf 86' lang='lat' dir='ltr'>s.</span> <span class='ocrx_word' id='word_1_224' title='bbox 1216 2354 1270 2388; x_wconf 78' lang='grc'>26</span> <span class='ocrx_word' id='word_1_225' title='bbox 1277 2354 1299 2389; x_wconf 84' lang='grc'><em>7</em></span> 
     </span>
    </p>
   </div>
   <div class='ocr_carea' id='block_1_20' title="bbox 1402 2354 1740 2399">
    <p class='ocr_par' dir='ltr' id='par_1_29' title="bbox 1402 2354 1740 2399">
     <span class='ocr_line' id='line_1_42' title="bbox 1402 2354 1740 2399; baseline 0 -11"><span class='ocrx_word' id='word_1_226' title='bbox 1402 2356 1467 2388; x_wconf 85' lang='grc'>365</span> <span class='ocrx_word' id='word_1_227' title='bbox 1493 2364 1643 2399; x_wconf 88' lang='lat' dir='ltr'>coquam</span> <span class='ocrx_word' id='word_1_228' title='bbox 1666 2354 1740 2388; x_wconf 78' lang='lat' dir='ltr'>No-</span> 
     </span>
    </p>
   </div>
   <div class='ocr_carea' id='block_1_21' title="bbox 75 2406 1742 2513">
    <p class='ocr_par' dir='ltr' id='par_1_30' title="bbox 75 2406 1742 2513">
     <span class='ocr_line' id='line_1_43' title="bbox 75 2406 1742 2455; baseline 0.003 -14"><span class='ocrx_word' id='word_1_229' title='bbox 75 2407 158 2442; x_wconf 79' lang='lat' dir='ltr'>nius</span> <span class='ocrx_word' id='word_1_230' title='bbox 181 2407 262 2441; x_wconf 77' lang='lat'>400</span> <span class='ocrx_word' id='word_1_231' title='bbox 363 2409 427 2441; x_wconf 75' lang='lat'>367</span> <span class='ocrx_word' id='word_1_232' title='bbox 454 2407 485 2442; x_wconf 87' lang='lat' dir='ltr'>si</span> <span class='ocrx_word' id='word_1_233' title='bbox 505 2406 616 2452; x_wconf 87' lang='lat' dir='ltr'>&lt;ipsi&gt;</span> <span class='ocrx_word' id='word_1_234' title='bbox 643 2406 811 2442; x_wconf 76' lang='lat' dir='ltr'>Goetzz&#39;us</span> <span class='ocrx_word' id='word_1_235' title='bbox 908 2410 972 2443; x_wconf 86' lang='lat'>368</span> <span class='ocrx_word' id='word_1_236' title='bbox 998 2412 1104 2445; x_wconf 84' lang='lat' dir='ltr'>erunt</span> <span class='ocrx_word' id='word_1_237' title='bbox 1137 2409 1366 2455; x_wconf 76' lang='lat' dir='ltr'>Waqnerus;</span> <span class='ocrx_word' id='word_1_238' title='bbox 1395 2410 1460 2446; x_wconf 79' lang='lat' dir='ltr'>vix</span> <span class='ocrx_word' id='word_1_239' title='bbox 1490 2410 1607 2445; x_wconf 80' lang='lat' dir='ltr'>locum</span> <span class='ocrx_word' id='word_1_240' title='bbox 1636 2409 1742 2446; x_wconf 78' lang='lat' dir='ltr'>habet</span> 
     </span>
     <span class='ocr_line' id='line_1_44' title="bbox 76 2463 1649 2513; baseline 0.002 -16"><span class='ocrx_word' id='word_1_241' title='bbox 76 2464 296 2498; x_wconf 80' lang='lat' dir='ltr'>constructio</span> <span class='ocrx_word' id='word_1_242' title='bbox 320 2463 439 2508; x_wconf 78' lang='lat' dir='ltr'>qualis</span> <span class='ocrx_word' id='word_1_243' title='bbox 460 2463 590 2509; x_wconf 77' lang='lat' dir='ltr'>Amph.</span> <span class='ocrx_word' id='word_1_244' title='bbox 610 2464 688 2499; x_wconf 77' lang='lat'>320</span> <span class='ocrx_word' id='word_1_245' title='bbox 780 2465 899 2500; x_wconf 84' lang='lat' dir='ltr'>cenati</span> <span class='ocrx_word' id='word_1_246' title='bbox 923 2465 1031 2500; x_wconf 89' lang='lat' dir='ltr'>inferi</span> <span class='ocrx_word' id='word_1_247' title='bbox 1056 2466 1106 2510; x_wconf 81' lang='lat' dir='ltr'>cf.</span> <span class='ocrx_word' id='word_1_248' title='bbox 1121 2465 1246 2501; x_wconf 75' lang='lat' dir='ltr'>Aesclz.</span> <span class='ocrx_word' id='word_1_249' title='bbox 1275 2466 1429 2512; x_wconf 77' lang='lat' dir='ltr'>Clzoeple.</span> <span class='ocrx_word' id='word_1_250' title='bbox 1448 2467 1523 2502; x_wconf 72' lang='lat'>470</span> <span class='ocrx_word' id='word_1_251' title='bbox 1536 2478 1589 2513; x_wconf 84' lang='lat' dir='ltr'>sq.</span> <span class='ocrx_word' id='word_1_252' title='bbox 1606 2466 1649 2500; x_wconf 72' lang='grc' dir='ltr'>[ι’.</span> 
     </span>
    </p>
   </div>
   <div class='ocr_carea' id='block_1_22' title="bbox 75 2518 1497 2681">
    <p class='ocr_par' dir='ltr' id='par_1_31' title="bbox 75 2518 1497 2681">
     <span class='ocr_line' id='line_1_45' title="bbox 77 2518 1279 2557; baseline 0.003 -4"><span class='ocrx_word' id='word_1_253' title='bbox 77 2521 141 2554; x_wconf 86' lang='grc'>369</span> <span class='ocrx_word' id='word_1_254' title='bbox 161 2520 226 2555; x_wconf 82' lang='lat' dir='ltr'>sed</span> <span class='ocrx_word' id='word_1_255' title='bbox 251 2518 445 2554; x_wconf 80' lang='lat' dir='ltr'>Gruterus:</span> <span class='ocrx_word' id='word_1_256' title='bbox 469 2519 500 2554; x_wconf 83' lang='lat' dir='ltr'>si</span> <span class='ocrx_word' id='word_1_257' title='bbox 615 2523 681 2555; x_wconf 76' lang='lat'>370</span> <span class='ocrx_word' id='word_1_258' title='bbox 706 2521 774 2556; x_wconf 85' lang='lat' dir='ltr'>siet</span> <span class='ocrx_word' id='word_1_259' title='bbox 889 2521 1031 2557; x_wconf 78' lang='lat' dir='ltr'>Evcmo</span> <span class='ocrx_word' id='word_1_260' title='bbox 1057 2533 1173 2557; x_wconf 80' lang='lat' dir='ltr'><strong>SENEX</strong></span> <span class='ocrx_word' id='word_1_261' title='bbox 1197 2522 1279 2557; x_wconf 88' lang='lat' dir='ltr'>BV</span> 
     </span>
     <span class='ocr_line' id='line_1_46' title="bbox 76 2574 1497 2622; baseline 0.003 -12"><span class='ocrx_word' id='word_1_262' title='bbox 76 2574 258 2622; x_wconf 78' lang='lat' dir='ltr'>Scaliqer:</span> <span class='ocrx_word' id='word_1_263' title='bbox 281 2576 450 2611; x_wconf 87' lang='lat' dir='ltr'>haberem</span> <span class='ocrx_word' id='word_1_264' title='bbox 465 2587 520 2611; x_wconf 89' lang='lat' dir='ltr'>me</span> <span class='ocrx_word' id='word_1_265' title='bbox 538 2576 600 2618; x_wconf 77' lang='lat' dir='ltr'>B2,</span> <span class='ocrx_word' id='word_1_266' title='bbox 624 2577 793 2612; x_wconf 85' lang='lat' dir='ltr'>haberem</span> <span class='ocrx_word' id='word_1_267' title='bbox 810 2577 897 2613; x_wconf 87' lang='lat' dir='ltr'>B¹D</span> <span class='ocrx_word' id='word_1_268' title='bbox 909 2578 941 2612; x_wconf 89' lang='lat' dir='ltr'><em>V</em></span> <span class='ocrx_word' id='word_1_269' title='bbox 1028 2578 1126 2613; x_wconf 85' lang='lat' dir='ltr'>filiae</span> <span class='ocrx_word' id='word_1_270' title='bbox 1142 2578 1265 2619; x_wconf 86' lang='lat' dir='ltr'>(filiam</span> <span class='ocrx_word' id='word_1_271' title='bbox 1291 2579 1337 2612; x_wconf 85' lang='lat' dir='ltr'>V1</span> <span class='ocrx_word' id='word_1_272' title='bbox 1353 2584 1393 2613; x_wconf 81' lang='lat' dir='ltr'>ut</span> <span class='ocrx_word' id='word_1_273' title='bbox 1416 2580 1497 2621; x_wconf 76' lang='lat' dir='ltr'>vid.)</span> 
     </span>
     <span class='ocr_line' id='line_1_47' title="bbox 75 2631 1378 2681; baseline 0.002 -14"><span class='ocrx_word' id='word_1_274' title='bbox 75 2632 215 2667; x_wconf 80' lang='lat' dir='ltr'>filinam</span> <span class='ocrx_word' id='word_1_275' title='bbox 232 2631 359 2667; x_wconf 86' lang='lat' dir='ltr'><em>B¹DV</em></span> <span class='ocrx_word' id='word_1_276' title='bbox 449 2633 493 2668; x_wconf 81' lang='lat' dir='ltr'>de</span> <span class='ocrx_word' id='word_1_277' title='bbox 517 2637 592 2668; x_wconf 80' lang='lat' dir='ltr'>celo</span> <span class='ocrx_word' id='word_1_278' title='bbox 606 2639 693 2680; x_wconf 80' lang='lat' dir='ltr'>post</span> <span class='ocrx_word' id='word_1_279' title='bbox 708 2635 826 2679; x_wconf 74' lang='lat' dir='ltr'>pisces</span> <span class='ocrx_word' id='word_1_280' title='bbox 843 2636 1025 2669; x_wconf 73' lang='lat' dir='ltr'>nominum</span> <span class='ocrx_word' id='word_1_281' title='bbox 1043 2635 1094 2680; x_wconf 83' lang='lat' dir='ltr'>cf.</span> <span class='ocrx_word' id='word_1_282' title='bbox 1114 2635 1214 2681; x_wconf 77' lang='lat' dir='ltr'>Capt.</span> <span class='ocrx_word' id='word_1_283' title='bbox 1236 2636 1313 2670; x_wconf 76' lang='lat'>848</span> <span class='ocrx_word' id='word_1_284' title='bbox 1324 2647 1378 2681; x_wconf 83' lang='lat' dir='ltr'>sq.</span> 
     </span>
    </p>
   </div>
   <div class='ocr_carea' id='block_1_23' title="bbox 1400 2523 1740 2682">
    <p class='ocr_par' dir='ltr' id='par_1_32' title="bbox 1400 2523 1740 2682">
     <span class='ocr_line' id='line_1_48' title="bbox 1400 2523 1740 2558; baseline 0.003 -1"><span class='ocrx_word' id='word_1_285' title='bbox 1400 2525 1465 2557; x_wconf 76' lang='lat'>372</span> <span class='ocrx_word' id='word_1_286' title='bbox 1490 2534 1546 2558; x_wconf 89' lang='lat' dir='ltr'>me</span> <span class='ocrx_word' id='word_1_287' title='bbox 1570 2523 1740 2558; x_wconf 82' lang='lat' dir='ltr'>haberem</span> 
     </span>
     <span class='ocr_line' id='line_1_49' title="bbox 1592 2581 1738 2616; baseline 0.021 -3"><span class='ocrx_word' id='word_1_288' title='bbox 1592 2582 1656 2614; x_wconf 76' lang='lat'>375</span> <span class='ocrx_word' id='word_1_289' title='bbox 1682 2581 1738 2616; x_wconf 88' lang='lat' dir='ltr'>ui-</span> 
     </span>
     <span class='ocr_line' id='line_1_50' title="bbox 1472 2637 1737 2682; baseline 0.008 -11"><span class='ocrx_word' id='word_1_290' title='bbox 1472 2640 1536 2672; x_wconf 78' lang='lat'>377</span> <span class='ocrx_word' id='word_1_291' title='bbox 1555 2637 1607 2682; x_wconf 88' lang='lat' dir='ltr'>cf.</span> <span class='ocrx_word' id='word_1_292' title='bbox 1624 2638 1737 2675; x_wconf 80' lang='lat' dir='ltr'>Poen.</span> 
     </span>
    </p>
   </div>
   <div class='ocr_carea' id='block_1_24' title="bbox 76 2688 1737 2795">
    <p class='ocr_par' dir='ltr' id='par_1_33' title="bbox 76 2688 1737 2795">
     <span class='ocr_line' id='line_1_51' title="bbox 76 2688 1737 2739; baseline 0.005 -17"><span class='ocrx_word' id='word_1_293' title='bbox 76 2688 152 2722; x_wconf 76' lang='lat'>455</span> <span class='ocrx_word' id='word_1_294' title='bbox 251 2689 338 2724; x_wconf 90' lang='lat' dir='ltr'>illim</span> <span class='ocrx_word' id='word_1_295' title='bbox 361 2690 476 2724; x_wconf 83' lang='lat' dir='ltr'>iratus</span> <span class='ocrx_word' id='word_1_296' title='bbox 504 2689 658 2725; x_wconf 75' lang='lat' dir='ltr'>Bothius</span> <span class='ocrx_word' id='word_1_297' title='bbox 759 2691 886 2735; x_wconf 86' lang='lat' dir='ltr'>(mihi)</span> <span class='ocrx_word' id='word_1_298' title='bbox 910 2691 961 2725; x_wconf 92' lang='lat' dir='ltr'>nil</span> <span class='ocrx_word' id='word_1_299' title='bbox 994 2691 1218 2736; x_wconf 71' lang='lat' dir='ltr'>W&#39;a972c7·u5;</span> <span class='ocrx_word' id='word_1_300' title='bbox 1242 2693 1286 2727; x_wconf 81' lang='lat' dir='ltr'>cle</span> <span class='ocrx_word' id='word_1_301' title='bbox 1309 2693 1534 2739; x_wconf 70' lang='lat' dir='ltr'>synaloepha</span> <span class='ocrx_word' id='word_1_302' title='bbox 1559 2695 1610 2739; x_wconf 85' lang='lat' dir='ltr'>cf.</span> <span class='ocrx_word' id='word_1_303' title='bbox 1636 2694 1737 2730; x_wconf 83' lang='lat' dir='ltr'>Pers.</span> 
     </span>
     <span class='ocr_line' id='line_1_52' title="bbox 79 2745 1648 2795; baseline 0.005 -17"><span class='ocrx_word' id='word_1_304' title='bbox 79 2745 164 2778; x_wconf 77' lang='lat'><strong><em>626.</em></strong></span> <span class='ocrx_word' id='word_1_305' title='bbox 185 2745 259 2779; x_wconf 79' lang='lat'>834</span> <span class='ocrx_word' id='word_1_306' title='bbox 351 2748 415 2780; x_wconf 77' lang='lat'>379</span> <span class='ocrx_word' id='word_1_307' title='bbox 432 2746 620 2782; x_wconf 78' lang='lat' dir='ltr'>interuias:</span> <span class='ocrx_word' id='word_1_308' title='bbox 646 2746 826 2782; x_wconf 87' lang='lat' dir='ltr'>interdum</span> <span class='ocrx_word' id='word_1_309' title='bbox 846 2747 986 2782; x_wconf 67' lang='lat' dir='ltr'>Nonius</span> <span class='ocrx_word' id='word_1_310' title='bbox 1003 2749 1079 2782; x_wconf 80' lang='lat'>496</span> <span class='ocrx_word' id='word_1_311' title='bbox 1097 2746 1307 2793; x_wconf 65' lang='lat' dir='ltr'>(qenetivecs</span> <span class='ocrx_word' id='word_1_312' title='bbox 1317 2760 1392 2795; x_wconf 76' lang='lat' dir='ltr'>pro</span> <span class='ocrx_word' id='word_1_313' title='bbox 1411 2748 1648 2794; x_wconf 77' lang='lat' dir='ltr'>accusalz‘vo’)</span> 
     </span>
    </p>
   </div>
   <div class='ocr_carea' id='block_1_25' title="bbox 76 2800 1314 2848">
    <p class='ocr_par' dir='ltr' id='par_1_34' title="bbox 76 2800 1314 2848">
     <span class='ocr_line' id='line_1_53' title="bbox 76 2800 1314 2848; baseline 0.006 -15"><span class='ocrx_word' id='word_1_314' title='bbox 76 2802 137 2834; x_wconf 87' lang='grc'>381</span> <span class='ocrx_word' id='word_1_315' title='bbox 164 2800 235 2835; x_wconf 88' lang='lat' dir='ltr'>nisi</span> <span class='ocrx_word' id='word_1_316' title='bbox 259 2801 289 2836; x_wconf 84' lang='lat' dir='ltr'>si</span> <span class='ocrx_word' id='word_1_317' title='bbox 312 2801 469 2845; x_wconf 81' lang='lat' dir='ltr'>parseris</span> <span class='ocrx_word' id='word_1_318' title='bbox 489 2801 717 2837; x_wconf 73' lang='lat' dir='ltr'>Abralzamus</span> <span class='ocrx_word' id='word_1_319' title='bbox 740 2803 834 2838; x_wconf 80' lang='lat' dir='ltr'>stud.</span> <span class='ocrx_word' id='word_1_320' title='bbox 856 2803 910 2838; x_wconf 90' lang='lat' dir='ltr'>Pl.</span> <span class='ocrx_word' id='word_1_321' title='bbox 926 2803 1020 2844; x_wconf 74' lang='lat'>214;</span> <span class='ocrx_word' id='word_1_322' title='bbox 1044 2804 1095 2848; x_wconf 85' lang='lat' dir='ltr'>cf.</span> <span class='ocrx_word' id='word_1_323' title='bbox 1116 2803 1219 2839; x_wconf 75' lang='lat' dir='ltr'>Truc.</span> <span class='ocrx_word' id='word_1_324' title='bbox 1239 2805 1314 2840; x_wconf 83' lang='lat'>375</span> 
     </span>
    </p>
   </div>
   <div class='ocr_carea' id='block_1_26' title="bbox 75 2854 1239 2904">
    <p class='ocr_par' dir='ltr' id='par_1_35' title="bbox 75 2854 1239 2904">
     <span class='ocr_line' id='line_1_54' title="bbox 75 2854 1239 2904; baseline 0.004 -14"><span class='ocrx_word' id='word_1_325' title='bbox 75 2856 144 2891; x_wconf 88' lang='lat' dir='ltr'>hoc</span> <span class='ocrx_word' id='word_1_326' title='bbox 168 2858 205 2891; x_wconf 84' lang='lat' dir='ltr'>et</span> <span class='ocrx_word' id='word_1_327' title='bbox 229 2854 440 2892; x_wconf 76' lang='lat' dir='ltr'>Priscianus</span> <span class='ocrx_word' id='word_1_328' title='bbox 455 2858 488 2899; x_wconf 88' lang='lat'>1,</span> <span class='ocrx_word' id='word_1_329' title='bbox 512 2858 606 2893; x_wconf 74' lang='lat'><em>104..-</em></span> <span class='ocrx_word' id='word_1_330' title='bbox 630 2862 666 2893; x_wconf 84' lang='lat' dir='ltr'>et</span> <span class='ocrx_word' id='word_1_331' title='bbox 689 2860 800 2894; x_wconf 86' lang='lat' dir='ltr'>hasce</span> <span class='ocrx_word' id='word_1_332' title='bbox 893 2862 958 2894; x_wconf 80' lang='grc'>386</span> <span class='ocrx_word' id='word_1_333' title='bbox 982 2860 1239 2904; x_wconf 90' lang='lat' dir='ltr'>imponeuntur</span> 
     </span>
    </p>
   </div>
   <div class='ocr_carea' id='block_1_27' title="bbox 1335 2806 1678 2908">
    <p class='ocr_par' dir='ltr' id='par_1_36' title="bbox 1335 2806 1678 2908">
     <span class='ocr_line' id='line_1_55' title="bbox 1406 2806 1650 2842; baseline 0.012 -2"><span class='ocrx_word' id='word_1_334' title='bbox 1406 2808 1470 2841; x_wconf 82' lang='lat'>385</span> <span class='ocrx_word' id='word_1_335' title='bbox 1495 2807 1592 2842; x_wconf 91' lang='lat' dir='ltr'>hunc</span> <span class='ocrx_word' id='word_1_336' title='bbox 1616 2806 1650 2842; x_wconf 82' lang='lat' dir='ltr'><em>V</em></span> 
     </span>
     <span class='ocr_line' id='line_1_56' title="bbox 1335 2863 1678 2908; baseline 0.012 -12"><span class='ocrx_word' id='word_1_337' title='bbox 1335 2864 1399 2897; x_wconf 83' lang='grc'>389</span> <span class='ocrx_word' id='word_1_338' title='bbox 1424 2863 1598 2908; x_wconf 85' lang='lat' dir='ltr'>strepitus</span> <span class='ocrx_word' id='word_1_339' title='bbox 1623 2867 1678 2902; x_wconf 84' lang='lat' dir='ltr'>est</span> 
     </span>
    </p>
   </div>
  </div>
 </body>
</html>
