1998 3179
87 97 131 125 Ν
148 97 174 130 1,
186 95 264 128 8-2,
278 95 295 122 5
783 82 1058 120 MERCATOR
1661 72 1741 110 463

90 218 128 251 et
158 210 295 251 eodem
326 205 474 247 accedit
504 203 681 249 servitus,
713 200 846 248 sudor,
877 199 980 238 sitis:

89 278 203 319 simul
232 278 328 317 haec
359 286 460 326 quae
489 277 604 324 porto
635 269 871 322 deprimunt.
929 266 1039 305 DOR.
1090 263 1241 314 Aliquid
1274 261 1369 301 cedo
1756 262 1813 294 675

89 347 154 398 qui
184 346 287 384 hano
316 342 433 382 vicini
463 339 587 379 nostri
616 341 723 377 aram
752 346 927 386 augeam.

88 414 135 452 da
166 425 259 453 sane
288 411 389 450 hanc
419 409 565 459 virgam
595 405 705 445 lauri.
764 403 826 442 abi
856 408 900 441 tu
930 402 1048 440 intro.
1107 399 1207 439 SYR.
1255 397 1326 436 Eo.
1357 420 1412 425 —

88 482 196 522 DoR.
246 477 400 530 Apollo,
431 486 576 526 quaeso
606 479 658 520 te,
688 477 733 510 ut
762 471 830 509 des
861 480 996 521 pacem
1026 466 1233 518 propitius,

89 550 252 588 salutem
284 552 323 585 et
352 543 555 584 sanitatem
585 545 743 579 nostrae
773 537 953 583 familiae,

89 627 257 667 meoque
286 619 330 652 ut
359 622 495 663 parcas
525 613 644 660 gnato
675 618 770 658 pace
800 603 1006 656 propitius.
1391 602 1394 605 ’
1758 597 1815 631 680

844 691 997 733 SYRA

91 771 269 824 Disperii,
300 769 398 821 perii
429 767 580 814 misera,
609 776 678 803 vae
710 762 873 801 miserae
903 759 1010 798 mihi.

88 840 198 880 DOR.
250 837 356 877 Satin
388 841 429 874 tu
462 845 557 874 sana
589 845 641 879 es,
674 827 867 870 obsecro?
900 827 991 879 quid
1023 822 1169 865 eiulas?

90 908 190 948 SYR.
239 905 424 956 Dorippa,
456 914 541 941 mea
571 899 756 951 Dorippa.
814 897 924 936 Don.
975 894 1076 940 Quid
1108 893 1262 938 clamas,
1293 887 1488 929 obsecro?

90 975 190 1016 Sm.
238 972 378 1013 Nescio
418 975 556 1022 quaest
583 967 724 1007 mulier
752 966 858 1005 intus
887 964 952 1002 hio
981 963 1021 1002 in
1053 961 1225 1001 aedibus.

89 1044 200 1083 Dore.
249 1040 363 1088 Quid,
394 1036 561 1078 mulier?
620 1036 720 1076 SYR.
769 1033 910 1072 Mulier
938 1030 1135 1070 meretrix.
1204 1028 1314 1068 Doss.
1365 1026 1492 1065 Veron
1524 1020 1658 1063 serio?
1762 1022 1818 1055 685

93 1111 194 1151 SYR.
243 1108 412 1148 Nimium
444 1106 520 1146 scis
549 1116 699 1156 sapere,
730 1101 812 1141 ruri
845 1112 943 1151 quae
973 1111 1054 1138 non
1086 1096 1286 1136 manseris.

94 1177 268 1230 quamvis
298 1175 489 1228 insipiens
518 1177 672 1225 poterat
700 1168 989 1222 persentiscere

636 1253 657 1276 *

92 1312 195 1352 illam
227 1323 311 1351 esse
341 1309 504 1349 amicam
535 1307 591 1346 tui
620 1306 690 1345 viri
721 1303 945 1344 hellissumi.

93 1381 203 1421 DOR.
255 1379 378 1418 Credo
409 1381 614 1416 mecastor.
674 1373 775 1413 SYR.
825 1371 868 1409 Ei
900 1370 973 1408 hac
1004 1379 1171 1414 mecum,
1204 1372 1246 1405 ut
1274 1365 1404 1404 videas
1434 1360 1559 1402 semul

93 1454 200 1487 tuam
231 1446 485 1486 Alcumenam
517 1442 716 1495 paelicem,
749 1440 847 1478 luno
878 1450 976 1476 mea.
1006 1459 1062 1465 —-—
1762 1432 1823 1464 690

94 1517 205 1556 DOR.
256 1514 419 1553 Ecastor
447 1524 539 1552 vero
571 1511 670 1550 istuc
701 1520 746 1547 eo
779 1512 967 1557 quantum
999 1509 1139 1556 potest.
1173 1524 1221 1530 -

735 1592 1111 1637 LYSIMACHVS
1645 1585 1707 1624 IV
1731 1585 1754 1622 2

96 1674 292 1713 Parumne
323 1673 382 1711 est
411 1669 523 1709 malai
552 1668 623 1715 rei,
655 1666 758 1718 quod
790 1670 892 1703 amat
922 1662 1124 1713 Demipho,

95 1742 136 1780 ni
166 1745 419 1792 sumptuosus
449 1738 611 1788 insuper
641 1735 754 1774 etiam
787 1730 886 1772 siet?

96 1810 231 1849 decem
261 1810 294 1847 si
322 1811 498 1845 vocasset
527 1815 700 1844 summos
732 1801 778 1840 ad
808 1810 946 1839 cenam
976 1798 1093 1843 viros,

101 1876 262 1916 nimium
294 1873 507 1914 obsonavit.
567 1872 634 1911 sed
666 1881 828 1920 coquos,
859 1867 967 1918 quasi
999 1866 1038 1904 in
1070 1863 1164 1903 mari
1770 1860 1826 1892 695

99 1944 198 1985 solet
227 1944 405 1982 hortator
435 1940 603 1992 remiges
632 1937 839 1983 hortarier,

212 2068 278 2100 674
302 2065 426 2100 eodem
452 2063 502 2107 cf.
527 2060 606 2096 Mil.
624 2061 726 2094 1228
750 2057 882 2093 Pseud.
912 2056 982 2091 768
1010 2054 1087 2089 Ter.
1115 2052 1203 2087 Hec.
1229 2051 1276 2084 34
1369 2050 1434 2082 676
1459 2055 1639 2090 augeram,
1663 2053 1757 2078 corr.

97 2121 242 2158 Merula
356 2123 398 2154 ut
427 2129 507 2154 oum
531 2116 727 2153 Ritsclzelio
761 2112 956 2149 secundum
984 2109 1116 2146 Bacch.
1142 2109 1213 2143 172
1243 2105 1424 2153 Apollinis
1453 2112 1581 2137 nomen
1605 2100 1758 2144 inferas,

98 2177 257 2213 scribere
274 2176 399 2223 possis
423 2174 485 2219 qui
506 2174 602 2209 hanc
625 2171 737 2208 uicini
761 2181 860 2206 aram
877 2167 1055 2214 Apollinis
1072 2165 1187 2201 nostri
1203 2173 1365 2209 augeam.
1401 2159 1465 2196 sed
1479 2159 1639 2204 fortasse
1654 2156 1760 2201 <uer-

97 2234 244 2277 benae,>
274 2232 334 2277 qui
450 2233 513 2264 677
540 2230 575 2265 S.
598 2239 738 2275 praem.
851 2236 900 2260 ms
928 2225 959 2259 B
1073 2223 1235 2267 fortasse
1259 2218 1376 2263 (iam)
1400 2217 1461 2252 abi
1484 2212 1669 2260 (Pylades)

101 2294 165 2326 680
196 2300 288 2335 paee
315 2288 368 2323 B:
397 2297 507 2333 parce
534 2285 594 2321 CD
706 2294 799 2329 pace
829 2281 1010 2327 propitius
1035 2279 1086 2323 cf.
1110 2288 1222 2323 pacer
1248 2287 1336 2322 pase
1359 2279 1424 2310 tua.
1457 2271 1670 2306 Vmbrorum

98 2345 309 2393 Porphyrio
334 2343 382 2378 acl
398 2353 509 2378 carm.
526 2352 618 2376 saec.
639 2341 687 2375 33
705 2340 756 2375 Pl.
774 2340 813 2374 in
830 2339 879 2373 M.
905 2357 948 2362 —
972 2335 1113 2371 inducit
1135 2336 1286 2369 matrem
1310 2331 1464 2367 familias
1487 2325 1631 2373 precari
1647 2323 1758 2368 Apol-

100 2403 221 2447 linem,
244 2403 331 2436 nato
357 2410 422 2435 suo
448 2401 490 2434 ut
511 2400 641 2443 parcat
733 2396 909 2430 681—713
929 2392 1154 2439 paucissima
1179 2392 1323 2425 servata
1347 2389 1383 2422 in
1408 2387 1439 2421 Α
1531 2385 1593 2417 681
1622 2380 1760 2424 disper-

101 2459 132 2494 si
162 2459 205 2500 P,
239 2458 402 2504 d]{[spe]r
425 2475 468 2481 -
493 2456 524 2490 Α
641 2455 705 2489 682
741 2461 848 2487 sanas
885 2450 1034 2485 obsecro
1070 2447 1166 2492 quod
1200 2445 1348 2481 uolebas
1374 2443 1408 2478 B
1525 2441 1588 2474 683
1626 2437 1762 2472 conieci

99 2515 281 2559 Rodippa„
305 2512 474 2558 Rodippa
496 2522 577 2547 mea
600 2511 675 2549 (Ar.
693 2508 778 2554 Lys.
798 2507 886 2547 370)
1003 2507 1067 2539 684
1090 2503 1219 2538 mulier
1243 2511 1335 2545 quae
1359 2501 1414 2534 est
1431 2497 1491 2533 CD
1583 2497 1648 2529 685
1670 2493 1762 2529 serie

104 2570 181 2607 C¹D
204 2569 311 2614 (serio
329 2570 373 2610 A)
466 2571 530 2603 687
556 2565 767 2612 quamu[ei]s
790 2564 822 2598 Α
910 2565 997 2608 post
1019 2560 1115 2595 hunc
1137 2570 1169 2594 v.
1195 2558 1288 2593 (clius
1312 2557 1349 2591 in
1366 2556 1397 2590 A
1413 2553 1563 2590 extabat
1587 2551 1763 2598 incipiens

103 2627 147 2662 ab
171 2637 196 2661 n
220 2626 288 2668 (vel
310 2626 348 2669 h,
371 2624 394 2668 i,
418 2627 466 2668 ως
497 2628 606 2669 atque
635 2621 864 2657 desideratur
895 2618 966 2654 tale
994 2615 1191 2652 sententiae
1219 2612 1525 2659 supplementum:
1558 2609 1659 2643 illum
1688 2617 1759 2642 non

101 2686 236 2719 temere
259 2681 320 2716 hic
343 2680 527 2716 mansisse.
578 2681 721 2714 ecastor
747 2675 903 2721 palamst
1019 2675 1082 2708 689
1105 2672 1119 2706 i
1145 2670 1204 2706 CD
1319 2668 1497 2703 690-692
1521 2664 1613 2700 nihil
1642 2665 1673 2699 A

103 2741 168 2774 692
192 2746 424 2773 anqucnvs
448 2745 564 2770 snxmx
586 2745 632 2769 nv
657 2737 719 2775 (nv
743 2743 812 2768 om.
837 2733 879 2773 B)
904 2729 979 2772 BC,
999 2740 1065 2764 om.
1086 2727 1117 2763 D
1208 2727 1258 2772 cf.
1278 2724 1355 2760 Ter.
1374 2722 1520 2758 Phorm.
1540 2721 1613 2756 546
1629 2720 1760 2755 Pacuv.

102 2806 133 2830 v.
159 2795 237 2829 277
257 2793 302 2828 R.
393 2791 510 2826 malae
602 2793 669 2825 694
699 2790 820 2824 decem
847 2797 885 2832 se
911 2806 951 2811 —
977 2785 1021 2827 Α,
1046 2785 1169 2819 decem
1201 2782 1233 2817 si
1256 2782 1302 2816 ad
1327 2790 1451 2816 cenam
1475 2779 1644 2814 uocasset
1667 2787 1762 2811 sum—

103 2861 180 2886 mos
205 2849 316 2893 uiros,
340 2848 491 2883 correxi
