1998 3179
111 103 157 131 lv
173 105 200 138 3,
213 103 307 137 25—4‚
320 104 354 131 11
800 102 1072 138 MERCATOR
1684 104 1765 141 465

114 217 224 257 Dore.
274 216 376 262 Quin
407 215 533 257 dicis?
590 217 689 258 LYs.
740 217 843 263 Quin
875 217 906 257 si
936 217 1050 257 liceat
1079 241 1128 246 —
1162 218 1272 258 DOR.
1322 218 1474 257 Dictum
1506 219 1693 270 oportuit.

116 284 217 325 LYS.
266 285 353 324 Non
385 297 557 336 possum,
588 285 639 323 ita
670 284 810 333 instas;
841 296 959 335 urges
989 285 1099 336 quasi
1129 298 1200 337 pro
1233 285 1362 324 noxio,
1779 293 1835 325 725

114 351 224 392 DOR.
275 352 377 401 Scio,
408 351 617 391 innoxiu’s.
676 351 776 391 LYs.
825 352 1018 390 Audacter
1048 364 1163 403 quam
1194 352 1249 392 vis
1279 353 1409 392 dicito.

112 419 223 460 DoR.
268 419 338 458 Dic
367 419 493 471 igitur.
557 419 657 459 LYS.
698 419 843 458 Dicam.
901 419 1011 459 DOR.
1062 421 1111 458 At
1140 421 1206 471 qui
1238 420 1450 459 dicundum
1481 426 1540 459 est
1568 425 1711 460 tamen.

113 486 213 527 LYs.
263 486 369 527 Illast
397 509 453 515 —
483 487 595 526 etiam
626 487 682 526 vis
712 499 857 526 nomen
887 485 1040 526 dicam?
1098 487 1207 527 DOR.
1258 487 1361 526 Nihil
1389 487 1483 537 agis,

112 554 333 593 manufesto
364 559 480 593 teneo
510 555 549 593 in
584 554 710 592 noxia.
768 554 868 594 LYs.
918 554 1004 600 Qua
1035 552 1180 593 noxia?

113 620 185 659 ista
207 621 363 672 quidem
383 622 448 660 illa
478 628 548 660 est.
605 621 715 660 Doss.
757 620 864 666 Quae
895 621 957 660 illa
989 621 1079 663 est?
1137 621 1236 662 LYs.
1285 621 1351 660 llla
1374 644 1427 650 —
1455 621 1562 662 DoR.
1609 631 1632 662 ÷
1662 622 1767 661 Iohia
1781 629 1838 662 730

111 687 212 729 LYS‚
261 687 341 727 Iam
370 710 426 717 —
456 689 485 728 si
519 688 615 727 nihil
645 700 739 727 usus
769 694 883 735 esset,
914 688 988 727 iam
1021 702 1101 728 non
1133 689 1315 728 dicerem.

111 755 222 795 DOR.
271 755 358 795 Non
389 762 431 794 tu
462 755 538 794 scis
569 767 667 806 quae
697 755 747 794 sit
776 754 867 794 illa?
925 756 1025 796 LYs.
1075 756 1198 795 Immo
1230 756 1305 795 iam
1337 756 1436 795 seio:
1668 763 1837 796 732--735

113 822 161 861 de
191 823 286 862 istac
316 835 403 863 sum
433 823 547 862 iudex
579 830 728 874 captus.
787 823 897 863 DOR.
946 822 1096 863 ludex?
1128 824 1203 863 iam
1235 824 1337 863 scio:

114 902 223 929 nunc
252 896 294 930 tu
326 890 365 929 in
397 890 603 930 consilium
635 890 747 930 istam
777 891 1008 930 advocavisti
1038 891 1122 930 tibi.

111 957 212 998 LYs.
260 957 383 997 Immo
415 959 492 998 sic:
524 961 725 1009 sequestro
757 958 850 997 mihi
881 959 1015 998 datast.
1074 959 1184 999 Don.
1235 958 1438 1010 Intellego.

112 1024 212 1065 LYs.
261 1025 364 1064 Nihil
393 1025 524 1064 hercle
554 1025 665 1065 istius
695 1026 903 1077 quicquam
937 1033 1006 1066 est.
1066 1027 1176 1066 DOR.
1226 1026 1397 1065 Numero
1428 1025 1596 1077 purigas.

112 1091 212 1132 LYs.
261 1092 432 1131 Nimium
463 1093 595 1144 negoti
625 1093 796 1144 repperi.
857 1094 961 1133 enim
992 1107 1082 1133 vero
1114 1095 1270 1133 haereo.
1782 1100 1838 1132 ’140

399 1238 405 1240 ῃ
856 1183 1034 1224 COCVS
1659 1182 1725 1222 IV
1744 1183 1771 1221 4

113 1249 226 1300 Agite
256 1249 307 1288 ite
339 1254 524 1297 actutum,
557 1262 646 1288 nam
678 1250 730 1288 mi
761 1251 921 1289 amatori
953 1251 1038 1290 seni

114 1317 357 1368 coquendast
386 1329 496 1356 cena.
556 1320 685 1367 atque,
718 1330 836 1368 quom
866 1319 1055 1370 recogito,

115 1384 229 1424 nohis
259 1386 513 1436 coquendast,
545 1397 625 1423 non
656 1382 773 1437 <quoi
804 1383 1011 1438 con>ducti
1043 1397 1188 1424 sumus.

114 1464 204 1491 nam
237 1456 304 1503 qui
334 1459 436 1491 amat
466 1453 568 1503 quod
599 1459 699 1491 amat
729 1456 760 1491 si
792 1453 920 1500 habet,
952 1453 989 1492 id
1019 1453 1134 1492 habet
1164 1465 1236 1504 pro
1268 1451 1377 1490 cibo:

112 1519 256 1567 videre,
287 1520 480 1572 amplecti,
513 1520 691 1567 osculari,
723 1520 887 1571 alloqui;
1784 1514 1839 1547 '145

112 1588 180 1626 sed
211 1600 285 1626 nos
315 1587 470 1626 confido
501 1594 666 1627 onustos
695 1588 889 1627 redituros
920 1588 1090 1626 domum.

112 1655 165 1694 ite
194 1655 278 1694 hac.
339 1654 405 1694 sed
437 1667 572 1693 eccum
605 1654 671 1705 qui
702 1667 775 1694 nos
805 1655 994 1694 conduxit
1023 1666 1156 1693 senex.

112 1722 212 1763 LYs.
257 1722 359 1761 Ecce
390 1729 518 1761 autem
549 1722 661 1773 perii,
693 1734 841 1773 coquos
871 1722 991 1761 adest.
1051 1721 1147 1761 Coc.
1197 1720 1445 1759 Advenimus.

112 1790 212 1831 LYs.
242 1790 327 1828 Abi.
381 1789 477 1830 Coc.
509 1789 623 1835 Quid,
653 1788 817 1828 abeam?
861 1789 960 1830 LYs.
1003 1790 1059 1836 St,
1086 1788 1161 1828 abi.
1216 1788 1313 1829 Coc.
1345 1785 1517 1827 Abeam‘?
1566 1787 1664 1827 LYs.
1686 1786 1771 1825 Abi.

113 1857 210 1898 Coc.
258 1857 345 1896 Non
378 1856 470 1896 estis
499 1855 707 1895 cenaturi?
763 1857 862 1897 LYS.
912 1857 991 1895 Iam
1021 1856 1140 1896 saturi
1173 1867 1319 1895 sumus.
1786 1851 1843 1883 750

113 1925 210 1966 Coc.
259 1924 336 1963 Sed
367 1948 422 1953 —
450 1924 549 1964 LYs.
599 1924 747 1963 Interii.
804 1925 914 1964 Dore.
965 1924 1066 1970 Quid
1098 1924 1153 1963 ais
1183 1921 1254 1962 tu?
1294 1923 1461 1961 etiamne
1492 1922 1587 1961 haec
1622 1922 1675 1960 illi
1704 1921 1775 1960 tibi

228 2072 290 2103 727
318 2072 356 2104 at
380 2069 441 2113 qui
467 2068 538 2109 CI),
563 2071 602 2103 at
624 2068 710 2113 quid
734 2069 789 2109 B,·
821 2068 956 2111 dicam,
988 2068 1073 2113 (at)
1097 2067 1302 2113 Seyffertus
1325 2066 1398 2101 ind.
1421 2065 1513 2112 phil.
1539 2067 1596 2108 13,
1615 2067 1687 2100 533

114 2127 179 2160 728
203 2125 267 2160 illa
290 2128 346 2160 est
371 2125 617 2161 Camerarius:
639 2125 704 2159 illa
727 2127 811 2160 sunt:
835 2124 929 2165 (funt
955 2123 994 2167 C)
1108 2126 1172 2158 729
1197 2123 1248 2168 ef.
1276 2121 1354 2157 Cas.
1383 2123 1459 2157 507
1554 2122 1704 2158 innoxia
1726 2133 1775 2167 es,

114 2192 208 2216 corr.
232 2180 360 2216 Dousa
467 2193 537 2227 qua
558 2181 630 2225 (in)
653 2180 880 2216 Abrahamus
908 2180 1002 2215 stad.
1028 2180 1084 2215 Pl.
1110 2181 1185 2215 185
1275 2179 1311 2213 in
1335 2180 1368 2213 Α
1398 2189 1537 2214 versum
1561 2179 1604 2213 ab
1629 2190 1664 2213 m
1689 2180 1777 2214 inci-

107 2238 271 2284 pientem
296 2248 389 2272 unus
413 2239 478 2284 qui
497 2238 610 2284 periit
633 2237 862 2283 sequebatur,
887 2236 1014 2272 deinde
1038 2236 1217 2282 incipiens
1240 2234 1325 2279 die.
1348 2262 1356 2270 .
1375 2245 1449 2279 ς-
1475 2235 1532 2270 vel
1542 2235 1707 2280 fortasse
1731 2236 1778 2270 de

113 2295 208 2329 istac
231 2295 295 2338 (ef.
318 2295 400 2337 736)
493 2296 557 2329 730
583 2294 631 2339 cf.
660 2294 852 2329 Richter-us
882 2294 918 2328 in
945 2292 1103 2328 Studem.
1127 2292 1220 2327 stud.
1246 2293 1278 2332 1,
1297 2292 1393 2332 584,·
1420 2292 1511 2336 fort.
1539 2290 1646 2335 quoia.
1674 2292 1776 2326 east?

116 2351 179 2386 731
204 2350 277 2386 iam
306 2351 384 2386 scil.
409 2350 504 2393 scio,
537 2351 600 2385 sed
630 2350 861 2395 interrumpit
889 2360 1085 2384 sermonem
1113 2354 1148 2384 et
1171 2359 1210 2384 se
1235 2349 1401 2393 affirmat
1429 2348 1534 2392 quasi
1556 2352 1694 2382 secreta
1718 2357 1778 2381 res

113 2406 163 2441 sit
255 2409 432 2441 732-735
458 2407 547 2449 (scil.
575 2406 743 2442 lacunam
767 2410 947 2441 statuerat
971 2404 1201 2446 Ritschelius)
1224 2404 1330 2439 illaec
1356 2402 1510 2438 Botlzius
1622 2405 1685 2437 737
1711 2403 1775 2438 ad-

115 2463 257 2498 uocasti
283 2462 343 2499 OD
457 2466 522 2498 738
546 2463 676 2498 Festus
701 2464 775 2498 339
805 2465 842 2497 et
864 2462 1028 2504 P1a[utus
1054 2465 1107 2504 -]
1134 2461 1185 2496 sic
1211 2463 1396 2505 sequestro
1421 2459 1508 2494 mihi
1532 2459 1618 2494 data
1641 2477 1687 2484 —

118 2520 183 2552 739
199 2529 333 2563 purgas
418 2522 480 2554 741
499 2530 720 2554 ιΙεΙΜΑοΗνε
736 2530 897 2554 nomm
913 2529 1024 2555 cocvs
1040 2518 1085 2559 B,
1103 2527 1334 2552 LYSfflACHVS
1353 2526 1463 2551 cocvs
1480 2526 1596 2550 EIDEM
1612 2514 1646 2556 C,
1665 2524 1776 2550 cocvs

116 2584 302 2610 mzsmcvs
325 2585 486 2610 nomn
508 2587 590 2611 sm
615 2576 683 2617 19²,
716 2587 783 2611 om.
810 2575 860 2610 D¹
953 2577 1018 2609 742
1045 2574 1231 2618 coquenda
1263 2576 1388 2608 cenast
1414 2571 1570 2607 Botln'us
1661 2571 1776 2615 regito

120 2629 180 2666 CD
295 2634 358 2666 743
382 2632 564 2678 supplevit
589 2632 816 2667 Camerarius
932 2634 994 2665 745
1021 2629 1204 2665 ausculari
1230 2629 1301 2671 CI),
1326 2629 1532 2664 auscultare
1559 2627 1593 2661 B
1684 2626 1779 2661 delet

117 2685 347 2722 Ritsekellus.
399 2688 490 2723 ordo
526 2686 584 2722 hic
616 2698 692 2723 esse
727 2688 891 2723 debuerit
925 2688 1047 2722 videre
1083 2685 1250 2730 conloqui
1286 2685 1456 2730 amplecti
1492 2682 1690 2719 oscularier
1723 2682 1781 2718 vel

117 2742 183 2787 (cf.
210 2744 284 2778 570
299 2746 367 2789 sq.)
396 2755 428 2779 v.
453 2754 486 2780 a.
513 2754 543 2780 c.
570 2755 602 2780 o.
636 2744 685 2790 cf.
710 2746 809 2780 Asin.
837 2744 934 2785 523;
967 2743 1135 2778 Donatus
1164 2741 1213 2776 ad
1239 2740 1330 2775 Eun.
1356 2741 1400 2781 4,
1424 2742 1467 2782 2,
1496 2741 1565 2780 12,·
1595 2741 1638 2779 2,
1664 2739 1706 2781 3,
1735 2740 1781 2774 75

119 2798 330 2845 Porphyrio
355 2800 405 2835 ad
429 2801 521 2836 Hor.
546 2812 654 2836 carm.
680 2802 712 2842 1,
736 2802 794 2843 13,
811 2802 858 2834 15
948 2802 1011 2833 747
1037 2799 1108 2834 eite
1136 2797 1214 2839 BD,
1238 2797 1301 2832 fite
1320 2797 1348 2833 C
1437 2799 1501 2831 749
1525 2796 1612 2831 Abii
1638 2795 1688 2830 Βι

116 2855 316 2891 abeamne‘?
342 2855 569 2893 Camerarius
660 2857 742 2892 abei
769 2855 804 2897 C,
829 2856 902 2891 abii
920 2855 1023 2891 B¹D²
1115 2858 1178 2890 751
1205 2855 1270 2890 sed
1292 2853 1427 2898 interii,
1449 2862 1629 2899 personas
1653 2851 1780 2887 addidi

185 2917 309 2946 Plautus
326 2918 350 2946 1.
1464 2912 1505 2944 30
