2049 3183
237 117 318 156 286
985 106 1164 142 PLAVTI
1589 103 1611 126 A
1630 99 1680 128 101.
1694 100 1755 129 238.
1781 100 1836 134 tre.
1856 99 1900 127 111

441 231 576 278 (Am.)
782 225 848 264 ubi
879 231 921 262 tu
952 220 1021 262 es?
1081 221 1210 261 Smw.
1258 219 1360 258 Ecce
1391 229 1465 256 me.
1915 219 1971 252 283

441 299 543 336 Am.
594 295 624 341 1,
656 293 763 332 adfer
793 291 887 331 mihi
917 302 1022 329 arma
1053 291 1091 328 et
1121 288 1280 327 loricam
1311 285 1504 325 adducito.

442 365 570 405 szv.
600 362 781 402 Loricam
810 355 1027 399 adducam?
1915 353 1972 387 285

443 432 546 471 ALC.
596 429 625 476 l,
656 441 784 476 curre,
815 438 957 477 equom
980 425 1100 464 adfer.
1159 422 1287 462 szv.
1338 419 1478 458 Hercle
1507 417 1571 456 hic
1601 415 1744 456 insanit
1774 414 1902 454 miser.

440 499 543 537 ALC.
594 497 664 536 Abi
697 503 813 547 atque
845 495 1014 534 hastatos
1043 491 1200 537 multos,
1232 488 1374 528 multos
1404 486 1548 531 velites,

443 566 584 605 multos
616 576 706 603 cum
739 563 869 603 multis
899 585 954 591 —
987 560 1038 599 nil
1072 570 1205 598 moror
1234 555 1427 609 precario.

444 633 510 672 ubi
542 638 635 673 sunt
667 644 766 683 quae
796 628 920 670 iussi?
979 629 1107 669 Smw.
1158 625 1285 664 Sanus
1314 623 1379 662 hic
1410 633 1489 660 non
1523 626 1581 659 est
1611 618 1715 658 satis.

442 701 486 740 T.
537 700 594 739 Ab
626 712 703 738 anu
735 711 820 739 esse
851 698 967 737 credo
1000 696 1188 739 nocitum,
1220 704 1307 732 cum
1341 691 1450 730 illaec
1481 688 1536 727 sic
1567 686 1671 726 facit.
1915 689 1971 722 290

443 769 570 808 Snnv.
621 767 757 806 Vtrum
790 765 944 812 deliras,
977 775 1134 815 quaeso,
1166 774 1214 800 an
1248 766 1376 799 astans
1407 756 1591 800 somnias,

443 837 509 887 qui
541 847 683 886 equom
716 847 777 873 me
808 833 962 873 adferre
994 831 1118 876 iubes,
1150 829 1309 868 loricam
1342 825 1546 868 adducere,

446 903 589 942 multos
619 903 804 947 hastatos,
835 907 924 952 post
954 899 990 938 id
1023 898 1165 937 multos
1195 895 1340 938 velites,

447 971 589 1010 multos
622 982 710 1009 cum
742 966 902 1008 multis?
932 968 1029 1006 haec
1060 973 1102 1004 tu
1132 961 1378 1016 pervorsario

448 1039 539 1077 mihi
572 1035 790 1077 fabulatu’s.
850 1035 953 1074 Am.
1007 1033 1118 1072 Dixin
1150 1035 1221 1083 ego
1253 1031 1383 1073 istaec,
1417 1021 1609 1065 obsecro?
1920 1025 1977 1059 295

447 1106 574 1145 va.
597 1105 710 1143 Modo
722 1103 876 1155 quidem
890 1102 1023 1141 hercle
1039 1101 1133 1140 haec
1146 1097 1286 1138 dixisti.
1317 1096 1420 1135 ALc.
1436 1094 1523 1134 Non
1541 1101 1727 1143 praesens
1737 1085 1908 1138 quidem.

445 1173 573 1213 SERV.
626 1171 918 1223 praestigiator,
952 1168 1145 1220 siquidem
1176 1166 1238 1205 hic
1271 1177 1350 1203 non
1385 1175 1425 1202 es
1456 1167 1572 1211 atque
1602 1157 1705 1197 ades.

448 1241 492 1280 T.
547 1240 662 1279 ={ideo
695 1252 767 1291 ego
798 1245 837 1278 te
866 1237 1021 1277 Amoris
1052 1235 1158 1274 valde
1189 1239 1335 1272 tactum
1367 1229 1510 1274 toxico,

450 1309 696 1356 adulescens;
729 1319 775 1345 eo
808 1315 843 1346 te
873 1305 996 1357 magis
1025 1303 1110 1343 volo
1143 1301 1347 1340 monitum.
1407 1298 1509 1337 ALC.
1559 1294 1687 1333 Mone.

449 1377 493 1415 T.
548 1376 645 1416 Cave
676 1379 731 1415 sis
762 1387 850 1414 cum
882 1375 1024 1412 Amore
1056 1378 1098 1410 tu
1128 1381 1303 1420 unquam
1335 1366 1480 1406 bellum
1511 1359 1738 1414 sumpseris.
1922 1366 1979 1399 300

451 1445 556 1483 ΑΜ).
608 1443 709 1490 Quid
742 1440 909 1481 faciam?
968 1440 1013 1478 T.
1067 1438 1123 1477 Ad
1156 1444 1317 1475 matrem
1350 1434 1434 1473 eius
1465 1429 1645 1471 devenias
1675 1427 1846 1472 domum,

451 1524 659 1564 expurges,
691 1512 810 1558 iures,
842 1520 931 1548 ores
962 1507 1103 1546 blande
1134 1516 1206 1556 per
1236 1514 1393 1555 precem

450 1592 615 1631 eamque
646 1590 785 1618 exores
816 1589 866 1616 ne
897 1574 967 1614 tibi
999 1579 1236 1613 suscenseat.

453 1649 554 1687 Au:
608 1645 857 1698 Expurigabo
890 1643 1021 1683 hercle
1053 1641 1182 1680 omnia
1214 1639 1259 1677 ad
1292 1648 1446 1676 raucam
1480 1633 1612 1672 ravim.

1074 1729 1093 1746 -ae-

986 1821 1177 1863 SENEX

247 1987 430 2039 prohibet
461 1986 600 2025 divitiis
630 1984 821 2030 maximis,
855 1983 944 2021 dote
978 1980 1073 2020 altili
1105 1986 1221 2030 atque
1254 1979 1396 2028 opima.
1912 1980 1989 2013 305(

924 2075 946 2097 *
1226 2070 1246 2092 ’k

250 2204 314 2237 283
341 2212 389 2244 un
419 2223 621 2235 ........
644 2197 756 2242 uusth
783 2224 790 2231 .
811 2222 818 2230 .
839 2223 846 2229 .
872 2195 917 2240 133
942 2193 1011 2235 (vel
1033 2204 1069 2236 S,
1095 2202 1114 2226 c
1134 2201 1207 2237 pro
1231 2190 1256 2224 h
1281 2193 1313 2223 et
1337 2187 1369 2229 i,
1393 2190 1427 2229 t,
1451 2197 1475 2231 p
1498 2195 1569 2232 pro
1594 2187 1626 2226 e)
1651 2182 1713 2227 ubi
1826 2180 1919 2216 servi

250 2268 377 2293 nomen
402 2254 684 2299 (Studemundus
700 2253 795 2289 stud.
820 2254 858 2294 2,
876 2252 966 2292 428)
992 2262 1013 2284 α
1032 2249 1088 2284 Th
1106 2245 1301 2292 (Thynisce
1319 2242 1532 2284 Scleoellz'us)
1557 2251 1605 2275 an
1629 2239 1672 2275 ab
1690 2239 1725 2274 H
1747 2237 1923 2284 inceperit

249 2313 359 2355 (velut
382 2313 561 2358 Hesyche)
585 2311 657 2346 dici
681 2310 806 2356 nequit
899 2309 965 2341 284
990 2308 1026 2340 et
1051 2303 1105 2339 vel
1129 2304 1161 2339 ei
1236 2305 1325 2349 post
1349 2309 1450 2335 arma
1472 2307 1612 2334 servum
1637 2296 1921 2340 interrogantem

250 2371 376 2405 arma?
399 2369 496 2415 facit
521 2367 725 2403 Schoellius
826 2367 890 2400 285
909 2363 1087 2399 adducam
1105 2387 1113 2395 .
1131 2371 1153 2404 a
1172 2387 1179 2394 .
1200 2385 1207 2394 .
1229 2385 1236 2393 .
1256 2385 1264 2393 .
1282 2356 1354 2403 ned
1373 2383 1380 2390 .
1401 2383 1408 2390 .
1429 2383 1437 2391 .
1454 2382 1462 2391 .
1486 2383 1492 2389 .
1518 2365 1618 2401 ·ce1‚·e
1641 2355 1740 2400 (post
1764 2361 1843 2387 cam
1866 2349 1924 2385 vel

250 2438 267 2462 s
284 2426 343 2461 vel
364 2429 401 2461 et
424 2425 480 2462 vel
493 2434 674 2471 personae
689 2423 860 2470 spatium,
878 2424 967 2467 post
991 2430 1015 2453 n
1043 2418 1095 2453 vel
1118 2427 1149 2458 e,
1174 2416 1198 2459 i,
1223 2418 1238 2450 t
1262 2413 1318 2449 vel
1334 2423 1432 2458 pers.
1457 2415 1566 2458 spat.)
1658 2410 1724 2444 286
1747 2417 1853 2452 equm

249 2483 370 2518 hercle
396 2479 684 2517 Studemundus:
714 2478 792 2524 peri
816 2477 938 2513 hercle
1058 2475 1122 2508 288
1145 2471 1238 2507 nihil
1353 2471 1417 2503 290
1442 2467 1488 2504 ab
1513 2477 1586 2502 anu
1609 2464 1673 2499 L..·
1704 2473 1833 2506 manu,
1857 2461 1922 2498 sed

250 2545 291 2575 ut
315 2539 358 2574 de
388 2539 498 2574 aianu
523 2536 684 2583 eoqitari
703 2527 822 2582 jwssz't
936 2530 1098 2566 nocitum
1123 2528 1198 2564 scil.
1231 2536 1312 2562 eum
1428 2533 1567 2560 versum
1592 2521 1720 2556 tertiae
1741 2528 1922 2566 personae

253 2596 378 2632 tribuit
402 2594 625 2635 Selzoellius;
649 2592 701 2637 cf.
726 2591 791 2627 rel.
819 2590 914 2627 Gott.
938 2588 1050 2629 1894,
1074 2586 1154 2620 203
1262 2583 1326 2617 292
1357 2591 1462 2626 equm
1578 2579 1644 2612 294
1666 2574 1923 2621 peruorsarfflo

253 2655 303 2698 cf.
322 2652 556 2689 advorsarius
650 2651 712 2683 297
728 2646 985 2693 praestigiator
998 2655 1036 2680 es
1051 2644 1093 2687 si,
1106 2651 1202 2678 corr.
1216 2636 1485 2674 Scmlemunclus
1578 2637 1643 2669 304
1657 2631 1864 2678 expurgabo
1877 2631 1922 2674 A,

254 2711 395 2746 Nonius
411 2710 494 2750 164,
512 2704 740 2751 experiuravi
757 2704 887 2740 Festus
898 2702 986 2742 274,
1002 2710 1098 2736 corr.
1112 2695 1330 2733 Ritschelius
1410 2692 1532 2728 hercle
1545 2691 1704 2726 Nonius:
1720 2688 1861 2724 hercles
1877 2688 1920 2731 A,

253 2769 318 2803 her
335 2787 376 2791 —
395 2766 522 2801 Festus
614 2767 700 2810 post
723 2761 795 2796 duo
809 2760 907 2806 folia
925 2757 1057 2793 amissa
1080 2755 1112 2801 f.
1131 2754 1219 2789 24st
1246 2750 1405 2787 eontinet
1429 2760 1460 2784 v.
1478 2749 1556 2782 306
1569 2747 1685 2781 -321,
1726 2745 1776 2780 ad
1795 2743 1921 2780 solilo-

255 2824 377 2868 quium
401 2822 497 2857 sem's
520 2822 652 2869 (patris
670 2815 940 2858 Alcesimarcho
958 2813 1144 2862 pertinere
1168 2823 1198 2847 v.
1217 2810 1295 2844 305
1317 2820 1339 2843 α
1357 2806 1477 2842 Nonio
1499 2818 1536 2852 p.
1559 2806 1604 2839 72
1627 2807 1809 2839 servatum
1833 2799 1924 2836 vidit

256 2881 460 2927 Seyffertus
554 2881 618 2913 305
645 2876 788 2913 Nonius
812 2885 839 2909 s.
857 2872 958 2909 altile
1052 2868 1172 2904 divitis
