2003 3188
193 83 207 111 1
220 83 245 115 1,
266 81 348 108 1—16

897 881 1149 924 LIBANVS
1789 882 1810 921 I
1834 885 1854 922 1

399 977 509 1016 Sicut
538 982 646 1015 tuom
677 975 732 1015 vis
762 974 925 1013 unicum
956 979 1118 1024 gnatum
1148 978 1237 1011 tuae

398 1056 604 1096 superesse
634 1043 733 1081 vitae
763 1042 951 1092 sospitem
982 1046 1020 1079 et
1049 1039 1312 1091 superstitem,

398 1113 451 1152 ita
480 1110 545 1150 ted
577 1110 753 1150 obtestor
781 1120 854 1160 per
882 1113 1125 1148 senectutem
1155 1112 1263 1146 tuam

397 1190 548 1232 perque
579 1178 694 1226 illam,
725 1189 842 1228 quam
872 1182 915 1215 tu
944 1175 1098 1222 metuis,
1129 1185 1292 1214 uxorem
1321 1179 1441 1221 tuam,

399 1247 431 1287 si
462 1245 556 1297 quid
586 1245 674 1284 med
705 1255 796 1295 erga
827 1243 946 1282 hodie
975 1242 1115 1282 falsum
1147 1241 1302 1288 dixeris,
1863 1250 1900 1283 20

399 1321 445 1354 ut
472 1313 542 1353 tibi
573 1318 772 1365 superstes
802 1323 901 1350 uxor
931 1316 1096 1349 aetatem
1126 1310 1199 1349 siet

399 1388 517 1433 atque
548 1381 612 1420 illa
641 1380 722 1419 viva
752 1379 858 1418 vivos
887 1384 931 1418 ut
963 1384 1114 1430 pestem
1146 1383 1320 1429 oppetas.

834 1500 1230 1542 DEMAENETVS

399 1585 476 1624 Per
505 1583 620 1623 Dium
649 1581 803 1621 Fidium
834 1581 1009 1632 quaeris:
1041 1581 1167 1620 iurato
1197 1580 1291 1619 mihi

401 1651 513 1691 video
544 1661 706 1690 necesse
737 1661 823 1689 esse
854 1649 985 1700 eloqui
1016 1648 1206 1700 quidquid
1236 1659 1363 1698 roges.

401 1716 466 1774 [ita
496 1730 559 1757 me
590 1717 785 1757 obstinate
815 1716 1047 1768 adgressu’s,
1077 1722 1122 1756 ut
1151 1728 1232 1755 non
1263 1716 1425 1755 audeam
1867 1731 1904 1764 25

400 1786 593 1839 profect0,
624 1785 876 1837 percontanti
908 1785 1003 1835 quin
1034 1796 1212 1836 promam
1243 1779 1401 1838 omnia.]

400 1854 568 1907 proinde
598 1859 772 1892 actutum
802 1852 906 1893 istuc
936 1852 1029 1904 quid
1060 1852 1109 1892 sit
1140 1851 1245 1903 quod
1275 1851 1376 1891 scire
1408 1850 1557 1903 expetis

402 1922 607 1973 eloquere:
642 1926 683 1960 ut
712 1920 796 1972 ipse
827 1919 950 1967 scibo,
982 1926 1020 1960 te
1051 1920 1190 1960 faciam
1221 1925 1264 1959 ut
1293 1920 1405 1959 scias.

399 1990 493 2031 LIB.
543 1989 613 2028 Dic
645 1988 809 2028 obsecro
843 1989 975 2028 hercle
1005 1989 1107 2028 serio
1139 1987 1245 2039 quod
1274 1993 1312 2026 te
1342 1999 1491 2039 rogem,

403 2070 492 2098 cave
522 2057 616 2096 mihi
648 2057 826 2096 mendaci
858 2057 1081 2108 quicquam.
1139 2056 1257 2097 DEM.
1307 2055 1412 2102 Quin
1443 2061 1487 2095 tu
1517 2067 1610 2107 ergo
1640 2052 1784 2107 rogas?
1867 2061 1906 2094 30

400 2125 494 2166 Lm.
542 2125 642 2164 Num
674 2136 735 2162 me
766 2127 858 2166 illuc
888 2125 1011 2173 ducis,
1041 2124 1110 2164 ubi
1141 2124 1238 2176 lapis
1269 2123 1434 2176 lapidem
1466 2121 1586 2162 terit?

312 2271 475 2307 Lmuvs
500 2282 633 2307 snnvvs
662 2281 878 2306 Dssmmmtrvs
911 2273 1108 2311 (nmmzmrvs
1136 2269 1198 2311 B¹)
1229 2278 1346 2304 smum
1372 2266 1446 2303 BE
1583 2270 1623 2302 16
1648 2267 1742 2303 sicut
1765 2269 1867 2302 tuum

201 2332 280 2365 item
308 2328 442 2363 Gellius
465 2329 496 2369 1,
514 2329 579 2369 22,
595 2329 668 2362 2οῑ
694 2327 800 2362 sicuti
820 2329 897 2362 tum
926 2325 1067 2360 Nonius
1083 2326 1158 2360 :2²93
1182 2325 1270 2370 (non
1293 2335 1343 2360 ex
1369 2323 1498 2366 Gellio)
1591 2326 1631 2359 18
1657 2334 1725 2358 om.
1745 2321 1780 2357 E

202 2386 262 2421 ted
288 2384 340 2419 D:
363 2387 400 2420 te
425 2384 471 2428 B,
494 2387 532 2420 te
556 2384 642 2420 deos
667 2382 785 2419 Iulius
808 2383 1027 2428 Rufinianus
1045 2394 1086 2428 p.
1109 2383 1159 2416 43
1183 2382 1231 2416 H.
1373 2384 1412 2416 19
1441 2384 1481 2416 tu
1506 2391 1586 2426 sup.
1609 2391 1680 2416 scr.
1707 2378 1778 2415 BD

203 2444 245 2475 22
270 2444 306 2477 et
328 2445 466 2486 pestem
491 2443 641 2486 oppetat
666 2440 807 2475 Nonius
831 2440 900 2473 361
1040 2441 1081 2473 23
1108 2439 1231 2482 deum,
1260 2442 1298 2472 ut
1325 2447 1397 2472 CIL.
1425 2439 1457 2479 6,
1484 2438 1566 2472 567.
1594 2437 1670 2472 568
1761 2445 1868 2481 quae-

202 2497 268 2532 ris:
299 2498 365 2532 scit
388 2508 467 2532 eum
492 2496 632 2542 aliquid
654 2497 746 2532 scire
770 2500 943 2541 expelere
965 2496 1045 2537 (27)
1139 2494 1338 2530 obtestatur
1362 2504 1463 2528 erum
1487 2503 1629 2535 servus,
1654 2491 1738 2527 dum
1763 2491 1868 2527 domo

202 2553 448 2598 effodiuntur,
473 2564 559 2599 erqo
582 2564 650 2599 per
676 2553 784 2588 Dium
810 2551 955 2586 Ficliwn
988 2562 1067 2586 eum
1100 2561 1275 2596 quaerere
1299 2550 1367 2591 ait,
1399 2550 1448 2594 cf.
1480 2548 1599 2584 Varro
1624 2548 1704 2584 del.
1723 2548 1746 2582 l.
1767 2550 1800 2590 5,
1821 2549 1869 2582 66

204 2609 348 2654 quidam
368 2612 503 2654 negant
519 2610 585 2645 sub
610 2612 706 2645 tecto
723 2619 789 2654 per
805 2610 902 2644 hunc
919 2607 1082 2643 deierare
1099 2609 1276 2652 oportere,
1296 2606 1376 2642 Cati
1388 2606 1466 2651 [γρ.
1481 2606 1531 2640 35
1545 2605 1590 2641 R.
1608 2604 1765 2648 (Nonius
1781 2605 1868 2647 494)

205 2666 265 2710 qui
289 2677 352 2710 per
376 2666 482 2701 deum
498 2666 643 2701 Fidium
661 2666 783 2702 iurare
807 2665 895 2708 uolt,
919 2665 1066 2710 prodire
1083 2664 1174 2700 solet
1189 2663 1227 2698 in
1244 2662 1486 2707 compluuium
1578 2672 1653 2697 uon
1673 2660 1711 2696 hi
1733 2671 1870 2705 versus,

203 2722 267 2757 sed
282 2724 343 2756 25.
361 2724 414 2756 26
436 2723 616 2769 suppositi
639 2723 804 2757 videntur
827 2733 907 2757 cum
939 2721 993 2756 illi
1024 2731 1098 2756 non
1127 2719 1429 2765 intelleqerentur.
1477 2719 1528 2763 cf.
1551 2718 1747 2764 Lanqenus
1775 2716 1869 2752 stud.

205 2777 260 2813 Pl.
287 2779 424 2823 239sq.
540 2782 582 2814 26
606 2779 859 2824 percunctanti
973 2781 1015 2813 29
1039 2788 1177 2822 rogem,
1201 2777 1253 2822 cf.
1280 2776 1439 2811 Baierus
1462 2775 1506 2811 cle
1530 2774 1585 2810 Pl.
1607 2774 1687 2821 fab.
1711 2784 1783 2810 rec.
1809 2774 1869 2814 33,

208 2835 369 2870 Bac-laius
393 2837 429 2870 in
455 2835 693 2871 Studemundi
713 2836 807 2871 stud.
825 2838 862 2877 29,
879 2835 951 2870 164
963 2846 1039 2880 sq.,·
1063 2834 1309 2870 conimzctivus
1326 2844 1400 2880 pro
1423 2832 1554 2878 futuro
1579 2836 1633 2867 est
