1998 3179
99 77 136 115 >V
146 78 172 111 8,
192 78 277 107 3—34
780 75 1062 112 BACCHIDES.
1667 76 1746 114 161

175 191 269 230 Nm.
320 191 416 236 Quis
446 188 576 230 illest?
635 190 792 231 CHRYs.
843 191 917 230 Per
947 197 1101 243 tempus
1131 191 1194 229 liic
1222 190 1328 229 venit
1358 189 1469 229 miles
1498 190 1603 228 mihi.

175 257 338 298 CLEOM.
388 258 472 297 Non
506 269 567 297 nie
599 258 808 297 arbitratur
836 258 1011 305 militem,
1042 258 1108 298 sed
1140 258 1354 303 mulierem,

176 326 243 376 qui
273 337 335 364 me
365 338 550 376 meosque
586 338 662 365 non
696 338 833 376 queam
866 326 1087 364 defendere.

177 405 265 432 nam
298 405 426 444 neque
457 393 616 432 Bellona
647 394 700 432 mi
730 405 916 444 umquam
948 405 1076 444 neque
1107 393 1209 432 Mars
1240 392 1411 439 creduat,

176 460 216 499 ni
246 460 354 500 illum
386 460 635 500 exanimalem
666 461 766 507 saxo,
797 460 828 499 si
858 471 1093 507 convenero,

176 528 263 566 nive
294 527 523 567 exheredem
554 528 683 566 fecero
713 527 811 565 vitae
842 539 946 566 suae.

174 594 268 634 Nm.
319 594 512 647 Chrysale,
544 594 630 646 quis
660 594 723 633 ille
754 600 811 633 est
841 594 906 644 qui
937 594 1137 632 minitatur
1167 592 1275 632 filio?

174 661 332 701 Cnms.
382 662 448 700 Vir
476 662 538 700 hic
570 664 626 700 est
656 661 758 701 illius
788 661 962 700 mulieris
993 672 1158 711 quacum
1189 660 1363 699 accubat.

174 729 267 769 NIC.
309 728 420 776 Quid,
441 727 527 767 vir?
572 728 729 768 CHRYS.
771 728 849 776 Vir,
872 728 1044 779 inquam.
1085 727 1179 767 Nm.
1218 728 1438 779 Nuptanest
1457 728 1530 774 illa,
1553 728 1747 768 obsecro?

173 796 331 836 mes.
382 796 488 836 Scies
519 796 620 835 haud
652 796 773 835 multo
805 802 904 847 post.
965 795 1058 835 Nm.
1110 795 1264 846 Oppido
1296 795 1424 834 interii
1455 795 1582 835 miser.

173 863 332 904 Gnms.
382 864 481 910 Quid
514 862 649 903 nunc?
680 864 866 903 scelestus
897 863 966 902 tibi
996 863 1147 902 videtur
1178 861 1413 914 Chrysalus?

176 943 246 982 age
275 944 383 971 nunc
413 931 555 970 vincito
586 943 661 978 me,
693 931 911 970 auscultato
942 931 1034 970 filio.

175 999 280 1038 dixin
312 999 381 1038 tibi
414 1012 486 1051 ego
517 999 623 1038 illum
657 999 908 1038 inventurum
940 1005 977 1037 te
1009 998 1132 1049 qualis
1162 997 1240 1037 sit?

173 1067 267 1107 NIO.
317 1066 415 1112 Quid
448 1079 554 1106 nunc
585 1079 657 1119 ego
688 1065 853 1106 faciam?
912 1066 1069 1107 CHRYS.
1119 1065 1213 1105 Iube
1243 1066 1295 1105 sis
1324 1078 1386 1105 me
1416 1065 1559 1105 exsolvi
1595 1066 1691 1114 cito;

175 1146 265 1173 nam
298 1138 336 1173 ni
370 1148 441 1186 ego
472 1135 660 1183 exsolvor,
693 1135 767 1174 iam
799 1135 1021 1174 manufesto
1053 1133 1249 1173 hominem
1281 1134 1487 1186 opprimet.

173 1202 338 1243 CLEOM.
388 1203 489 1242 Nihil
520 1209 578 1242 est
607 1203 706 1242 lucri
737 1203 842 1254 quod
873 1214 935 1241 me
966 1201 1081 1241 hodie
1113 1202 1239 1241 facere
1270 1202 1456 1249 mavelim,

174 1283 290 1321 quam
321 1271 430 1310 illum
461 1270 667 1310 cubantem
699 1282 788 1309 cum
818 1271 880 1309 illa
912 1269 1147 1321 opprimere,
1180 1269 1293 1309 ambo
1325 1275 1368 1308 ut
1398 1281 1548 1308 necem.

173 1338 331 1379 CHRYS.
383 1338 510 1377 Audin
544 1350 641 1389 quae
673 1336 875 1389 loquitur?
906 1338 999 1388 quin
1032 1343 1073 1376 tu
1106 1349 1167 1375 me
1199 1337 1341 1376 exsolvi
1373 1335 1512 1376 iubes?

173 1406 267 1446 Nm.
318 1406 511 1445 Exsolvite
543 1406 671 1445 istum.
722 1405 833 1457 perii,
866 1404 1047 1456 pertimui
1078 1405 1207 1444 miser.

174 1473 336 1513 CLEOM.
387 1473 486 1512 Tum
516 1473 630 1520 illam,
663 1485 762 1524 quae
793 1485 937 1524 corpus
966 1471 1139 1524 publicat
1169 1472 1280 1524 volgo
1312 1484 1436 1517 suom,

175 1541 261 1580 faxo
293 1553 334 1580 se
364 1542 465 1581 haud
496 1542 599 1581 dicat
629 1547 780 1581 nactam
813 1553 926 1592 quem
959 1541 1141 1580 derideat.

173 1609 331 1649 CfflzYs.
383 1609 529 1649 Pacisci
561 1622 649 1649 cum
681 1609 745 1648 illo
778 1609 934 1660 paulula
966 1609 1132 1660 pecunia

174 1683 298 1728 potes.
356 1677 450 1717 Nm.
500 1677 656 1717 Pacisce
688 1689 795 1728 ergo,
829 1676 1006 1724 obsecro,
1038 1676 1131 1727 quid
1161 1676 1230 1714 tibi
1262 1675 1380 1721 lubet,

174 1745 267 1784 dum
298 1758 346 1784 ne
378 1745 583 1785 manifesto
614 1745 812 1784 hominem
846 1745 1040 1797 opprimat
1070 1757 1165 1783 neve
1201 1743 1341 1782 enicet.

175 1811 337 1852 CLEOM.
387 1813 500 1852 Nunc
531 1813 603 1852 nisi
636 1813 794 1852 ducenti
825 1812 994 1864 Philippi
1026 1811 1244 1851 redduntur
1274 1811 1379 1858 mihi,

174 1882 247 1921 iam
278 1881 432 1920 illorum
465 1893 536 1933 ego
567 1881 734 1920 animam
765 1880 968 1920 amborum
999 1879 1215 1919 exsorbebo
1247 1879 1403 1931 oppido.

173 1948 268 1989 Nm.
313 1949 382 1987 Em
414 1949 506 1988 illuc
535 1949 700 2001 pacisce,
732 1949 763 1988 si
796 1954 924 2000 potes3
957 1960 1076 2000 perge
1108 1948 1285 1994 obsecro,

175 2017 328 2069 pacisce
359 2017 451 2068 quid
482 2017 549 2056 vis.
609 2016 767 2057 CHRYS.
817 2016 886 2055 Ibo
919 2022 957 2055 et
986 2016 1123 2055 faciam
1154 2015 1301 2055 sedulo.

176 2084 268 2136 quid
290 2082 459 2123 clamas?
509 2083 672 2125 CLEOM.
714 2083 785 2123 Vbi
807 2096 896 2123 erus
917 2089 1006 2123 tuos
1027 2082 1112 2123 est?
1162 2082 1320 2123 Came.
1360 2083 1572 2134 Nusquam.
1606 2083 1750 2123 nescio.

175 2152 232 2191 vis
260 2151 329 2191 tibi
362 2152 552 2192 ducentos
582 2164 764 2191 nummos
796 2152 868 2191 iarn
901 2151 1133 2203 promittier,

177 2225 220 2258 ut
250 2232 300 2259 ne
330 2219 539 2259 clamorem
570 2219 633 2259 hic
664 2219 780 2259 facias
811 2232 887 2258 neu
919 2217 1167 2258 convicium?

1756 263 1814 297 845

1759 601 1815 633 850

1760 937 1817 969 855

1758 1273 1815 1307 860

1761 1611 1817 1644 865

1760 1951 1816 1984 870

175 2285 338 2327 CLEOM.
359 2287 460 2327 Nihil
478 2293 533 2327 est
551 2287 654 2338 quod
670 2288 811 2326 malim.
834 2286 992 2327 mes.
1009 2287 1134 2337 Atque
1152 2291 1194 2325 ut
1211 2285 1278 2325 tibi
1296 2285 1391 2324 mala
1410 2285 1527 2324 multa
1544 2282 1818 2337 ingeram?875

207 2443 271 2476 850
294 2441 452 2477 minatur
471 2440 531 2476 CD
637 2444 698 2476 851
727 2452 879 2486 quacum
903 2441 953 2486 cf.
971 2441 1020 2476 ad
1035 2439 1247 2486 Amplz.114
1340 2442 1404 2475 852
1428 2441 1544 2483 nupta
1567 2441 1632 2483 est,
1657 2450 1750 2475 corr.

95 2495 252 2543 Pylades
343 2501 407 2533 856
431 2498 498 2533 tibi
522 2498 590 2533 del.
617 2496 827 2544 Kaempfius
850 2498 890 2532 11
983 2497 1068 2540 siet3
1094 2497 1143 2542 cf.
1167 2497 1239 2531 786
1262 2496 1505 2539 (inuenturum
1529 2498 1566 2530 te
1587 2496 1653 2531 sub
1677 2506 1750 2531 uno

90 2556 254 2596 accentu)
347 2556 410 2589 863
426 2554 531 2590 illaec
548 2554 711 2590 Baclez'us
727 2556 769 2589 de
786 2559 871 2590 altr.
888 2554 958 2590 inv.
978 2554 1026 2588 33
1036 2553 1278 2600 probabiliter
1359 2555 1423 2587 866
1440 2552 1636 2598 paciscere,
1654 2563 1750 2588 corr.

96 2607 272 2650 Bonum,-
296 2619 375 2645 oum
400 2611 536 2647 obiecto
561 2611 728 2654 activam,
752 2611 913 2646 absolute
923 2611 1084 2656 positum
1102 2609 1287 2644 mediatem
1302 2609 1462 2654 formam
1479 2608 1620 2643 verbum
1638 2612 1731 2644 tenet
1738 2621 1754 2650 ;

97 2664 148 2708 cf.
176 2665 250 2699 870
263 2676 315 2711 sq.
343 2668 415 2702 879
530 2670 594 2702 869
620 2668 799 2703 exorbebo
829 2667 915 2708 3¹0,
940 2667 1120 2702 exorbabo
1146 2665 1180 2701 D
1284 2668 1348 2700 870
1373 2665 1418 2700 Ν.
1445 2677 1480 2701 ς.·
1503 2675 1559 2700 em
1582 2685 1623 2690 -—
1649 2668 1752 2710 potes

99 2719 264 2766 Chrysali
376 2723 457 2758 hem
484 2723 527 2766 D,
551 2722 577 2757 Ῡι
603 2735 657 2760 em
684 2725 712 2760 C
837 2724 921 2759 illoc
1050 2723 1254 2767 pacisscere
1278 2721 1326 2764 B,
1350 2721 1535 2767 paciscere
1562 2720 1631 2762 ΟΒ,
1657 2732 1752 2756 corr.

97 2775 252 2867 gztkgtf
372 2782 491 2824 potest
519 2780 567 2815 Βι
688 2783 748 2816 871
776 2780 961 2826 paciscere
988 2778 1104 2814 CDB2
1234 2780 1298 2812 872
1323 2788 1402 2814 eros
1427 2777 1463 2812 B
1592 2780 1657 2812 873
1681 2778 1754 2813 iam

164 2893 287 2922 Plautus
305 2895 329 2923 1.
1439 2893 1449 2925 l
1464 2893 1476 2925 l
