2018 3183
213 72 293 110 162
949 71 1131 108 PLAVTI
1673 75 1715 103 ιν
1727 76 1754 111 8,
1772 77 1875 106 35—61

296 188 458 229 CLEOM.
509 187 593 226 Tuo
624 186 824 224 arbitratu.
883 185 977 226 Nm.
1028 186 1074 225 Vt
1103 186 1378 227 subblanditur
1407 189 1606 228 carnusex.

297 256 454 298 CHRYS.
505 255 619 294 Pater
649 254 711 292 hic
741 253 968 292 Mnesilochi
999 260 1076 302 est;
1109 267 1285 305 sequere,
1318 255 1349 295 is
1379 256 1581 307 promittet
1612 256 1693 297 tibi.

298 330 338 363 tu
371 335 508 362 aurum
539 328 696 373 rogato;
728 330 903 360 ceterum
937 321 1095 361 vei-bum
1127 329 1186 361 sat
1216 330 1286 362 est.

295 391 388 430 Nm.
421 390 521 436 Quid
543 388 614 428 tit?
654 388 812 429 CHRYS.
844 388 1030 428 Ducentis
1053 389 1241 441 Philippis
1263 402 1344 429 rem
1367 391 1508 443 pepigi.
1553 391 1647 432 Nlo.
1678 391 1750 440 Ah,
1771 393 1874 433 salus

296 470 391 500 mea,
424 457 620 496 servavisti
652 468 725 495 uie.
777 468 893 507 quam
925 469 1012 495 mox
1044 456 1131 496 dico
1158 451 1320 496 ‘dabo'?

295 525 453 566 CHRYS.
503 525 610 575 Roga
641 524 748 563 hunc
779 531 831 569 tu,
863 532 904 562 tu
936 525 1119 576 promitte
1149 526 1251 565 huic.
1310 526 1403 566 N1c.
1454 526 1656 575 Promitto‚
1707 538 1815 580 roga.

296 592 459 633 CLEOM,
510 592 706 631 Ducentos
738 604 918 631 nummos
948 603 1087 632 aureos
1118 592 1318 645 Philippos
1349 593 1493 646 probos

296 659 443 700 ‹labin?
502 660 660 701 Cmn-s.
706 653 939 699 ‘Dabuntur'
974 660 1108 711 inque.
1153 661 1361 712 responde.
1420 662 1513 703 NIC.
1564 661 1684 702 Dabo.

295 728 454 769 CHRYS.
504 727 604 773 Quid
638 739 757 774 nunc,
789 725 971 778 impure?
1003 727 1192 779 numquid
1224 728 1388 768 debetur
1418 728 1516 768 tibi?

296 796 388 848 quid
419 796 472 834 illi
504 793 733 834 molestu’s'?
764 794 856 845 quid
887 794 994 833 illum
1027 802 1152 835 morte
1183 795 1363 836 territas?

297 870 333 903 et
365 876 436 914 ego
468 870 505 902 te
537 869 575 902 et
606 862 668 901 ille
700 865 913 901 mactamus
943 862 1175 901 infortunio.

296 932 327 971 si
358 931 424 970 tihi
456 937 513 970 est
544 930 760 975 machaera,
791 937 829 968 at
859 929 972 969 nobis
1002 931 1200 970 veruinast
1231 931 1354 970 domi:

286 1011 360 1051 qua
393 999 547 1049 quidem
580 1004 617 1036 te
647 998 796 1043 faciam,
828 998 859 1037 si
890 1005 931 1036 tu
963 1010 1025 1036 me
1056 999 1287 1047 imitareris,

293 1066 576 1106 confossiorem
607 1065 774 1104 soricina
806 1066 934 1104 nenia.

293 1134 367 1173 iam
400 1133 546 1173 dudum
578 1133 708 1172 hercle
741 1133 922 1184 equidem
953 1133 1094 1181 sentio,
1125 1133 1296 1185 suspicio

294 1214 393 1253 quae
425 1209 462 1241 te
493 1201 693 1241 sollicitet:
728 1213 815 1240 eum
848 1213 931 1240 esse
962 1213 1050 1240 cum
1082 1201 1143 1240 illa
1175 1202 1349 1242 muliere.

293 1270 456 1310 CLEOM.
507 1269 629 1308 lmmo
662 1275 719 1308 est
750 1282 919 1320 quoque.
980 1268 1138 1310 CHRYS.
1188 1269 1243 1308 lta
1272 1283 1334 1310 me
1366 1271 1541 1324 luppiter
1571 1271 1669 1312 luno
1701 1272 1818 1313 Ceres

294 1338 465 1378 Minerva
498 1347 522 1378 ÷
552 1337 698 1376 Latona
729 1337 828 1388 Spes
861 1337 955 1388 Opis
986 1337 1115 1376 Virtus
1147 1336 1277 1377 Venus

294 1406 427 1446 Castor
460 1405 636 1444 Polluces
669 1405 768 1444 Mars
801 1404 1016 1444 Mercurius
1048 1405 1236 1444 Hercules

293 1474 529 1514 Summanus
560 1473 626 1512 Sol
658 1474 850 1512 Saturnus
881 1472 997 1523 dique
1029 1485 1166 1512 omnes
1197 1481 1340 1521 ament,

292 1549 335 1581 ut
365 1542 428 1581 ille
460 1553 547 1580 cum
580 1541 643 1579 illa
676 1553 803 1591 neque
834 1540 951 1580 cubat
981 1553 1110 1592 neque
1141 1541 1313 1580 ambulat

293 1622 422 1661 neque
454 1609 653 1648 osculatur
686 1621 813 1659 neque
844 1609 936 1647 illud
970 1609 1072 1660 quod
1105 1609 1178 1648 dici
1210 1609 1321 1648 solet.

291 1678 386 1718 Nm.
437 1677 484 1715 Vt
514 1677 635 1715 iurat!
669 1683 794 1715 servat
825 1689 885 1715 me
915 1676 979 1714 ille
1010 1676 1091 1716 suis
1122 1677 1316 1728 periuriis.

290 1746 453 1786 CLEOM.
506 1744 573 1782 Vbi
606 1756 713 1783 nunc
745 1744 1007 1783 Mnesilochus
1038 1742 1198 1795 ergost?
1257 1744 1415 1785 CHRYS.
1467 1744 1546 1784 Rus
1579 1745 1683 1785 misit
1712 1752 1834 1797 pater.

291 1813 353 1852 illa
385 1821 512 1851 autem
545 1813 582 1850 iu
616 1824 745 1850 arcem
777 1812 870 1850 abiit
900 1812 1035 1851 aedem
1072 1812 1195 1852 visere

290 1880 500 1920 Minervae.
548 1892 653 1919 nunc
685 1887 869 1931 apertast.
916 1881 939 1927 i,
970 1880 1050 1919 vise
1082 1888 1193 1919 estne
1225 1880 1289 1919 ibi.

289 1948 452 1989 CLEOM.
483 1947 589 1986 Abeo
611 1947 657 1986 ad
680 1948 807 1987 forum
830 1948 960 1999 igitur.
999 1948 1158 1988 CHRYS.
1200 1947 1267 1987 vel
1297 1948 1427 1987 hercle
1458 1951 1495 1986 in
1529 1948 1668 1987 malam
1701 1960 1872 1988 crucem.

320 2049 383 2081 2376
410 2046 651 2082 subbauditur
680 2047 739 2088 13¹,
765 2047 993 2083 sublanditur
1019 2047 1051 2082 l)
1145 2050 1209 2082 879
1235 2048 1325 2090 uah,
1355 2056 1451 2082 corr.
1476 2045 1634 2082 Botlze’us
1727 2048 1792 2081 880
1817 2057 1874 2083 se-

204 2104 320 2140 ruasti
436 2106 500 2138 835
525 2105 609 2147 quia.
633 2103 744 2143 illum,
771 2115 865 2138 corr.
892 2102 1122 2138 Camerarius
1231 2105 1293 2138 887
1319 2114 1372 2149 sq.
1399 2102 1529 2138 Festus
1551 2104 1620 2138 161
1645 2102 1708 2148 (cfi
1735 2102 1874 2138 Paulus

202 2160 288 2202 163)
320 2159 464 2204 quidam
494 2161 597 2195 aiunt
625 2161 777 2195 naeniae
808 2161 954 2196 ductum
985 2171 1117 2196 nomen
1146 2161 1191 2195 ab
1224 2161 1376 2196 extremi
1407 2160 1571 2196 intestini
1601 2160 1780 2196 uocabulo
1811 2161 1873 2206 <—

204 2216 325 2261 ->nio
357 2216 472 2251 utitur
502 2215 651 2251 Plautus
681 2216 741 2256 (in
774 2217 1037 2252 Bacchidibus:
1069 2237 1109 2242 —
1137 2237 1177 2241 —
1203 2217 1429 2261 ma>chedem
1459 2217 1505 2252 ad
1530 2217 1652 2262 nob<is
1676 2236 1720 2242 -
1743 2216 1811 2257 —>
1835 2219 1873 2252 te

204 2272 353 2308 reddam
377 2272 461 2316 u<bi
483 2291 529 2298 —
554 2292 595 2296 —
620 2272 900 2314 confossio>rem
924 2273 1082 2308 soricina.
1106 2273 1213 2308 nenia
1327 2275 1392 2308 887
1418 2273 1449 2307 si
1471 2272 1538 2308 tibi
1562 2276 1618 2308 est
1641 2273 1812 2308 machera
1835 2275 1873 2307 et

203 2328 307 2364 nobis
333 2328 436 2363 codd.
445 2341 459 2369 ,·
481 2328 582 2374 apud
605 2328 749 2364 Festum
772 2329 889 2373 faisse
914 2329 944 2364 si
969 2329 1035 2364 tibi
1058 2331 1252 2364 machaera.
1276 2332 1332 2364 est
1358 2332 1396 2365 at
1419 2329 1523 2364 nobis
1549 2327 1737 2373 Vssinqius
1762 2328 1872 2369 vidit,-

204 2384 234 2420 si
257 2385 325 2420 tibi
349 2384 518 2420 machera
542 2387 598 2420 est
620 2384 720 2427 foris,
745 2388 783 2420 at
801 2384 888 2419 mihi
911 2396 964 2430 sq.
983 2385 1196 2431 thlqente'as
1221 2386 1293 2419 564
1387 2385 1540 2420 ueruina
1563 2388 1620 2419 est
1636 2384 1873 2430 FulqentIus:

204 2441 356 2477 uerbina
380 2444 413 2477 st
438 2441 502 2484 B1,
526 2441 656 2477 urbina
680 2444 735 2477 est
761 2440 832 2484 CD,
856 2442 1016 2477 uerbena
1040 2446 1073 2477 st
1101 2442 1151 2476 B²
1266 2444 1329 2477 SSS
1355 2442 1487 2477 faciam
1512 2442 1561 2476 si:
1588 2441 1738 2476 reddam
1762 2441 1873 2485 u<bi>

202 2497 331 2533 Festus
401 2500 466 2532 889
485 2497 650 2533 Donatus
667 2497 716 2533 ad
738 2496 827 2532 Eun.
844 2500 876 2539 5,
895 2499 928 2539 6,
942 2499 993 2533 23
1011 2498 1268 2534 confossiorem
1285 2501 1321 2534 te
1339 2498 1470 2533 faciam
1487 2497 1646 2533 soricina
1661 2497 1781 2533 menia

203 2557 267 2589 890
293 2554 491 2590 iandudum
513 2553 550 2588 B
643 2557 707 2589 892
733 2557 789 2590 est
812 2565 880 2589 om.
907 2554 941 2589 B
1029 2555 1164 2600 iupiter
1189 2554 1223 2589 B
1322 2557 1387 2589 893
1412 2554 1519 2589 Luna
1543 2552 1728 2599 Berqlsins
1754 2564 1814 2600 op.
1837 2554 1871 2595 1,

203 2611 275 2653 .36,·
299 2622 364 2646 nec
388 2611 657 2657 transponendo
682 2611 784 2656 (Spes
804 2611 949 2647 Latona
975 2611 1132 2650 Guiecasl
1151 2610 1315 2646 Latonae
1339 2621 1468 2646 nomen
1487 2609 1717 2656 probabilius
1737 2609 1783 2654 fit
1805 2620 1872 2645 nec

201 2668 235 2702 si
257 2666 441 2703 Minervae
466 2666 778 2713 quadrisyllabum
801 2668 925 2712 facias
1054 2678 1140 2712 opes
1170 2667 1211 2709 Β,
1237 2667 1302 2703 obs
1329 2667 1360 2702 D
1492 2669 1557 2701 895
1582 2666 1781 2701 submanus

202 2726 264 2758 897
284 2724 512 2759 auscultatur
581 2726 646 2758 900
664 2724 714 2769 cf.
731 2726 796 2760 171
871 2728 933 2759 901
953 2725 1004 2768 cs.
1025 2723 1212 2759 Beckerus
1228 2725 1265 2758 e'n
1284 2722 1523 2758 Sluclemandi
1538 2722 1633 2757 stud.
1650 2724 1682 2764 1,
1698 2723 1782 2757 206

201 2782 266 2814 902
291 2781 350 2814 uel
368 2801 408 2804 ——
428 2791 570 2816 crucem
592 2780 771 2822 Nicobuli,
797 2791 890 2816 corr.
910 2779 1052 2815 illerula
1146 2781 1203 2816 uel
1228 2781 1311 2825 (tu)
1338 2778 1622 2826 Zi'atripmanizus,
1648 2778 1698 2823 cf.
1722 2778 1772 2814 ad
1786 2777 1870 2814 Aul.

203 2836 301 2877 832,·
322 2838 414 2881 fort.
440 2836 544 2882 (abi)
568 2836 606 2871 in

2007 365 2018 397 l

2006 398 2018 429 ε’

1884 1143 1943 1178 890

1885 1481 1943 1515 895

1884 1821 1942 1854 900
