2018 3183
226 90 304 127 158
968 84 1150 120 PLAVTI
1628 82 1671 110 Ν
1684 82 1710 115 4,
1730 81 1840 114 101—6,
1859 81 1892 109 12

225 205 362 244 MNEs.
394 205 570 254 Aequom
588 202 696 241 dicis.
735 201 779 243 C.
813 200 914 240 Cedo
932 199 1104 239 tabellas.
1147 198 1205 239 M.
1234 197 1389 249 Accipe.
1423 195 1466 236 C.
1489 196 1671 236 Animum
1689 195 1888 235 advortite.

226 271 465 311 Mnesiloche
495 276 533 309 et
563 276 617 316 tu,
651 268 875 315 Pistoclere,
909 268 983 307 iarn
1015 267 1128 306 facite
1160 266 1199 304 in
1231 264 1390 304 biclinio

226 351 314 378 cum
346 338 468 376 amica
499 349 568 376 sua
599 343 765 387 uterque
796 335 1019 375 accubitum
1050 333 1158 381 eatis,
1190 333 1240 372 ita
1272 331 1524 384 negotiumst,
1903 327 1961 360 755

225 412 340 456 atque
372 405 515 444 ibidem
545 403 612 443 ubi
645 416 753 443 nunc
783 409 876 442 sunt
906 402 992 441 lecti
1024 401 1133 442 strati
1163 400 1306 453 potetis
1336 399 1429 438 cito.

224 474 333 513 PIST.
355 471 551 523 Numquid
573 469 703 510 aliud?
742 470 900 511 CHRYS.
923 470 1019 516 Hoc,
1041 476 1158 520 atque
1180 468 1313 508 etiam:
1338 465 1403 506 ubi
1426 465 1500 504 erit
1518 464 1738 504 accubitum
1759 463 1892 511 semel,

226 553 275 580 ne
307 551 504 591 quoquam
536 540 765 590 exsurgatis,
797 539 924 578 donec
956 550 976 577 a
1007 550 1068 576 me
1100 537 1172 576 erit
1201 536 1357 587 signum
1389 534 1532 573 datum.

224 608 333 648 P1sr.
385 607 415 647 O
449 607 724 659 imperatorem
754 605 942 658 probum!
1001 604 1160 645 CHRYS.
1210 603 1289 642 lam
1320 602 1379 641 bis
1410 600 1555 640 bibisse
1586 599 1772 652 oportuit.

225 676 362 717 MxEs.
380 676 579 727 Fugimus.
595 699 649 704 —-
665 675 824 716 mes.
841 674 918 713 Vos
933 679 1107 712 vostrum
1125 679 1258 712 curate
1275 670 1459 716 officium,
1477 681 1548 720 ego
1566 667 1729 707 efficiam
1747 677 1891 706 meum.
1905 668 1963 701 760

311 802 493 841 insanum
524 810 708 851 magnum
741 798 882 837 molior
915 797 1129 849 negotium,
1781 789 1845 829 IV
1868 791 1891 828 5

312 875 523 919 metuoque
554 872 598 905 ut
627 865 743 905 hodie
775 865 942 916 possiem
976 863 1183 902 emolirier.

311 937 376 976 sed
411 947 518 975 nunc
548 934 774 973 truculento
805 933 857 971 mi
890 938 1007 983 atque
1038 943 1149 970 saevo
1181 941 1275 969 usus
1305 935 1458 977 senest;

312 1016 402 1043 nam
435 1016 514 1042 non
548 1001 733 1041 conducit
764 1001 855 1039 huic
885 999 1161 1051 sycophantiae

311 1083 443 1111 senem
476 1069 729 1120 tranquillum
762 1070 846 1107 esse
877 1067 944 1106 ubi
976 1079 1037 1106 me
1068 1065 1274 1117 aspexerit.
1905 1062 1961 1095 765

311 1138 473 1178 versabo
506 1150 577 1188 ego
610 1137 717 1175 illum
749 1135 876 1181 hodie,
908 1135 939 1174 si
970 1134 1067 1181 vivo,
1102 1133 1239 1185 probe.

312 1214 389 1246 tam
422 1206 578 1245 frictum
611 1217 682 1256 ego
715 1204 822 1242 illum
856 1202 1016 1241 reddam
1048 1213 1163 1252 quam
1196 1200 1351 1239 frictum
1384 1205 1441 1239 est
1472 1199 1585 1238 cicer.

311 1273 570 1314 adambulabo
601 1272 647 1311 ad
680 1272 835 1318 ostium,
868 1276 922 1317 ut,
955 1269 1112 1321 quando
1144 1274 1265 1314 exeat,

314 1342 508 1393 extemplo
540 1339 761 1379 advenienti
793 1339 826 1378 ei
860 1337 1018 1377 tabellas
1051 1337 1138 1376 dem
1173 1336 1213 1375 in
1246 1347 1417 1374 manum.

904 1426 1233 1468 NICOBVLVS
1782 1422 1846 1463 IV
1869 1425 1892 1463 6

312 1499 483 1540 Nimium
514 1499 624 1537 illaec
656 1510 718 1536 res
748 1503 808 1536 est
838 1507 1002 1546 magnae
1032 1494 1194 1533 dividiae
1224 1493 1331 1539 mihi,
1906 1490 1963 1524 770

311 1566 595 1620 supterfugisse
625 1566 680 1605 sic
713 1564 805 1603 mihi
836 1564 951 1603 hodie
983 1562 1223 1614 Chrysalum.

313 1636 472 1676 CHRYS.
523 1633 656 1672 Salvos
687 1644 787 1678 sum,
819 1631 940 1671 iratus
971 1636 1030 1669 est
1059 1641 1191 1669 senex.
1245 1639 1352 1667 nunc
1383 1632 1443 1666 est
1473 1626 1567 1664 mihi

313 1702 482 1744 adeundi
512 1702 559 1740 ad
591 1700 789 1739 hominem
823 1705 991 1750 tempus.
1048 1697 1144 1737 Nlo.
1194 1696 1289 1742 Quis
1318 1695 1493 1746 loquitur
1523 1691 1676 1745 prope?

312 1777 430 1821 atque
461 1770 523 1808 hic
555 1768 725 1820 quidem,
759 1767 912 1819 opinor,
945 1765 1182 1818 Chrysalust.
1243 1763 1401 1803 Cnms.
1451 1763 1677 1801 Accessere.

312 1839 406 1879 Nm.
456 1838 566 1877 Bone
596 1848 716 1882 serve,
747 1835 861 1875 salve.
913 1834 1004 1885 quid
1037 1831 1108 1872 fit?
1139 1844 1256 1883 quam
1287 1843 1376 1870 mox
1409 1830 1547 1881 navigo
1907 1828 1963 1861 775

313 1906 354 1945 in
385 1905 597 1956 Ephesum,
629 1911 672 1942 ut
702 1915 841 1942 aurum
871 1907 1046 1953 repetam
1076 1900 1123 1939 ab
1155 1899 1361 1939 Theotimo
1392 1895 1581 1937 domum?

311 1971 443 2013 taces?
475 1984 546 2024 per
577 1971 704 2010 omnis
735 1971 828 2009 deos
859 1969 1007 2017 adiuro,
1038 1975 1081 2007 ut
1111 1968 1151 2007 ni
1183 1978 1313 2007 meum

313 2047 473 2092 gnatum
503 2046 580 2078 tam
611 2051 737 2078 amem
768 2048 884 2088 atque
917 2037 949 2075 ei
982 2037 1080 2075 sacta
1111 2035 1264 2086 cupiam
1296 2045 1395 2085 quae
1426 2033 1458 2072 is
1489 2031 1590 2078 velit,

315 2114 357 2148 ut
386 2115 450 2147 tua
481 2108 555 2146 iam
586 2106 703 2156 virgis
733 2105 851 2144 latera
882 2104 1106 2143 lacerentur
1135 2102 1259 2155 probe
1825 2100 1963 2136 779.780

316 2176 561 2226 ferratusque
594 2175 631 2213 in
664 2173 830 2225 pistrino
861 2178 1027 2211 aetatem
1058 2178 1252 2210 conteras.

315 2243 444 2282 onmia
477 2242 613 2282 rescivi
643 2241 787 2280 scelera
820 2253 865 2279 ex
896 2239 1136 2279 Mnesilocho
1169 2246 1246 2277 tua.

344 2346 407 2378 753
432 2342 507 2377 Mn.
534 2353 570 2379 ςε
596 2341 694 2376 P1s'r.
787 2343 852 2374 755
879 2339 1075 2382 acubitum,
1100 2339 1182 2373 item
1208 2336 1275 2371 BC
1292 2337 1362 2371 757
1451 2338 1513 2370 757
1540 2334 1590 2379 cf.
1627 2332 1809 2368 Vahlenus
1826 2333 1848 2368 l.
1866 2343 1894 2367 s.

228 2400 276 2434 ad
300 2410 330 2434 v.
358 2400 431 2434 546
553 2400 617 2432 759
643 2408 663 2432 o
688 2407 754 2432 om.
782 2396 833 2431 B¹
950 2395 1040 2430 Can.
1065 2393 1271 2429 Acidalius:
1295 2403 1362 2427 om.
1475 2394 1539 2425 760
1563 2390 1639 2425 ΜΝ.
1664 2401 1701 2426 ςε
1726 2388 1825 2424 Pm.
1852 2388 1897 2432 D,

227 2467 295 2490 om.
322 2455 390 2491 BC
499 2454 691 2499 fugiamus,
717 2463 811 2488 corr.
836 2450 1062 2486 Fritzsclzius
1085 2449 1160 2485 incl.
1184 2449 1287 2485 Rost.
1305 2448 1415 2490 1846,
1444 2448 1466 2482 7
1600 2448 1660 2480 761
1689 2445 1896 2481 Cmusuvs

229 2523 357 2548 smwvs
384 2512 431 2551 B,
454 2522 522 2546 om.
549 2511 610 2546 CI)
746 2509 914 2544 insanum
937 2517 1103 2552 magnum
1130 2510 1282 2541 testatur
1306 2503 1444 2539 Paulus
1468 2504 1534 2538 113
1670 2504 1735 2537 762
1759 2502 1895 2548 possim

231 2568 302 2611 CD,
328 2569 377 2614 cf.
395 2567 592 2603 Muellerus
613 2577 714 2614 pros.
737 2565 819 2601 add.
840 2566 901 2607 83,
925 2563 1051 2610 Amph.
1070 2564 1144 2598 130
1235 2561 1381 2597 emolier
1399 2559 1448 2595 B¹
1542 2561 1606 2594 763
1631 2560 1736 2594 usust:
1754 2558 1804 2593 B¹

230 2629 294 2660 764
318 2625 369 2670 cf.
401 2624 450 2660 ad
473 2625 549 2659 484
686 2621 913 2668 sicophantie
939 2621 1018 2663 CD,
1051 2619 1266 2655 sicot·antiae
1297 2617 1332 2652 B
1471 2618 1533 2651 765
1565 2614 1657 2659 <mi>
1688 2624 1768 2650 esse
1798 2614 1895 2650 Her-

229 2693 384 2718 mannus
498 2683 563 2716 766
588 2681 644 2716 vel
665 2679 778 2714 illunc
894 2680 957 2713 768
984 2676 1141 2712 hostium
1264 2678 1327 2708 770
1353 2673 1562 2709 Nmononvs
1586 2681 1702 2706 smzssx
1726 2680 1896 2706 cmsamrs

228 2749 357 2774 SERVVS
385 2738 428 2780 B,
455 2749 523 2773 om.
543 2736 603 2773 CD
694 2735 817 2780 nimio,
842 2733 1000 2776 correxi,
1024 2733 1074 2778 of.
1095 2731 1199 2767 Truc.
1223 2732 1294 2767 704
1385 2739 1501 2772 mane,
1527 2738 1620 2763 corr.
1644 2726 1806 2774 Pylades

230 2798 295 2829 774
321 2794 509 2838 chrisalus‚
534 2804 626 2829 corr.
655 2791 882 2828 Camerarius
1000 2792 1063 2824 776
1088 2788 1284 2825 theothimo
1314 2787 1359 2829 B,
1382 2788 1420 2821 te
1445 2785 1578 2821 othimo
1603 2787 1638 2826 (o
1658 2794 1708 2820 ex
1732 2789 1755 2818 ῡ
1782 2783 1837 2826 D),
1860 2785 1898 2818 te

230 2852 351 2888 ohimo
376 2851 403 2888 C
493 2853 556 2885 780
582 2850 704 2895 uirgas
729 2849 780 2884 B¹
