2003 3188
214 107 268 145 30
949 104 1130 141 PLAVTI
1687 105 1717 133 11
1728 106 1754 139 2,
1773 105 1876 134 48-69

214 223 293 264 AL.
316 223 436 275 Magis
455 235 561 261 nunc
577 219 685 275 (me)
702 232 829 259 meum
848 220 1018 258 officium
1038 219 1174 264 facere,
1193 218 1223 257 si
1241 218 1331 257 huic
1349 230 1431 257 eam
1450 217 1669 264 advorsum,
1692 218 1871 259 arbitror.
1885 228 1942 261 675

214 291 361 331 AMPH.
412 290 643 341 Amphitruo
675 300 835 327 uxorem
867 287 1007 325 salutat
1037 286 1158 324 laetus
1188 292 1379 337 speratam
1410 299 1533 334 suam,

216 372 330 411 quam
364 358 536 397 omnium
568 356 711 395 Thebis
741 355 797 392 vir
828 366 944 392 unam
978 365 1062 392 esse
1093 352 1277 403 optimam
1310 353 1505 401 diiudicat,

218 438 411 477 quamque
441 425 534 463 adeo
568 424 667 461 cives
698 420 873 460 Thebani
905 432 995 458 vero
1027 420 1260 459 rumiferant
1291 420 1469 472 probam.

215 493 391 532 valuistin
425 489 577 542 usque?
610 495 860 540 exspectatun
893 485 1086 527 advenio?
1145 488 1234 528 Sos.
1286 488 1392 527 Haud
1426 488 1497 527 vidi
1531 489 1664 540 magis.

213 566 476 611 exspectatum
508 570 596 597 eum
628 557 766 596 salutat
798 555 918 605 magis
950 556 1050 594 haud
1083 556 1291 607 quicquam
1324 568 1437 607 quam
1471 568 1620 595 canem.
1884 564 1942 598 680

212 628 297 667 AM.
340 627 386 665 Et
407 638 523 677 quom
547 632 583 664 te
606 635 630 666 -ι-
649 623 840 675 gravidam
864 629 902 661 et
932 635 1053 673 quom
1085 630 1121 662 te
1150 624 1314 675 pulchre
1345 624 1499 675 plenam
1520 624 1678 675 aspicio,
1710 623 1872 675 gaudeo.

212 695 316 733 ALC.
370 693 542 733 Obsecro
575 698 737 737 ecastor,
769 690 861 741 quid
892 696 933 728 tu
964 702 1025 729 me
1057 691 1257 730 deridiculi
1288 692 1408 742 gratia

213 764 267 802 sic
299 763 439 801 salutas
469 767 584 811 atque
615 759 796 811 appellas,
829 758 936 809 quasi
969 758 1114 797 dudum
1149 771 1228 797 non
1260 759 1400 798 videris

215 831 402 881 quasique
435 841 541 868 nunc
571 828 739 879 primum
771 826 936 876 recipias
967 832 1003 865 te
1035 826 1193 865 domum
1225 827 1302 866 huc
1332 839 1378 866 ex
1409 825 1613 866 hostibus?

212 895 343 953 [atque
375 910 436 936 me
469 908 574 935 nunc
606 895 769 946 proinde
799 893 972 945 appellas
1003 894 1112 944 quasi
1143 894 1265 933 multo
1297 901 1385 945 post
1414 892 1598 949 videris?]
1885 902 1941 936 685

211 966 358 1006 ΑΜΡΗ.
411 965 531 1003 immo
563 963 742 1011 equidem
775 968 811 999 te
843 961 917 1000 nisi
949 973 1057 1000 nunc
1087 961 1202 1000 hodie
1234 974 1427 1012 nusquam
1459 962 1532 1001 vidi
1563 963 1751 1013 gentium.

211 1033 314 1074 ALC.
365 1033 441 1072 Cur
463 1029 609 1081 negas?
658 1029 744 1068 AM.
776 1028 874 1074 Quia
897 1040 984 1067 vera
1006 1028 1121 1067 didici
1152 1029 1294 1068 dicere.
1344 1028 1422 1069 AL.
1454 1030 1563 1068 Haud
1587 1042 1751 1080 aequom
1783 1029 1875 1068 facit

214 1103 278 1153 qui
312 1101 413 1152 quod
447 1099 578 1138 didicit
609 1099 643 1137 id
676 1098 850 1135 dediscit.
909 1109 957 1135 an
990 1096 1264 1147 periclitamini

214 1169 304 1221 quid
337 1168 454 1207 animi
486 1164 676 1205 habeam?
707 1165 775 1204 sed
805 1164 896 1215 quid
931 1164 1006 1203 huc
1036 1177 1104 1202 vos
1135 1164 1376 1203 revortimini
1406 1170 1484 1202 tam
1515 1163 1622 1203 cito?

216 1250 264 1276 an
297 1243 332 1275 te
364 1235 576 1286 auspicium
610 1239 891 1272 commoratum
923 1238 981 1271 est
1011 1244 1059 1271 an
1095 1237 1302 1283 tempestas
1333 1232 1510 1271 continet
1885 1240 1941 1274 690
1978 1271 1981 1274 Δ

215 1305 280 1355 qui
314 1317 392 1342 non
426 1302 550 1341 abiisti
582 1303 626 1340 ad
658 1301 844 1352 legiones,
876 1301 925 1338 ita
958 1300 1014 1339 uti
1045 1299 1190 1339 dudum
1222 1298 1402 1338 dixeras?

211 1372 297 1412 AM.
321 1369 499 1410 Dudum?
517 1382 631 1421 quam
646 1369 900 1408 dudumistuc
912 1366 1150 1407 factumest?
1180 1367 1259 1407 AL.
1277 1367 1472 1419 Temptas.
1492 1367 1564 1406 iam
1576 1367 1872 1414 dudum,modo.

210 1440 357 1479 AMPH.
408 1439 482 1484 Qui
514 1439 613 1476 istuc
644 1437 746 1488 potis
776 1443 833 1475 est
864 1435 958 1481 fieri,
991 1447 1151 1486 quaem,
1184 1441 1226 1474 ut
1256 1435 1369 1473 dicis:
1403 1435 1476 1473 iam
1506 1434 1667 1481 dudum,
1700 1433 1846 1474 modo?

211 1507 314 1546 ALC.
365 1506 465 1552 Quid
497 1506 599 1544 enim
633 1503 797 1543 censes?
830 1511 866 1542 te
896 1509 940 1541 ut
970 1503 1147 1543 deludam
1179 1510 1317 1541 contra
1348 1503 1519 1542 lusorem
1549 1515 1694 1550 meum,

210 1576 275 1626 qui
309 1587 416 1614 nunc
448 1574 616 1625 primum
645 1579 682 1611 te
713 1571 912 1611 advenisse
944 1571 1061 1618 dicas,
1093 1571 1208 1609 modo
1241 1571 1307 1621 qui
1339 1571 1430 1610 hinc
1460 1570 1614 1610 abieris.
1884 1580 1941 1613 695

209 1642 355 1682 ΑΜΡΗ.
405 1641 510 1680 Haec
541 1641 695 1692 quidem
727 1640 976 1679 deliramenta
1009 1639 1195 1690 loquitur.
1273 1638 1362 1680 Sos.
1418 1639 1616 1690 Paulisper
1646 1650 1772 1685 mane,

210 1711 301 1749 dum
332 1709 564 1749 edormiscat
595 1721 715 1747 unum
747 1720 942 1747 somnum.
1002 1706 1148 1747 ΑΜΡΗ.
1190 1706 1352 1752 Quaene
1383 1707 1545 1758 vigilans
1574 1704 1771 1746 somniat?

209 1778 312 1818 ALC.
363 1777 552 1828 Equidem
583 1783 733 1816 ecastor
765 1776 891 1826 vigilo,
924 1780 962 1814 et
993 1775 1152 1826 vigilans
1182 1774 1218 1813 id
1251 1775 1354 1824 quod
1387 1776 1529 1813 factum
1563 1780 1622 1814 est
1652 1773 1818 1812 fabulor.

211 1857 299 1883 nam
322 1844 465 1883 dudum
487 1850 577 1883 ante
600 1844 725 1883 lucem
747 1850 785 1883 et
805 1844 934 1882 istunc
955 1849 993 1882 et
1014 1849 1051 1881 te
1072 1842 1158 1881 vidi.
1209 1841 1355 1882 AMPH.
1396 1842 1483 1888 Quo
1515 1842 1554 1881 in
1586 1839 1702 1881 loco?

208 1912 287 1952 AL.
309 1911 380 1950 Hic
397 1912 436 1950 in
451 1912 611 1951 aedibus
629 1912 693 1950 ubi
713 1918 752 1951 tu
770 1911 933 1952 habitas.
964 1910 1050 1951 AM.
1071 1910 1290 1961 Numquam
1310 1911 1452 1949 factum
1471 1917 1541 1949 est.
1572 1910 1612 1951 S.
1633 1909 1721 1949 Non
1738 1907 1939 1964 taces?700

210 1980 303 2031 quid
333 1980 365 2019 si
397 1992 418 2018 e
448 1986 563 2031 portu
597 1980 702 2019 navis
733 1980 808 2019 buc
840 1992 912 2018 nos
943 1978 1173 2018 dormientis
1202 1976 1370 2017 detulit?

324 2137 389 2169 675
422 2132 523 2178 (me)
559 2133 827 2168 Limlemamzus
950 2133 1070 2168 facere
1106 2132 1136 2166 si
1175 2131 1421 2167 Camerarius:
1457 2132 1597 2167 faceres
1635 2132 1804 2175 (facerem
1840 2132 1872 2168 si

207 2190 337 2231 Lond.)
475 2193 539 2224 676
573 2191 706 2225 salutat
740 2190 879 2225 Nonius
911 2191 996 2229 439,
1028 2189 1097 2224 B2:
1130 2188 1268 2224 salutm
1297 2188 1364 2228 13¹,
1394 2188 1526 2224 salutet
1549 2187 1622 2224 DE
1755 2191 1870 2227 lectus

207 2247 349 2282 Nonius
453 2249 517 2281 678
548 2248 636 2282 abeo
665 2246 813 2288 BOEffl,
837 2247 918 2282 ideo
944 2246 1088 2281 Nonius
1116 2247 1177 2279 167
1275 2255 1359 2281 vero
1383 2245 1598 2281 rumiferant
1622 2250 1773 2281 testatur
1797 2246 1871 2282 Νο-

206 2305 309 2338 nius:
340 2314 424 2339 vero
455 2306 545 2345 (-um
578 2303 639 2345 ΙΝ)
668 2302 871 2338 rumificant
905 2303 954 2344 l),
990 2313 1156 2338 verorum
1186 2301 1347 2337 mificant
1379 2301 1448 2343 B¹‚
1482 2311 1646 2337 verorum
1677 2302 1872 2338 mirificant

207 2360 243 2394 E
246 2360 295 2394 Β2
386 2362 451 2395 6ῖ9
464 2362 682 2403 expectatun
699 2360 747 2393 B:
771 2362 1000 2404 expectatum
1019 2358 1080 2401 ffl,
1098 2360 1328 2403 expectatum
1343 2368 1388 2393 ne
1406 2357 1468 2400 17¹,
1491 2359 1726 2403 expectastim
1746 2358 1782 2394 E

206 2419 269 2451 630
294 2416 386 2461 fort.
411 2416 654 2460 expectaturi?
679 2427 734 2451 em
826 2427 942 2451 meum
960 2416 1011 2450 B¹
1104 2415 1301 2460 quisquam,
1318 2425 1413 2450 corr.
1439 2413 1589 2449 Botlze’us
1680 2417 1742 2451 681
1762 2427 1869 2461 quom

205 2474 388 2517 gravidam
413 2472 584 2518 Pylades,-
614 2472 678 2507 sed
707 2473 758 2518 cf.
793 2473 958 2508 Tailliart
988 2483 1061 2508 rev.
1093 2472 1148 2507 de.
1176 2472 1266 2517 phil.
1303 2473 1354 2513 17,
1389 2473 1452 2506 191
1485 2472 1550 2517 qui
1578 2476 1734 2517 propter
1762 2483 1870 2517 quom

204 2531 393 2574 repetitum
418 2531 453 2565 in
477 2541 517 2567 re
540 2529 663 2565 eadem
687 2534 723 2565 et
749 2530 931 2573 gravidam
956 2541 986 2565 v.
1011 2531 1078 2564 668
1097 2528 1337 2575 probabiliter
1360 2528 1491 2563 conicit
1515 2531 1553 2564 et
1576 2539 1682 2573 quom
1706 2531 1741 2564 te
1765 2529 1869 2565 video

205 2589 241 2620 et
265 2597 369 2630 quom
506 2586 645 2632 ascipio
783 2589 848 2621 684
879 2587 981 2631 quasi
1011 2586 1089 2631 qui,
1121 2596 1217 2620 corr.
1244 2584 1492 2626 Camerarius;
1521 2585 1572 2630 cf.
1600 2583 1708 2630 Epicl.
1734 2586 1800 2620 ⁴275
1813 2596 1867 2630 sq.

205 2640 283 2675 Mil.
309 2643 376 2675 909
389 2653 442 2687 sq.
468 2642 530 2678 all.
625 2644 688 2678 685
714 2642 781 2678 del.
807 2641 973 2677 Muretus
1064 2644 1128 2676 687
1147 2652 1215 2686 qur
1231 2640 1269 2676 Ε
1356 2652 1486 2686 equum
1508 2640 1589 2683 BD,
1614 2652 1719 2685 equm
1744 2641 1781 2676 E

207 2700 270 2731 690
296 2699 448 2734 continit
465 2698 651 2741 Luchsffls,
675 2699 725 2744 cf.
741 2700 806 2733 926
899 2702 959 2734 691
981 2699 1090 2734 abisti
1182 2701 1222 2734 ut
1314 2700 1378 2732 692
1395 2697 1467 2733 iam
1483 2698 1617 2733 dudum
1637 2697 1867 2733 Brunclcius:

206 2753 276 2788 iam
308 2755 442 2789 dudum
465 2756 603 2796 pridem
696 2758 761 2790 693
787 2759 915 2800 quesut
941 2755 1029 2790 B¹E
1129 2755 1181 2799 cf.
1206 2754 1402 2800 Lanqenus
1423 2754 1534 2800 symb.
1561 2755 1607 2789 33
1692 2756 1756 2789 694
1781 2754 1869 2799 quid

206 2811 299 2844 enim
324 2811 375 2854 cf.
400 2810 595 2856 Lanqeuns
618 2813 729 2858 symb.
748 2814 814 2847 267
907 2814 970 2847 695
989 2811 1147 2846 habieris
1246 2813 1311 2846 696
1336 2811 1415 2847 Sos.
1435 2810 1660 2846 Saracenas:
1685 2812 1775 2847 ALc.

205 2869 267 2901 697
290 2866 441 2902 somniet
458 2866 492 2901 Ε
582 2872 646 2903 '100
670 2869 740 2904 Hci
767 2869 852 2904 B²D
