1998 3179
60 86 103 114 111
115 88 140 120 1,
160 86 262 114 15-40
769 83 1000 120 ASINARIA
1665 83 1685 118 7
1693 83 1716 120 3

59 200 106 239 ad
136 199 378 251 loquendum
409 205 524 250 atque
555 199 600 237 ad
632 198 838 238 tacendum
871 204 952 237 tute
983 197 1125 237 habeas
1155 197 1424 249 portisculum.

60 268 154 319 quin
185 267 252 319 pol
281 267 313 306 si
343 266 511 318 reposivi
541 278 707 312 remum,
739 266 819 305 sola
851 278 922 316 ego
953 265 993 304 in
1025 266 1187 305 casteria

61 335 126 374 ubi
157 334 331 386 quiesco,
362 334 488 373 omnis
517 333 682 372 familiae
713 345 826 372 causa
857 333 1035 372 consistit
1062 333 1145 372 tibi.
1730 337 1785 368 520

59 402 218 443 CLEAR.
266 400 365 447 Quid
395 401 449 440 ais
478 406 533 448 tu,
566 412 680 451 quam
712 412 783 451 ego
814 412 932 438 unam
964 400 1038 438 vidi
1070 400 1272 439 mulierem
1305 398 1624 439 audacissimam?

60 470 243 521 quotiens
271 475 309 508 te
339 468 446 508 votui
475 467 737 519 Argyrippum
768 467 891 506 filium
922 467 1148 507 Demaeneti

60 536 293 588 compellare
323 542 390 575 aut
419 540 677 582 contrectare,
709 534 941 585 conloquive
971 541 1038 574 aut
1068 534 1234 574 contui‘?

61 603 153 655 quid
183 601 316 642 dedit?
347 602 440 654 quid
471 602 518 641 ad
548 614 622 641 nos
651 601 764 641 iussit
793 600 1019 653 deportari?
1050 614 1097 641 an
1131 608 1173 641 tu
1201 602 1271 641 tibi

59 670 175 710 verba
203 670 346 710 blanda
376 683 460 710 esse
491 682 629 709 aurum
660 681 760 717 rere,
791 670 893 709 dieta
922 670 1036 708 docta
1065 682 1138 721 pro
1170 668 1296 709 datis?
1729 673 1785 704 525

58 738 160 777 ultro
191 750 307 785 amas,
340 737 440 777 ultro
472 737 696 789 expetessis,
727 737 830 776 ultro
860 737 907 776 ad
937 743 976 776 te
1005 737 1151 776 accersi
1182 737 1304 776 iubes.

58 805 145 846 illos
174 805 242 857 qui
272 806 378 852 dant,
410 817 477 845 eos
506 805 679 854 derides3
710 805 776 856 qui
807 804 1008 852 deludunt,
1040 804 1207 856 deperis.

58 885 107 911 an
139 879 177 912 te
207 872 244 911 id
276 878 501 924 exspectare
532 878 701 924 oportet,
730 873 761 912 si
792 873 879 924 quis
909 872 1110 924 promittat
1140 871 1208 911 tibi

57 946 94 979 te
125 940 320 980 facturum
350 940 518 988 divitem,
549 940 582 979 si
611 940 802 980 moriatur
830 946 954 979 mater
983 938 1081 979 sua?

58 1017 82 1048 -t-
118 1014 270 1047 ecastor
299 1007 414 1047 nobis
444 1007 634 1059 periclum
664 1020 850 1059 magnum
882 1014 920 1046 et
948 1007 1116 1046 familiae
1146 1007 1409 1059 portenditur,
1731 1010 1787 1042 530

58 1075 148 1115 dum
180 1076 264 1115 eius
294 1082 563 1127 exspectamus
593 1082 772 1124 mortem,
805 1088 855 1114 ne
887 1088 960 1114 nos
989 1075 1204 1114 moriamur
1233 1076 1347 1114 fame.

60 1155 167 1182 nunc
196 1143 291 1182 adeo
323 1143 397 1182 nisi
426 1142 479 1181 mi
509 1143 588 1182 huc
618 1143 774 1194 argenti
804 1143 930 1182 adfert
960 1143 1095 1194 viginti
1124 1143 1263 1189 minas,

62 1223 109 1250 ne
139 1210 202 1250 ille
230 1216 381 1249 ecastor
410 1210 504 1249 hinc
534 1211 715 1249 trudetur
744 1211 876 1261 largus
906 1211 1165 1249 lacrumarum
1195 1211 1310 1249 foras.

57 1277 120 1317 hic
151 1277 232 1317 dies
261 1284 456 1317 summust
487 1292 509 1316 >κ
540 1279 643 1329 apud
673 1291 735 1317 me
765 1278 920 1329 inopiae
951 1278 1161 1317 excusatio.

56 1344 178 1384 PHIL.
228 1345 366 1393 Patiar,
397 1346 428 1385 si
459 1345 546 1384 cibo
578 1358 711 1384 carere
741 1358 804 1384 me
834 1345 957 1393 iubes,
988 1353 1112 1384 mater
1140 1357 1237 1385 mea.
1728 1349 1785 1382 535

56 1412 215 1453 CLEAR.
263 1413 350 1452 Non
382 1418 469 1451 voto
500 1413 563 1452 ted
594 1425 722 1451 amare
753 1413 818 1463 qui
850 1414 943 1452 dant
971 1413 1085 1463 quoia
1116 1419 1296 1452 amentur
1325 1412 1458 1464 gratia.

55 1480 178 1521 Pnn..
218 1479 319 1526 Quid
340 1480 372 1519 si
394 1480 456 1519 hic
477 1480 631 1519 animus
654 1486 896 1531 occupatust,
918 1488 1054 1527 mater,
1076 1481 1166 1531 quid
1190 1479 1356 1519 faciam?
1378 1492 1507 1520 mone.
1557 1479 1601 1520 O.
1632 1480 1718 1527 Em,

57 1560 186 1587 meum
217 1554 334 1600 caput
363 1548 618 1599 contemples,
651 1548 683 1587 si
713 1548 871 1599 quidem
901 1561 947 1587 ex
977 1560 1019 1587 re
1051 1548 1250 1588 consultas
1280 1555 1356 1587 tua.

55 1615 178 1655 Pnn..
227 1615 352 1654 Etiam
384 1616 500 1667 opilio
533 1616 598 1666 qui
630 1616 763 1667 pascit,
794 1622 930 1663 mater,
962 1615 1107 1655 alienas
1139 1616 1231 1664 ovis,
1650 1622 1788 1655 539.540

56 1683 224 1734 aliquam
255 1683 372 1722 habet
400 1683 652 1734 peculiarem,
685 1683 750 1734 qui
782 1696 892 1734 spem
924 1683 1071 1722 soletur
1101 1696 1224 1723 suam.

57 1750 142 1789 sine
170 1763 233 1790 me
263 1762 391 1790 amare
421 1763 545 1790 unum
576 1751 839 1803 Argyrippum
871 1751 990 1790 animi
1023 1763 1150 1798 causa,
1182 1763 1297 1802 quem
1327 1751 1429 1790 volo.

57 1818 215 1859 CLEAR.
263 1818 372 1858 Intro
403 1818 476 1865 abi,
509 1831 598 1857 nam
630 1825 666 1857 te
697 1818 855 1869 quidem
887 1819 1024 1870 edepol
1056 1819 1151 1858 nihil
1182 1825 1240 1858 est
1270 1818 1547 1870 impudentius.

56 1885 178 1927 Pan..
227 1886 459 1925 Audientem
491 1886 608 1934 dicto,
640 1892 775 1933 mater,
812 1886 1027 1938 produxisti
1059 1887 1187 1926 filiam.

170 2054 234 2086 518
251 2054 291 2087 tu
307 2054 349 2086 ut
364 2051 475 2086 habes
492 2050 646 2094 Nonius,
670 2054 747 2086 tute
764 2052 877 2087 habes
895 2050 1060 2087 Isidorus
1072 2054 1128 2094 19,
1146 2055 1182 2095 2,
1199 2054 1245 2087 13
1336 2052 1573 2098 portisculum
1590 2063 1718 2088 nomen

58 2108 181 2143 Aelius
196 2107 288 2143 Stilo
307 2112 459 2142 testatur
475 2107 616 2150 (Festus
628 2109 729 2151 234),
744 2109 962 2154 porticulum
981 2108 1160 2152 Isidorus,
1184 2109 1326 2145 Paulus
1340 2113 1467 2144 contra
1483 2109 1642 2150 Festum,
1666 2109 1718 2154 ef.

63 2174 140 2200 σοι.
161 2166 193 2206 5,
212 2165 302 2206 380,
319 2165 370 2198 40
387 2168 422 2199 et
437 2166 474 2205 2,
491 2165 534 2198 15
542 2165 571 2208 7,
593 2165 614 2199 7
695 2170 785 2210 post
802 2167 866 2200 518
893 2164 1076 2201 Clearetae
1096 2176 1307 2212 responsum
1332 2165 1555 2201 intercidisse
1578 2165 1720 2201 videtur

58 2219 165 2255 huius
194 2221 276 2266 fere
306 2221 521 2255 sententiae:
551 2221 603 2255 nil
626 2224 746 2267 potest
778 2222 909 2257 bonum
943 2222 1120 2266 celeuma,
1149 2233 1271 2257 remex
1295 2222 1365 2257 nisi
1388 2223 1480 2257 bene
1504 2222 1630 2258 audiat

60 2280 123 2312 519
147 2277 293 2323 reposui
309 2275 392 2318 DE,
423 2276 535 2311 schol.
560 2276 650 2312 Stat.
678 2276 781 2313 Theb.
811 2279 843 2319 6,
871 2280 970 2321 800,
1002 2279 1186 2324 repulsaui
1218 2279 1362 2314 Nouius
1388 2280 1444 2314 85.
1470 2282 1620 2323 uterque
1650 2282 1718 2314 tes·

61 2336 184 2368 tantur
208 2332 380 2376 casteria,
406 2332 455 2377 cf.
472 2332 674 2368 Lobeclcius
696 2333 845 2369 rlzemat.
873 2335 921 2368 84
933 2345 987 2380 sq.
1082 2337 1145 2369 522
1169 2338 1206 2370 te
1231 2345 1298 2369 om.
1316 2334 1368 2369 B¹
1460 2335 1560 2370 uetui
1577 2334 1629 2369 Β2

61 2388 247 2433 agrippum
271 2387 310 2422 E
326 2388 421 2430 (item
447 2390 534 2431 542)
649 2393 714 2424 524
747 2391 930 2434 deportari
960 2391 1067 2426 iussit
1090 2392 1137 2426 ad
1159 2402 1244 2436 nos,
1268 2391 1417 2427 correxi
1531 2394 1596 2426 525
1619 2402 1718 2426 rere:

63 2444 192 2479 lacuna
215 2445 257 2479 11
278 2445 362 2490 fere
385 2445 448 2479 litt.
468 2445 530 2487 13¹,
552 2456 672 2481 rerere
693 2446 731 2480 E
819 2449 882 2481 527
902 2448 990 2483 dant
1014 2449 1036 2482 i.
1053 2459 1126 2482 ras.
1147 2448 1200 2482 B²
1314 2458 1375 2483 eos
1400 2458 1465 2482 om.
1491 2447 1545 2483 Β1
1658 2448 1718 2483 de-

60 2500 168 2544 deris,
185 2511 282 2537 corr.
302 2500 530 2536 Camerarius
622 2505 686 2538 529
703 2503 864 2546 moritur,
882 2515 975 2538 corr.
992 2503 1152 2550 Pylades
1237 2507 1313 2548 tua,
1330 2514 1423 2538 corr.
1443 2516 1461 2540 ς
1542 2506 1606 2537 530
1623 2515 1718 2547 mag-

59 2566 146 2591 num
169 2556 237 2592 del.
262 2556 424 2604 Pylades
447 2568 519 2593 uon
536 2559 780 2604 probabiliter
803 2561 866 2605 (cf.
883 2561 963 2596 Aul.
980 2562 1059 2595 235
1080 2561 1157 2596 Mil.
1176 2562 1300 2602 1151),-
1319 2560 1409 2605 fort.
1427 2570 1594 2605 magnum
1617 2571 1718 2596 ecas-

58 2614 129 2656 tor,
154 2613 203 2658 cf.
231 2612 354 2649 Herm.
378 2615 438 2655 18,
465 2616 539 2648 586
632 2618 695 2650 533
720 2616 838 2661 largos
862 2617 899 2651 B
992 2621 1056 2652 534
1081 2620 1172 2653 haec
1196 2618 1272 2652 dies
1297 2619 1469 2652 summast
1493 2619 1640 2657 (summe
1663 2619 1719 2652 est

60 2667 312 2711 Londinensis)
330 2670 592 2712 Fleckeisenus,
618 2673 667 2717 cf.
686 2671 785 2707 Pers.
804 2674 864 2714 34,
881 2673 1012 2709 Pseud.
1027 2675 1100 2709 3722
1202 2673 1442 2719 supplendum
1466 2672 1606 2708 videtur
1622 2675 1717 2708 sum-

59 2726 166 2767 must,
189 2725 283 2767 <iam
306 2726 430 2769 nulla>
452 2726 509 2761 vel
530 2730 702 2764 summust
717 2728 811 2773 <quo
835 2729 913 2770 est>
1027 2732 1092 2764 536
1109 2732 1193 2765 ueto
1218 2730 1271 2764 Β2
1385 2729 1492 2774 quoia
1516 2728 1720 2775 Berqlcius:

61 2790 131 2825 qua
153 2781 226 2825 (qui
242 2781 279 2815 B
301 2786 384 2816 ante
407 2786 517 2824 corr.)
611 2786 672 2818 537
697 2788 813 2821 mater
837 2786 933 2831 quod
958 2784 1050 2820 B¹E
1134 2786 1216 2820 hem
1309 2788 1373 2820 538
1399 2796 1419 2820 e
1440 2796 1481 2820 re
1507 2785 1640 2821 Gellius
1657 2787 1718 2828 18,

60 2838 118 2875 12,
135 2838 159 2870 5
242 2841 326 2882 post
349 2836 444 2873 huuc
468 2849 607 2874 versum
630 2842 843 2876 senteutiam
869 2842 1031 2877 desidero
1058 2842 1177 2887 qualis
1200 2845 1255 2877 est
1276 2841 1384 2878 Most.
1408 2843 1491 2878 200
1506 2852 1560 2888 sq.
