1998 3179
90 93 105 121 1
123 95 152 125 2,
163 92 265 122 18-45
810 89 1031 126 EPIDICVS
1664 90 1745 128 349

93 219 207 260 quem
239 206 396 258 quidem
428 209 499 256 ego
530 205 730 244 hominem
760 205 960 256 irrigatum
992 207 1118 257 plagis
1146 206 1283 258 pistori
1313 207 1429 255 dabo,

94 274 168 314 nisi
196 274 312 313 hodie
341 273 452 325 prius
481 273 735 325 comparassit
764 273 858 312 mihi
889 274 1145 325 quadraginta
1175 275 1313 322 minas,

94 354 209 393 quam
239 341 390 392 argenti
419 342 530 381 fuero
562 341 738 381 elocutus
769 341 803 380 ei
833 348 1070 393 postremam
1101 342 1297 394 syllabam.

92 410 167 450 ΕΡ.
217 409 326 448 Salva
357 422 421 449 res
452 415 529 449 est:
561 408 662 449 bene
692 408 897 461 promittit,
928 422 1044 460 spero
1076 410 1242 449 servabit
1274 410 1400 450 sidem.

91 477 176 517 sine
205 489 292 515 meo
322 483 481 529 sumptu
511 483 666 529 paratae
696 478 773 516 iam
802 484 895 516 sunt
924 477 1093 528 scapulis
1122 478 1332 530 symbolae.
1764 482 1819 515 125

90 544 295 597 aggrediar
323 544 535 584 hominem.
650 544 919 584 advenientem
942 547 1107 596 peregre
1129 557 1239 584 erum
1270 542 1413 601 [suom]
1447 545 1749 598 Stratippoclem

91 612 265 663 impertit
293 612 415 652 salute
448 624 579 652 servos
609 612 807 664 Epidicus.
867 611 963 652 STR.
1012 612 1084 651 Vbi
1116 613 1148 652 is
1181 612 1267 652 est?
1325 613 1400 654 ΕΡ.
1451 614 1581 653 Adest.

91 680 236 720 salvom
267 680 344 720 huc
375 681 575 720 advenisse
605 704 659 709 —
718 680 811 721 Sem.
860 680 955 719 Tam
986 680 1056 720 tibi
1088 681 1188 720 istuc
1219 681 1336 720 credo
1368 694 1483 732 quam
1516 682 1622 720 mibi.

90 749 166 789 ΕΡ.
210 749 370 788 Benene
399 761 524 800 usque
544 746 725 788 valuisti?
784 748 876 789 STR.
921 748 951 787 A
973 748 1113 788 morbo
1144 749 1264 796 valui,
1296 748 1344 787 ab
1376 749 1505 788 animo
1537 761 1653 800 aeger
1683 749 1750 788 fui.

90 817 166 857 EP.
216 815 328 862 Quod
357 816 402 855 ad
433 829 496 856 me
526 816 694 865 attinuit,
725 829 797 869 ego
827 817 977 856 curavi:
1011 817 1115 868 quod
1147 816 1376 856 mandavisti
1408 817 1500 856 mihi
1767 822 1821 854 130

91 885 340 936 impetratum
370 891 440 931 est,
473 890 599 936 empta
631 885 782 931 ancilla,
814 884 918 936 quod
949 890 1032 924 tute
1062 885 1108 924 ad
1138 897 1199 924 me
1229 885 1377 924 litteras

91 951 367 992 missiculabas.
427 952 523 993 Sem.
573 953 779 992 Perdidisti
811 965 965 992 omnem
998 965 1166 1005 operam.
1225 953 1301 993 ΕΡ.
1346 953 1441 992 Nam
1473 953 1538 1004 qui
1571 950 1752 1005 perdidi?

91 1020 187 1063 STR.
238 1022 335 1068 Quia
366 1034 452 1061 meo
484 1034 613 1073 neque
644 1033 729 1061 cara
761 1027 820 1061 est
849 1021 956 1061 cordi
989 1034 1117 1073 neque
1148 1022 1288 1073 placet.
1347 1021 1422 1062 ΕΡ.
1472 1020 1571 1067 Quid
1603 1020 1734 1061 retulit

92 1089 186 1128 mihi
216 1096 325 1130 tanto
357 1103 476 1142 opere
505 1096 544 1129 te
575 1090 760 1129 mandare
791 1096 830 1129 et
858 1090 1012 1129 mittere
1043 1091 1089 1129 ad
1121 1102 1182 1129 me
1213 1089 1425 1142 epistulas?

91 1157 188 1198 STR.
238 1158 345 1197 Illam
375 1158 548 1198 amabam
581 1158 686 1205 olim,
718 1170 827 1197 nunc
856 1159 930 1197 iam
961 1159 1032 1197 alia
1063 1170 1155 1197 cura
1185 1158 1386 1210 impendet
1418 1157 1580 1209 pectori.
1765 1160 1820 1193 135

91 1224 167 1265 ΕΡ.
216 1225 355 1265 Hercle
385 1227 569 1266 miserum
602 1232 660 1266 est
689 1227 886 1277 ingratum
918 1239 1001 1266 esse
1031 1226 1180 1265 homini
1211 1226 1248 1265 id
1281 1226 1383 1277 quod
1415 1226 1531 1265 facias
1562 1225 1676 1266 bene.

94 1305 165 1344 ego
197 1294 300 1344 quod
331 1294 433 1333 bene
464 1295 539 1334 feci
568 1294 667 1333 male
698 1295 784 1342 feci,
817 1294 904 1345 quia
935 1306 1046 1333 amor
1075 1294 1236 1333 mutavit
1266 1294 1408 1334 locum.

93 1360 190 1403 STR.
242 1362 485 1414 Desipiebam
518 1362 670 1410 mentis,
703 1375 791 1401 cum
823 1362 886 1401 illa
917 1362 1059 1414 scripta
1091 1362 1289 1402 mittebam
1321 1363 1403 1402 tibi.

91 1429 167 1471 ΕΡ.
217 1430 305 1469 Men
336 1431 571 1482 piacularem
603 1436 759 1482 oportet
789 1430 872 1469 fieri
903 1430 951 1469 ob
983 1430 1183 1470 stultitiam
1215 1438 1331 1477 tuam,

92 1504 136 1535 ut
164 1509 294 1536 meum
325 1504 477 1549 tergum
509 1504 597 1537 tuae
627 1498 811 1537 stultitiae
842 1498 983 1537 subdas
1012 1497 1318 1538 succidaneum?
1768 1500 1823 1532 140

91 1564 187 1606 Sm.
238 1565 340 1611 Quid
370 1565 485 1606 istic?
523 1565 639 1605 verba
671 1567 845 1606 facimus.
904 1566 995 1605 huic
1025 1566 1174 1605 homini
1206 1570 1322 1618 opust
1353 1566 1607 1618 quadraginta
1640 1568 1754 1608 minis

93 1632 272 1672 celeriter
301 1634 447 1681 calidis,
479 1634 653 1673 danistae
684 1647 780 1686 quas
811 1634 988 1682 resolvat,
1022 1641 1060 1674 et
1090 1634 1181 1674 cito.

91 1700 166 1742 ΕΡ.
205 1701 275 1740 Dic
303 1703 419 1741 modo
450 1703 556 1742 unde
586 1703 740 1742 auferre
770 1715 831 1742 me
861 1702 929 1741 vis.
989 1715 1008 1741 a
1042 1715 1119 1754 quo
1150 1703 1336 1755 trapezita
1365 1701 1482 1754 peto?

91 1768 187 1810 STR.
238 1769 347 1809 Vnde
376 1769 483 1810 libet.
543 1782 633 1809 nam
665 1771 705 1809 ni
735 1776 825 1809 ante
855 1770 977 1810 solem
1010 1783 1190 1810 occasum
1223 1771 1309 1810 elo*

91 1848 216 1875 meam
245 1837 403 1876 domum
436 1849 486 1877 ne
516 1837 677 1877 inbitas:
709 1845 750 1877 tu
781 1843 819 1877 te
849 1838 888 1877 in
920 1838 1129 1889 pistrinum
1192 1852 1213 1876 a<
1769 1840 1824 1872 145

90 1904 166 1946 ΕΡ.
215 1904 342 1944 Facile
372 1913 415 1945 tu
446 1906 545 1946 istuc
575 1906 659 1945 sine
689 1906 836 1957 periclo
867 1912 905 1946 et
936 1918 1041 1954 cura,
1073 1907 1191 1946 corde
1222 1906 1344 1946 libero

92 1971 283 2022 fabulare3
315 1974 405 2013 novi
437 1987 508 2026 ego
540 1980 717 2014 nostros:
748 1973 843 2013 mibi
874 1973 980 2013 dolet
1009 1986 1098 2013 cum
1130 1986 1202 2025 ego
1233 1974 1386 2026 vapulo.

91 2039 187 2082 STR.
237 2040 336 2086 Quid
367 2047 408 2080 tu
442 2040 577 2081 nunc?
608 2042 772 2094 patierin
805 2048 847 2081 ut
878 2054 948 2094 ego
981 2055 1043 2081 me
1074 2040 1325 2081 interimam?
1383 2042 1457 2083 ΕΡ.
1516 2042 1570 2081 Ne
1602 2043 1754 2082 feceris.

208 2175 270 2208 123
296 2175 459 2210 sillabam
554 2178 618 2210 124
640 2173 811 2218 promitte
844 2173 911 2208 VE
998 2175 1106 2210 fidem
1129 2175 1345 2212 Lambinus:
1369 2177 1464 2212 idem
1582 2178 1644 2211 125
1671 2175 1754 2210 sim-

92 2229 197 2265 bolae
290 2233 354 2266 126
371 2242 476 2266 suum
492 2242 557 2267 om.
578 2244 596 2268 ς
687 2230 948 2276 stratippoclen
963 2233 999 2278 (p
1018 2231 1070 2274 E)
1096 2231 1214 2266 ΙῙΕΒ2
1309 2235 1370 2268 127
1396 2232 1558 2278 impertit
1583 2231 1758 2267 Weisius:

94 2286 198 2321 salua
220 2286 382 2332 impertit
499 2290 561 2322 128
586 2288 725 2323 saluom
757 2287 961 2335 Seyffertus
991 2288 1110 2331 (Cure.
1135 2288 1189 2323 ed.
1217 2288 1340 2325 Goetz.
1363 2301 1424 2335 pr.
1448 2290 1528 2332 173:
1554 2289 1695 2324 saluum
1719 2291 1755 2323 te

91 2342 232 2387 gaudeo
327 2347 389 2379 130
413 2344 594 2381 mandasti
687 2347 746 2382 131
768 2347 924 2390 emptast
1019 2348 1082 2381 134
1098 2348 1289 2391 tantopere
1385 2349 1447 2382 135
1473 2347 1524 2391 cf.
1545 2345 1645 2392 Capi.
1663 2346 1754 2380 266.

91 2399 262 2435 nunciam
277 2400 396 2436 locum
420 2412 494 2436 non
518 2402 634 2443 habet,
659 2402 709 2448 cf.
727 2401 923 2449 Lanqenus
946 2403 1058 2448 symb.
1074 2404 1157 2438 287
1248 2405 1312 2437 136
1336 2403 1528 2445 hominem,
1553 2413 1649 2437 corr.
1669 2401 1755 2436 Pal-

92 2457 226 2491 merius
319 2460 380 2493 137
405 2458 477 2493 feci
492 2458 584 2493 bene
600 2458 636 2493 B
731 2461 793 2494 138
810 2459 874 2494 illa
890 2459 1028 2505 scripta
1043 2460 1220 2495 mitterem
1237 2459 1381 2495 Nonius
1397 2460 1486 2502 499,
1501 2459 1582 2494 illas
1601 2458 1756 2503 scriptas

91 2512 278 2549 mittebam
301 2513 406 2550 codd.
524 2518 587 2552 139
612 2518 649 2551 at
673 2515 896 2561 piacularem
931 2515 1013 2558 VE,
1038 2516 1087 2551 ad
1109 2517 1202 2562 piac.
1227 2527 1320 2553 aser.
1348 2520 1362 2551 1
1385 2516 1605 2561 peculiarem
1630 2515 1665 2549 B

96 2572 159 2605 140
182 2572 268 2606 tuae
290 2571 467 2607 stultitiae
484 2570 621 2608 Gellius
644 2573 679 2615 4,
700 2574 732 2616 6,
749 2573 793 2607 4:
817 2572 992 2607 stultitiae
1008 2575 1094 2609 tuae
1112 2574 1216 2609 codd.
1233 2584 1306 2609 non
1323 2574 1449 2608 vitiose
1541 2571 1756 2607 succidana-

93 2636 199 2662 neum
225 2626 295 2663 ΥΕ
362 2631 424 2665 141
443 2629 477 2665 S.
501 2630 696 2676 Anqelius:
719 2630 785 2665 Cn.
857 2629 1028 2666 distinxit
1043 2629 1311 2665 Studemmzdus
1335 2629 1428 2665 stud.
1445 2630 1483 2670 2,
1499 2629 1570 2664 271
1663 2637 1755 2673 opus

94 2686 150 2718 est
221 2686 285 2719 142
301 2685 474 2728 resoluas,
492 2696 585 2722 corr.
599 2685 780 2732 Pyladem
794 2687 888 2732 fort.
901 2686 1088 2728 resolvam,
1103 2686 1167 2722 sed
1239 2689 1301 2722 143
1316 2686 1373 2722 uis
1387 2696 1443 2721 me
1458 2684 1608 2720 Guietus
1622 2686 1756 2730 (tarpe-

94 2739 168 2775 zita
190 2740 407 2778 Ritsclzelius
430 2753 488 2789 op.
513 2744 559 2785 2,
585 2744 660 2779 524
675 2747 741 2789 sq.)
859 2746 923 2779 144
946 2742 1018 2778 nisi
1042 2747 1082 2779 ut
1105 2743 1173 2779 vid.
1198 2742 1234 2778 B
1257 2746 1342 2777 ante
1365 2752 1461 2777 corr.
1568 2740 1625 2777 elo
1649 2741 1758 2776 etiam

95 2801 309 2843 corruptum
314 2810 329 2839 ;
341 2809 369 2833 e.
376 2810 410 2845 q.
418 2799 604 2844 <alicunde
613 2799 797 2844 elicueris>
868 2802 931 2835 145
940 2799 1133 2845 pristinum
1142 2798 1188 2841 B,
1196 2799 1246 2844 cf.
1256 2799 1357 2835 Pers.
1367 2799 1459 2841 420,
1467 2796 1600 2834 Pseud.
1608 2797 1712 2833 1060

95 2851 190 2887 velut
211 2854 323 2899 <ultro
348 2855 531 2899 conferas>
631 2858 693 2891 147
718 2855 793 2891 ioui
825 2855 895 2890 VE
