1998 3179
83 100 112 128 11
129 101 157 134 3,
172 100 273 128 ⁵7—se
754 86 1075 133 CISTELLARIA
1663 94 1740 131 297

88 225 194 254 suam
225 213 433 264 despondit
462 213 501 251 in
535 213 682 252 divitias
713 210 937 251 maxumas?

32 276 36 280 ”
86 281 226 321 LAMP.
277 279 314 319 Is
344 280 482 331 ipsust.
540 279 654 319 MEL.
704 278 789 317 Eho
819 285 874 327 tu,
907 290 1021 329 quam
1052 290 1120 317 vos
1150 277 1268 329 igitur
1297 276 1414 316 filiam

89 360 196 387 nunc
228 347 452 398 quaeritatis
483 344 671 385 alteram?
728 345 868 385 LAMP.
917 345 1000 395 Ego
1031 345 1156 383 dicam
1186 344 1278 383 tibi:

87 427 167 454 non
200 426 245 452 ex
275 426 397 453 uxore
428 421 558 453 natam
588 413 721 452 uxoris
750 413 880 451 filiam.

87 481 198 521 MEL.
249 480 351 527 Quid
380 481 480 520 istuc
511 487 569 520 est
598 479 735 519 verbi?
792 479 932 518 LAMP.
982 478 1038 517 Ex
1069 479 1201 530 priore
1232 478 1393 518 muliere

90 554 192 594 nata,
223 548 396 599 inquam,
432 560 519 586 meo
551 559 618 586 ero
649 553 708 586 est
736 546 824 585 filia.
883 546 995 586 MEL.
1047 546 1159 585 Certe
1188 546 1304 585 modo

87 615 218 661 huius,
251 617 349 666 quae
381 615 511 653 locuta
542 620 612 661 est,
644 625 831 664 quaerere
862 613 967 652 aibas
997 612 1126 651 filiam.

87 682 226 722 Lm.
276 682 403 721 Huius
435 693 526 731 ergo
558 693 714 731 quaero.
775 679 888 719 MEL.
939 680 1025 725 Quo
1056 680 1173 718 modo
1204 679 1335 729 igitur,
1368 679 1545 725 obsecro,

87 750 186 788 haec
216 754 274 788 est
302 749 425 800 prior,
457 761 554 798 quae
586 753 709 798 nupta
739 759 847 786 nunc
877 746 965 789 est‘?
1023 747 1162 787 LAMP.
1214 746 1392 786 Conteris

88 822 129 855 tu
160 823 225 855 tua
256 828 318 854 me
349 816 539 861 oratione,
573 815 724 861 mulier,
755 814 932 865 quisquis
964 826 1016 853 es.

89 883 374 922 medioxumam
406 895 521 934 quam
552 883 660 921 duxit
690 893 864 929 uxorem,
897 893 942 919 ex
974 893 1016 919 ea

90 956 180 990 nata
212 957 270 990 est
298 951 396 989 haec
425 951 546 1002 virgo,
577 948 864 988 Alcesimarcho
897 960 995 999 quae
1026 949 1151 987 datur.

90 1030 135 1057 ea
164 1022 264 1058 uxor
293 1018 394 1057 diem
427 1017 535 1056 obiit.
586 1018 659 1056 iam
692 1013 796 1055 scis?
842 1015 967 1073 ,Man
1017 1016 1150 1055 Teneo
1182 1016 1283 1055 istuc
1312 1015 1415 1054 satis.

90 1085 156 1125 sed
187 1098 260 1136 ego
291 1085 386 1125 illud
418 1098 563 1136 quaero
595 1084 887 1134 confragosum,
919 1096 996 1134 quo
1028 1083 1144 1122 modo

88 1153 200 1204 prior
229 1154 423 1204 posterior
453 1154 501 1192 sit
531 1159 569 1191 et
598 1151 793 1203 posterior
823 1151 871 1190 sit
901 1148 1038 1201 prior?

89 1220 229 1260 LAMP.
281 1221 393 1260 Prius
423 1220 526 1259 hanc
557 1219 788 1270 compressit
818 1230 933 1269 quam
965 1230 1123 1257 uxorem
1158 1217 1268 1256 duxit
1298 1217 1471 1261 domum,

90 1288 202 1339 prius
232 1289 386 1338 gravida
419 1289 516 1326 sacta
549 1293 607 1326 est
635 1287 823 1338 priusque
853 1286 1007 1337 peperit
1035 1285 1173 1330 filiam;

92 1367 176 1394 eam
207 1359 412 1406 postquam
444 1356 609 1407 peperit,
641 1354 752 1393 iussit
781 1365 934 1404 parvam
966 1353 1106 1404 proici:

91 1435 163 1474 ego
195 1435 278 1462 eam
309 1422 469 1475 proieci,
501 1422 572 1461 alia
603 1421 742 1460 mulier
772 1420 940 1466 sustulit,

92 1503 163 1542 ego
195 1491 417 1541 inspectavi.
464 1493 553 1529 erus
582 1490 685 1527 hanc
715 1488 823 1527 duxit
852 1487 1006 1539 postibi.

93 1570 176 1598 eam
211 1561 317 1597 nunc
348 1557 517 1609 puellam
548 1557 663 1595 filiam
696 1556 779 1595 eius
810 1555 1044 1605 quaerimus.

93 1626 184 1677 quid
216 1638 323 1665 nunc
355 1626 495 1676 supina
526 1636 662 1664 susum
692 1623 731 1662 in
764 1623 913 1662 caelum
945 1620 1168 1673 conspicis?

91 1692 206 1733 MEL.
257 1693 303 1731 Ei
334 1691 518 1732 nunciam
550 1693 651 1731 istuc
683 1703 759 1741 quo
791 1689 1045 1741 properabas,
1077 1689 1131 1728 nil
1162 1700 1308 1727 moror.

94 1772 201 1799 nunc
231 1760 417 1799 intellexi.
476 1759 617 1798 LAMP.
667 1759 732 1798 Dis
762 1759 893 1797 hercle
923 1757 1049 1796 habeo
1080 1757 1257 1808 gratiam,

94 1840 182 1866 nam
214 1827 255 1866 ni
285 1827 498 1873 intellexes,
533 1838 758 1877 numquam,
790 1825 921 1872 credo,
952 1825 1160 1864 amitteres.
1191 1846 1247 1851 —

94 1895 206 1935 MEL.
256 1895 371 1934 Nunc
402 1895 494 1933 mihi
526 1894 653 1933 bonae
685 1899 929 1932 necessumst
963 1905 1047 1931 esse
1077 1891 1266 1943 ingratiis,

96 1974 330 2014 quamquam
361 1974 444 2001 esse
478 1962 582 2000 nolo.
623 1973 707 1999 rem
739 1961 862 2012 palam
895 1973 978 1999 esse
1009 1960 1211 2010 intellego:

96 2043 204 2071 nunc
235 2036 389 2081 egomet
419 2030 549 2080 potius
579 2029 680 2068 hanc
712 2029 819 2067 inibo
851 2028 1011 2080 gratiam

96 2097 143 2138 ab
173 2098 259 2145 illis,
291 2109 405 2149 quam
437 2097 546 2135 illaec
576 2109 639 2135 me
670 2096 828 2135 indicet,
879 2095 943 2134 ibo
975 2095 1146 2142 domum,

97 2173 212 2217 atque
242 2165 288 2204 ad
318 2171 502 2216 parentes
532 2164 740 2202 redducam
773 2163 984 2202 Selenium.
1016 2185 1070 2190 —-

210 2301 270 2335 601
300 2299 484 2344 dispendit:
600 2300 664 2332 602
688 2297 789 2342 ipsus
814 2300 869 2332 est
982 2306 1024 2330 eo
1051 2294 1181 2330 B²VE
1286 2297 1350 2329 603
1377 2294 1528 2329 deiciam
1553 2292 1655 2336 ΒΨ,
1679 2291 1754 2326 dei-

97 2355 184 2390 tiam
210 2354 246 2390 E
360 2358 425 2390 605
450 2354 571 2389 uerbis
599 2352 724 2387 BVE¹
838 2354 904 2386 606
928 2352 1004 2387 filia
1034 2355 1090 2387 est
1115 2350 1343 2386 Camerarius
1435 2352 1543 2389 certo,
1570 2359 1665 2383 corr.
1693 2348 1757 2384 Ca-

99 2413 276 2448 merarius
368 2413 432 2446 607
462 2410 587 2446 huius:
622 2411 745 2455 hecest
777 2414 816 2443 uc
850 2408 916 2445 vicl.
952 2409 998 2443 B¹
1091 2408 1213 2442 aiebas
1308 2409 1371 2441 608
1406 2416 1488 2449 ergo
1519 2402 1610 2438 ‘alii'
1640 2403 1756 2438 Taub-

98 2479 273 2504 mannus:
296 2478 360 2512 ego
395 2467 472 2508 VE,
498 2478 564 2501 om.
596 2466 626 2500 Β
634 2479 648 2507 ,·
678 2467 727 2510 cf.
753 2466 833 2500 Aul.
861 2466 936 2499 323
962 2464 1066 2499 Most.
1090 2465 1179 2498 1119
1272 2466 1335 2498 611
1362 2462 1463 2497 ducit
1488 2461 1522 2495 B
1615 2463 1679 2495 612
1705 2460 1757 2495 al-

101 2524 200 2560 chesi
224 2524 355 2567 (alchei
381 2522 416 2557 E
423 2527 432 2561 )
456 2524 603 2558 marcho
697 2525 761 2556 613
787 2522 876 2557 obiit
899 2522 970 2556 iam
996 2521 1049 2555 B:
1074 2520 1235 2556 ohiitiam
1269 2519 1310 2562 V,
1336 2519 1557 2554 ochriturum
1584 2516 1645 2560 E¹‚
1670 2516 1759 2552 obiit

101 2579 152 2616 Ε*
249 2583 315 2616 614
346 2579 541 2623 confrango
572 2589 648 2613 sum
690 2577 757 2612 VE
847 2580 911 2612 615
943 2580 979 2612 et
1010 2576 1157 2611 induxit
1188 2574 1329 2610 Merula
1428 2574 1586 2618 posterio
1618 2573 1669 2607 Βι

101 2639 165 2672 618
189 2647 306 2681 parua
330 2635 382 2670 Β1
473 2637 537 2670 619
563 2635 682 2670 aliena
717 2633 918 2670 Sohaemus
1011 2635 1074 2666 620
1109 2631 1212 2666 duxit
1243 2641 1326 2665 erus
1350 2631 1444 2664 hanc
1469 2628 1670 2664 Sclzoellius

101 2695 166 2728 622
196 2693 346 2738 suspina
371 2691 439 2735 13¹,
471 2691 627 2736 suppina
660 2690 727 2725 VE
817 2701 939 2725 susum
970 2689 1007 2723 in
1034 2688 1206 2734 Pylades:
1239 2697 1362 2721 susum
1393 2686 1464 2720 iam
1494 2685 1563 2729 ΒΞ,
1597 2696 1657 2720 sus
1686 2686 1757 2720 iam

101 2748 255 2790 B1VE2,
280 2754 341 2783 sus
364 2749 436 2783 iam
460 2747 508 2782 Ε1
600 2749 664 2782 623
689 2757 787 2781 nunc
808 2746 838 2779 Β
930 2746 1050 2779 istunc
1075 2742 1206 2778 B¹VE
1295 2744 1361 2776 626
1385 2745 1572 2776 necessust
1591 2740 1670 2784 ΒΕ,
1694 2751 1756 2776 ne-

102 2815 224 2840 cessus
248 2807 304 2839 est
337 2803 377 2845 V,
403 2804 452 2849 cf.
480 2803 588 2839 Stich.
615 2804 700 2845 219,
725 2802 801 2838 Mil.
819 2803 909 2836 1118
979 2810 1057 2835 esse
1083 2810 1147 2834 om.
1178 2799 1210 2833 Β
1278 2798 1430 2843 ingratis
1501 2800 1564 2832 630
1589 2798 1758 2833 reducam

110 2859 186 2902 VE,
210 2861 346 2896 reduco
372 2859 406 2894 Β

1758 486 1814 518 605

1759 821 1817 853 610

1761 1156 1817 1188 615

1763 1494 1820 1526 620

1765 1831 1823 1863 625

1767 2168 1823 2200 630
