1998 3179
91 89 108 117 1
124 90 266 124 1.53-77
780 82 1052 120 MERCATOR
1667 81 1747 119 439

364 215 538 243 amorem
567 201 710 241 multos
740 199 866 239 inlexe
895 199 937 238 in
968 197 1235 250 dispendium:

364 271 705 321 intemperantem,
737 280 817 307 non
849 266 1082 313 modestum,
1113 265 1300 304 iniurium

364 338 532 384 trahere,
564 335 769 376 exhaurire
799 347 862 375 me
893 334 997 386 quod
1029 333 1180 385 quirem
1211 332 1259 371 ab
1289 345 1330 372 se
1362 331 1500 380 dom03

363 406 516 445 ratione
546 416 727 456 pessuma
758 415 778 442 a
809 415 871 441 me
901 413 945 441 ea
976 413 1076 452 quae
1105 401 1215 452 ipsus
1245 406 1404 452 optuma

366 473 492 512 omnis
522 471 676 511 labores
706 469 919 509 invenisset
947 469 1164 520 perferens,

363 541 402 579 in
433 538 632 578 amoribus
661 537 901 577 diffunditari
934 548 979 575 ac
1009 536 1144 575 didicr.

364 607 584 647 convicium
614 611 674 644 tot
701 617 763 644 me
794 617 920 644 annos
950 604 1023 643 iam
1055 615 1096 642 se
1126 615 1307 654 pascere;

362 675 466 726 quod
499 674 572 713 nisi
603 672 779 724 puderet,
811 684 861 710 ne
890 670 1044 710 luberet
1072 670 1212 709 vivere.

361 754 446 781 sese
478 740 672 792 extemplo
704 752 751 779 ex
781 738 943 791 ephebis
972 743 1179 790 postquam
1211 738 1433 785 excesserit,

366 821 460 856 non,
491 813 534 847 ut
564 820 650 859 ego,
681 806 804 846 amori
837 818 964 858 neque
995 806 1162 846 desidiae
1194 806 1233 845 in
1265 805 1343 845 otio

363 888 519 928 operam
551 875 715 922 dedisse,
749 886 877 925 neque
908 879 1139 926 potestatem
1171 873 1244 914 sibi

361 944 502 994 fuisse3
534 944 629 983 adeo
660 948 742 982 arte
773 941 989 981 cohibitum
1020 953 1106 982 csse
1134 938 1222 995 (se)
1251 954 1271 981 a
1302 947 1431 993 patre:

361 1011 484 1050 multo
516 1023 636 1063 opere
667 1009 869 1049 immundo
901 1010 1048 1049 rustico
1079 1022 1121 1049 se
1151 1009 1378 1057 exercitum,

365 1090 494 1130 neque
526 1078 599 1117 nisi
632 1077 770 1129 quinto
801 1088 907 1116 anno
939 1089 1096 1128 quoque
1135 1077 1345 1129 -1-positum
1377 1077 1500 1116 visere

365 1145 516 1193 urbem,
548 1151 663 1196 atque
694 1144 890 1196 extemplo
922 1145 1026 1191 inde,
1058 1151 1101 1184 ut
1130 1145 1381 1196 spectavisset
1410 1144 1582 1197 peplum,

364 1225 430 1252 rus
460 1225 596 1253 rusum
628 1212 834 1252 confestim
866 1212 966 1262 exigi
998 1212 1154 1252 solitum
1186 1225 1206 1252 a
1238 1219 1360 1265 patre.

364 1281 415 1320 ibi
447 1280 569 1320 multo
601 1280 770 1332 primum
803 1292 887 1319 sese
917 1280 1164 1319 familiarium

362 1348 609 1395 laboravisse,
642 1359 759 1398 quom
791 1347 886 1387 haec
916 1353 1027 1399 pater
1056 1347 1129 1387 sibi
1160 1347 1327 1387 diceret:

358 1413 446 1455 ‘tibi
476 1428 574 1463 aras,
606 1415 677 1455 tibi
709 1427 834 1463 occas,
866 1416 934 1455 tibi
966 1415 1076 1462 seris,
1106 1415 1176 1454 tibi
1207 1414 1310 1454 idem
1342 1416 1467 1462 metis,

362 1483 432 1523 tibi
462 1484 632 1535 denique
662 1483 733 1522 iste
763 1483 888 1535 pariet
918 1483 1101 1522 laetitiam
1135 1477 1265 1522 labos?

361 1557 568 1602 postquam
599 1557 770 1590 recesset
800 1551 873 1590 vita
905 1551 1030 1602 patrio
1063 1562 1241 1602 corpore,

362 1630 498 1670 agrum
530 1630 571 1658 se
603 1618 820 1657 vendidisse
852 1624 968 1669 atque
999 1630 1042 1657 ea
1073 1619 1241 1670 pecunia

363 1697 513 1733 navem,
544 1691 727 1725 metretas
758 1698 856 1737 quae
887 1692 1085 1725 trecentas
1114 1685 1280 1734 tolleret,

361 1765 517 1805 parasse
547 1759 664 1804 atque
695 1765 738 1792 ea
769 1766 810 1792 se
841 1753 983 1793 mercis
1014 1759 1228 1793 mercatum
1260 1754 1446 1805 undique,

363 1820 459 1859 adeo
490 1820 596 1868 dum,
628 1832 727 1872 quae
758 1827 841 1860 tum
872 1820 1045 1868 haberet,
1078 1821 1294 1873 peperisset
1323 1821 1448 1869 hona3

205 1923 246 1957 53
278 1921 407 1956 inlexit
435 1919 492 1969 B,
521 1920 638 1955 illexit
664 1919 742 1962 CD,
777 1931 873 1956 corr.
906 1920 1135 1956 Camerarius
1250 1924 1291 1956 55
1317 1920 1479 1964 exurire,
1511 1930 1607 1955 corr.
1636 1919 1757 1955 Came-

92 1979 214 2014 rarius
305 1987 451 2022 querem
478 1975 510 2010 Β
602 1977 758 2020 domum,
783 1987 879 2012 corr.
899 1976 1126 2012 Camerarius
1218 1980 1260 2011 56
1284 1977 1461 2013 rationem
1484 1986 1688 2022 pessumam
1713 1986 1756 2011 ea

92 2045 206 2080 eaque
224 2034 271 2075 B,
294 2033 437 2069 ratione
454 2042 622 2077 pessuma
639 2042 753 2077 eaque
772 2031 843 2074 ΟΒ,
868 2043 961 2068 corr.
989 2031 1177 2078 Vssiuqius
1256 2033 1372 2078 ipsius
1390 2033 1425 2068 B
1506 2036 1546 2068 57
1572 2033 1756 2068 inuenisse

92 2092 176 2135 (-ise
200 2090 264 2133 θ’)
291 2088 380 2130 CD2,
403 2088 546 2124 iuuenis
571 2088 621 2124 D¹
712 2087 866 2134 perfetis
961 2091 1002 2124 58
1027 2089 1065 2123 in
1089 2090 1271 2125 amoribus
1292 2088 1354 2124 L:
1377 2089 1469 2125 mori
1494 2089 1551 2125 sui
1568 2089 1615 2131 B,
1639 2099 1756 2125 mores

91 2148 131 2183 ui
150 2146 232 2188 CD;
255 2145 386 2182 amoris
402 2145 437 2182 vi
457 2144 686 2181 Camerarius
702 2156 774 2180 non
790 2149 875 2191 apte
959 2145 1174 2181 difunditari
1258 2146 1405 2182 diedere
1425 2145 1495 2188 OD,
1512 2146 1571 2181 die
1588 2147 1691 2181 heret
1708 2145 1754 2183 B.

92 2214 188 2239 corr.
209 2203 411 2239 Gronovius
481 2204 522 2237 59
541 2201 744 2237 conuirium
762 2200 834 2243 ΟΒ,
852 2202 1053 2237 coniurium
1069 2201 1105 2237 B
1175 2202 1206 2238 si
1221 2205 1399 2248 pasceret,
1424 2212 1519 2237 corr.
1538 2201 1666 2237 Dousa

92 2262 135 2295 60
160 2259 231 2296 nisi
255 2259 407 2302 luderet,
431 2269 525 2293 corr.
544 2257 634 2293 Pius
725 2268 771 2293 ne
794 2257 937 2294 luderet
961 2258 1104 2294 uiueret
1128 2259 1271 2295 uiueret
1289 2259 1324 2294 B
1416 2261 1456 2294 61
1484 2258 1613 2303 phebis
1636 2261 1670 2295 B

92 2315 291 2351 excesseris
385 2317 427 2350 62
451 2325 572 2351 nonne
596 2314 671 2355 BC,
695 2324 790 2350 none
811 2313 843 2349 D
867 2314 1038 2357 (noenu‘?)
1131 2315 1223 2351 mori
1315 2314 1469 2351 insidiae
1495 2314 1530 2349 B
1624 2317 1664 2348 63
1690 2325 1756 2359 po-

91 2373 222 2408 testam
249 2371 309 2407 OD
423 2374 467 2407 64
492 2371 620 2407 fuisset
645 2373 678 2406 B
781 2370 865 2416 (se)
892 2370 1120 2407 Camerarius
1227 2374 1269 2407 66
1294 2383 1446 2417 nequem
1469 2370 1540 2406 nisi
1566 2370 1611 2412 B,
1637 2381 1754 2416 neque

91 2428 173 2464 misi
199 2428 228 2465 0
338 2427 461 2474 quicto
486 2426 522 2463 B
546 2431 630 2463 ante
653 2437 748 2462 corr.
864 2427 1009 2464 solitum
1033 2427 1270 2470 Ritsehelius,
1298 2428 1393 2472 fort.
1419 2428 1464 2463 ab
1489 2437 1531 2463 eo
1557 2427 1666 2462 situm

92 2484 227 2520 uisere:
253 2486 310 2520 est
334 2484 369 2519 B
439 2485 481 2518 68
505 2494 649 2519 rursum
675 2482 736 2519 CD
807 2486 848 2518 69
873 2494 952 2519 sese
976 2483 1156 2530 Pylades:
1180 2495 1218 2520 se
1296 2488 1337 2519 70
1362 2484 1466 2520 labor
1490 2484 1606 2528 agisse
1632 2483 1667 2518 B

94 2544 133 2575 71
162 2550 312 2576 occasus
337 2539 384 2581 B,
409 2540 549 2576 occasis
577 2539 647 2581 01),
672 2549 767 2575 corr.
792 2539 950 2587 Pylades
1064 2541 1135 2576 eris
1161 2541 1207 2583 B,
1233 2541 1324 2576 saris
1351 2540 1393 2576 (Ιι
1500 2541 1616 2576 eidem
1640 2539 1758 2582 coda„

92 2596 179 2631 item
207 2596 375 2638 Guietus;
399 2596 450 2641 cf.
476 2595 600 2631 Herm.
623 2596 680 2639 18,
708 2597 782 2631 584
896 2599 1019 2640 metes,
1048 2601 1087 2631 ut
1109 2603 1194 2643 post
1218 2597 1400 2632 Muretum
1424 2596 1606 2637 scribunt,
1631 2607 1655 2631 a
1679 2606 1758 2631 sen-

95 2651 206 2686 tentia
231 2651 386 2687 alienum
411 2657 462 2688 est
556 2654 598 2687 72
622 2652 684 2688 isti
707 2652 742 2687 Β
834 2652 948 2688 babos
966 2653 1003 2695 C,
1027 2654 1140 2689 habes
1158 2653 1191 2689 D
1284 2656 1325 2688 73
1350 2653 1513 2696 recessit,
1538 2663 1631 2688 eorr-
1649 2651 1759 2687 Lam-

94 2707 200 2742 binus
291 2718 445 2754 corpora
470 2709 504 2743 B
602 2712 644 2743 75
669 2709 792 2744 nauim
818 2708 878 2744 CD
979 2712 1021 2743 76
1045 2720 1090 2745 ea
1114 2720 1153 2745 se
1176 2709 1305 2745 mercis
1332 2708 1544 2745 Gulielmius
1567 2710 1624 2751 (ea
1648 2712 1699 2750 se)
1724 2713 1758 2744 et

95 2762 281 2809 Scaliqer:
310 2773 390 2799 eam
413 2775 554 2809 semper
577 2765 648 2800 scis
672 2766 737 2808 (cis
765 2765 840 2808 CD)
933 2768 1117 2802 uectatum
1141 2766 1188 2808 B,
1220 2768 1402 2802 uectatam
1429 2765 1500 2807 01),
1525 2766 1675 2801 correxi
1697 2764 1759 2807 (ad

93 2820 260 2855 vectandi
282 2820 426 2856 verbum
450 2821 609 2866 undique
633 2831 707 2857 non
728 2822 865 2868 poterit
888 2821 1084 2867 quadrare)
1178 2826 1216 2857 77
1244 2833 1336 2868 quae
1360 2825 1436 2858 tum
1461 2821 1645 2857 Muretus.-
1669 2832 1756 2866 que-

94 2879 188 2912 stum
279 2877 463 2922 peperisse
490 2876 550 2912 CD

1782 338 1819 370 55

1785 1352 1822 1384 70
