2018 3183
236 86 318 124 234
974 85 1152 121 PLAVTI
1662 86 1690 114 n
1705 88 1730 119 ι,
1751 87 1845 121 13-2,
1864 88 1897 116 17

502 201 696 240 stabulum
730 200 938 251 nequitiae.

289 282 396 310 nunc
426 269 504 308 huc
535 280 639 307 meas
670 268 848 307 fortunas
878 280 925 306 eo
957 270 1138 318 questum
1170 267 1216 306 ad
1247 267 1426 307 vicinam.
1911 276 1965 308 160

229 337 297 377 sed
330 337 424 376 soris
455 335 699 386 concrepuit,
730 341 846 386 atque
878 338 993 386 eepse
1025 347 1156 374 eccam
1188 335 1388 386 egreditur
1419 335 1540 375 foras:

346 416 423 442 non
458 402 523 454 pol
553 414 626 454 per
655 409 810 455 tempus
925 403 998 442 iter
1030 403 1105 441 huc
1137 402 1188 441 mi
1221 403 1364 455 incepi.

904 492 1223 532 MYRRHINA
1805 492 1850 532 II
1871 493 1894 532 2

230 561 468 612 Sequimini,
500 560 674 603 comites,
707 561 745 599 in
779 563 1011 612 proxumum
1045 572 1105 599 me
1137 561 1225 599 huc.
1267 560 1362 599 heus
1393 562 1472 607 ves,
1504 559 1638 611 ecquis
1670 560 1764 599 baec
1797 572 1895 611 quae

1405 627 1546 678 loquor
1576 625 1711 667 audit?
1771 634 1965 667 163—165

500 708 572 747 ego
603 696 667 735 hic
698 698 780 743 ero,
810 696 867 734 vir
897 696 927 735 si
960 702 1025 735 aut
1057 696 1247 747 quispizim
1280 701 1455 746 quaeret.

399 776 489 803 nam
519 764 585 804 ubi
617 764 721 803 domi
751 764 830 804 sola
862 776 961 810 sum,
993 767 1114 815 sopor
1144 776 1282 803 manus
1315 763 1486 802 celvitur.

339 832 462 871 iussin
494 832 622 871 colum
655 833 747 871 ferri
779 830 901 871 mihi?
1017 832 1192 871 CLEOST.
1243 831 1453 883 Myrrhina,
1485 830 1600 870 salve.
1772 836 1964 869 168—170

339 899 486 940 MYRR.
537 900 645 939 Salve
678 906 882 939 mecastor.
913 900 977 939 sed
1010 900 1099 950 quid
1135 907 1175 937 tu
1206 912 1246 939 es
1361 899 1493 944 tristis,
1524 896 1692 937 amabo?

225 967 400 1008 CLEOST.
453 967 508 1007 lid
539 968 668 1007 solent
698 980 836 1007 omnes
951 980 1050 1018 quae
1081 971 1173 1007 sunt
1204 967 1302 1006 male
1334 973 1499 1018 nuptae:
1773 971 1964 1004 172-175

339 1035 442 1074 domi
475 1038 513 1074 et
543 1036 637 1074 foris
668 1047 782 1086 aegre
814 1034 917 1086 quod
950 1035 1034 1082 siet,
1066 1035 1158 1073 satis
1187 1037 1343 1085 semper
1373 1041 1442 1073 est.

227 1115 314 1142 nam
348 1115 420 1153 ego
452 1102 554 1141 ibam
586 1104 632 1142 ad
664 1109 714 1142 te.
773 1103 920 1143 MYRR.
971 1102 1018 1141 Et
1049 1102 1115 1153 pol
1230 1114 1301 1153 ego
1333 1105 1434 1140 istuc
1466 1101 1511 1140 ad
1543 1108 1592 1140 te.

337 1172 402 1210 sed
437 1171 530 1222 quId
562 1178 620 1210 est
651 1171 754 1222 quod
787 1177 854 1209 tuo
888 1183 993 1209 nunc
1024 1170 1154 1209 {inimo
1185 1168 1365 1221 aegrest?

227 1251 315 1277 nam
347 1238 451 1289 quod
483 1238 553 1277 tibi
585 1244 643 1278 est
673 1241 799 1290 aegre,
916 1238 1018 1277 idem
1049 1238 1102 1277 mi
1133 1240 1191 1277 est
1221 1237 1395 1276 dividiae.
1822 1241 1963 1274 179-180

224 1306 400 1346 CLI-:0312
442 1306 565 1346 Credo
588 1309 752 1353 ecastor,
785 1318 873 1344 nam
898 1305 1062 1345 vicinam
1085 1308 1282 1344 neminem
1307 1317 1393 1344 amo
1415 1304 1553 1344 merito
1576 1304 1697 1356 magis
1718 1315 1833 1355 quam
1855 1310 1892 1342 te

340 1387 412 1413 nec
442 1383 467 1416 ἦ·
503 1386 576 1425 qua
610 1374 649 1413 in
681 1374 792 1426 plura
823 1374 902 1413 sint
933 1374 1025 1412 mihi
1057 1386 1157 1424 quae
1189 1386 1260 1425 ego
1292 1373 1417 1412 velim.

223 1442 371 1482 MYRR.
421 1443 517 1480 Amo
549 1448 600 1489 te,
632 1448 747 1493 atque
779 1442 879 1481 istuc
911 1445 1050 1494 expete
1081 1441 1180 1480 scire
1213 1440 1305 1492 quid
1336 1441 1398 1480 sit.
1768 1443 1962 1478 183—185

281 1509 456 1550 CLEos'r.
503 1510 698 1549 pessumis
729 1512 790 1549 me
822 1509 947 1548 modis
978 1510 1200 1560 despicatui*
1231 1508 1347 1547 domi.

279 1578 426 1618 MYRR.
472 1577 581 1625 Hem,
614 1578 705 1628 quid
739 1576 824 1617 est?
864 1577 926 1616 dic
957 1577 1059 1616 idem
1091 1579 1195 1627 (urim
1229 1576 1292 1628 pol
1321 1576 1398 1615 hau
1431 1576 1523 1614 saitis
1555 1587 1640 1614 meo

340 1725 397 1757 161
426 1722 511 1756 hinc
536 1720 571 1755 P
673 1721 813 1756 uicinas
839 1720 873 1755 P
977 1724 1038 1756 162
1064 1723 1173 1764 atque
1197 1731 1240 1754 ea
1265 1720 1346 1764 ipsa
1370 1730 1492 1755 eccam
1517 1718 1701 1763 egreditur
1724 1716 1824 1753 foras
1848 1715 1893 1758 P,

223 1782 332 1823 atque
355 1778 436 1823 ipsa
460 1788 548 1813 ecca¹
571 1778 754 1821 egreditur
778 1780 808 1812 A
905 1781 967 1812 162
993 1778 1053 1823 pol
1078 1788 1145 1811 om.
1171 1777 1202 1811 A
1295 1778 1365 1811 huc
1390 1787 1457 1811 om.
1485 1774 1519 1809 Ρ
1609 1774 1786 1809 dimelron
1811 1772 1893 1808 Rei-

223 1836 380 1877 zianum,
405 1835 458 1880 cf.
482 1836 565 1870 172.
581 1836 748 1870 177.179
840 1845 931 1870 cnsso
948 1845 1100 1869 flvmen.
1126 1845 1171 1868 ET
1196 1844 1313 1868 mmm
1338 1843 1506 1868 mmmm
1530 1834 1710 1872 (mvmmu
1744 1829 1784 1872 V,
1808 1840 1892 1864 mn-

220 1901 309 1926 mm
326 1890 374 1933 E)
401 1891 521 1934 BVE,
547 1902 614 1926 om.
633 1894 662 1926 A
757 1894 946 1927 163-165
973 1891 1112 1926 comitis
1141 1890 1173 1925 P
1261 1890 1387 1934 loquar
1414 1889 1446 1923 P
1539 1890 1715 1923 166—199
1739 1887 1792 1922 sic
1818 1885 1893 1921 dis-

218 1949 327 1993 ponit
341 1947 394 1982 P:
421 1948 499 1993 Ego
514 1969 556 1973 —
571 1959 648 1983 sum
670 1951 674 1990 l
697 1948 811 1993 Sopor
826 1968 867 1972 —
881 1948 983 1983 salue
1004 1950 1008 1991 Ι
1031 1948 1139 1982 Salue
1153 1966 1196 1972 —
1211 1958 1332 1982 omnes
1358 1947 1426 1987 (lta
1450 1946 1567 1980 solent
1591 1954 1711 1980 omnes
1731 1953 1894 1979 seorsum

231 2003 315 2045 ΥΕ)
337 2007 341 2046 1
363 2004 464 2048 Quae
483 2026 523 2030 —
543 2008 598 2041 est
618 2006 623 2049 1
643 2005 736 2040 Nam
760 2025 805 2030 —
829 2007 891 2040 tuo
914 2006 920 2049 Ι
941 2004 1046 2039 Nunc
1066 1997 1102 2028 '—
1125 2004 1273 2038 diuidue
1295 2004 1298 2047 Ι
1322 2003 1436 2038 Credo
1459 2021 1502 2026 —
1523 2005 1558 2037 te
1579 2001 1584 2046 1
1605 2001 1680 2037 Nec
1699 2019 1741 2025 —
1759 2003 1868 2044 atque
1886 2002 1890 2039 1

220 2060 321 2096 Istuc
347 2081 388 2085 —
412 2061 528 2097 modis
560 2063 660 2102 (186)
682 2062 686 2105 Ι
707 2061 784 2097 Nec
809 2062 908 2103 (190)
933 2081 976 2085 -
1002 2062 1071 2096 hoc
1100 2061 1195 2103 (187)
1217 2063 1220 2104 Ι
1242 2060 1334 2095 Nam
1353 2079 1394 2084 —
1413 2062 1495 2094 tuas
1517 2059 1521 2103 Ι
1544 2058 1701 2094 Obsecro
1719 2077 1761 2081 ——
1778 2056 1894 2092 modis

222 2118 322 2159 (189)
344 2118 348 2161 1
369 2117 466 2153 Mira
483 2138 523 2142 —
539 2120 675 2163 queunt
696 2119 700 2162 1
722 2117 816 2161 Quin
830 2138 871 2142 -
885 2127 964 2152 meo
985 2118 991 2161 Ι
1012 2117 1182 2153 Educata
1197 2137 1236 2141 —
1252 2118 1350 2151 amat
1370 2117 1374 2159 Ι
1398 2115 1556 2150 Obsecro
1570 2134 1614 2139 -—
1627 2117 1682 2149 est
1703 2115 1707 2157 Ι
1729 2113 1833 2149 Vnde
1851 2133 1893 2138 —

221 2174 375 2210 addecet
470 2177 531 2210 167
551 2184 659 2219 sopor
676 2176 706 2209 A
713 2173 760 2208 P:
777 2184 879 2209 soror
896 2174 1040 2208 Nonius
1059 2174 1081 2207 6
1172 2183 1299 2208 manus
1318 2171 1476 2207 caluitur
1492 2173 1534 2212 A,
1561 2169 1704 2205 Nouius
1720 2175 1762 2210 (s.
1781 2168 1894 2205 calui·

220 2234 292 2272 tur)
305 2244 313 2266 :
339 2241 448 2266 manu
469 2231 647 2277 scalpitur
663 2231 698 2266 P
719 2231 1063 2275 (manuasctalpitur
1082 2230 1145 2271 B1)
1261 2235 1411 2263 metrum
1425 2229 1590 2274 fortasse
1605 2241 1634 2256 υ
1649 2229 1667 2251 L
1682 2243 1708 2255 υ
1722 2246 1749 2251 -
1763 2227 1785 2251 -’
1799 2241 1825 2255 υ
1839 2245 1866 2252 -
1888 2228 1892 2269 1

220 2304 246 2317 υ
260 2289 322 2316 -ὐ
336 2308 363 2312 -
376 2289 439 2317 -ὐ
454 2308 478 2312 -
506 2287 615 2334 quale
630 2283 680 2324 ἴτ’
700 2281 732 2322 αἶ’
749 2289 904 2335 ξυνῳδοὶ
927 2293 1072 2328 κακοῖς,
1097 2281 1150 2322 ἴτ’
1168 2281 1199 2321 αἶ
1223 2282 1489 2331 ξυναλγηδόνες
1600 2285 1775 2317 168-170
1800 2293 1895 2328 myr-

221 2344 328 2379 rhina
344 2346 395 2380 A:
417 2344 580 2380 murrina
596 2343 632 2378 P
720 2343 869 2379 dimeter
893 2343 1067 2378 iambicus
1092 2354 1170 2378 cum
1196 2342 1361 2378 clausula
1379 2352 1501 2387 anap„
1526 2339 1691 2386 sequitur
1714 2348 1893 2384 anapaes-

223 2402 315 2436 ticus
339 2411 418 2436 cum
435 2401 559 2437 eadem
655 2404 830 2437 172—175
855 2401 905 2446 cf.
931 2400 980 2435 ad
1002 2401 1076 2434 162
1174 2402 1234 2434 176
1260 2399 1307 2434 sit
1324 2397 1391 2433 ΑΡ
1483 2400 1558 2432 179.
1579 2398 1640 2431 180
1668 2394 1829 2437 diuidiae
1845 2394 1896 2428 A:

221 2457 369 2493 diuidue
393 2457 428 2493 P
523 2461 597 2493 181.
621 2460 681 2493 182
706 2468 778 2492 uno
803 2468 908 2492 versu
932 2457 1145 2502 (tripartito)
1171 2458 1202 2491 A
1299 2457 1361 2490 182
1386 2457 1441 2490 est
1465 2453 1587 2488 deesse
1611 2451 1700 2487 vidit
1726 2449 1896 2491 Cnidus,-

221 2519 371 2549 metrum
386 2514 480 2560 fort.
498 2514 688 2551 iambicum
778 2525 850 2560 qua
866 2514 903 2557 in
920 2513 988 2548 ΑΡ
1076 2515 1160 2548 sunt
1178 2512 1212 2546 P
1304 2514 1408 2546 153-
1420 2513 1480 2546 185
1499 2510 1546 2545 sit
1563 2508 1612 2544 P:
1629 2509 1677 2552 sit
1694 2509 1706 2551 ΙΙ
1723 2507 1780 2542 uir
1796 2509 1827 2542 A

226 2573 287 2605 186
305 2575 346 2606 ut
361 2582 389 2607 s.
407 2573 458 2606 A:
483 2581 563 2606 cmi.
588 2570 655 2606 Vir
678 2581 734 2606 me
758 2571 870 2605 habet
885 2569 1048 2615 pessimis
1073 2569 1297 2614 despicatam
1316 2567 1430 2602 modis
1450 2565 1483 2601 P
1505 2569 1544 2600 ul
1561 2566 1648 2607 189,
1671 2564 1722 2609 cf.
1740 2564 1816 2598 187
1837 2563 1895 2597 dic

219 2625 317 2662 idem
348 2628 434 2671 hoc3
468 2631 585 2663 tamen
615 2628 723 2663 verba
753 2627 864 2673 plane
887 2627 1004 2672 repeti
1030 2637 1103 2661 uon
1127 2625 1238 2660 decet.
1285 2625 1448 2670 fortasse
1472 2624 1508 2658 in
1527 2625 1557 2658 A
1582 2622 1639 2657 uir
1663 2624 1897 2656 correcturae

221 2683 298 2717 vt'ce
314 2681 493 2717 adiectum
511 2687 565 2717 est
579 2683 691 2724 (185),
715 2687 755 2717 uc
770 2681 1020 2716 restitueretur
1037 2680 1202 2725 despicat
1223 2679 1280 2714 uir
1304 2679 1410 2714 domi.
1444 2677 1495 2723 cf.
1518 2677 1732 2713 Priscianus
1749 2678 1781 2718 1,
1808 2676 1898 2717 385,

223 2739 272 2773 10
379 2742 468 2785 post
490 2739 566 2773 186
589 2737 625 2773 Ρ
647 2738 754 2774 habet
777 2749 807 2773 v.
820 2738 916 2772 190:
940 2747 1007 2772 om.
1026 2738 1056 2772 A
1064 2748 1078 2777 ‚·
1100 2741 1197 2771 recto
1223 2735 1300 2770 loco
1324 2735 1396 2769 iam
1420 2733 1608 2769 Acidalius
1626 2737 1807 2780 posuerat

227 2798 302 2830 187.
330 2797 392 2830 188
418 2806 490 2830 uno
508 2806 612 2830 versu
629 2794 830 2841 (bipartito)
848 2796 879 2829 A
965 2796 1025 2829 187
1052 2793 1137 2838 quid
1155 2793 1234 2828 est?
1263 2792 1483 2828 Cleostratae
1499 2792 1530 2825 A
1615 2790 1711 2825 idem
1727 2789 1779 2825 A:
1802 2788 1897 2824 idem

224 2853 294 2887 hoc
319 2851 363 2895 P,
387 2852 438 2897 cf.
465 2851 629 2887 Bachius
653 2852 690 2887 in
716 2850 953 2886 Studemundi
976 2849 1071 2885 stud.
1096 2851 1134 2891 2,
1159 2850 1240 2884 280
1333 2849 1432 2883 haud
1456 2849 1536 2890 (aut
1561 2846 1609 2890 E)
1635 2846 1668 2881 P
