1998 3179
72 74 87 102 1
100 77 126 109 1,
144 76 246 103 ‹sc-95
784 73 1016 108 ASINARIA

73 189 219 237 habuit,
249 201 312 228 me
342 187 486 227 habere
516 188 708 227 honorem
739 187 822 226 eius
851 187 1011 238 ingenio
1041 187 1173 236 decet3

73 268 191 307 quom
222 268 284 295 nie
314 255 417 302 adiit,
448 261 492 294 ut
520 256 733 306 pudentem
763 261 925 306 gnatum
956 259 1160 305 aequomst
1188 259 1352 306 patrem,

73 323 188 374 cupio
219 335 304 362 esse
333 322 477 362 amicae
507 322 612 373 quod
643 323 708 361 det
737 329 943 372 argentum
971 334 1076 361 suae.

71 389 164 431 Lm.
215 389 332 441 Cupis
362 390 399 428 id
430 390 534 440 quod
564 401 709 440 cupere
736 394 776 427 te
806 389 1043 440 nequiquam
1074 388 1270 441 intellego.

73 457 238 496 dotalem
268 469 420 496 servom
451 457 636 496 Sauream
666 467 764 495 uxor
792 462 858 494 tua

73 525 241 572 adduxit,
272 524 333 563 cui
363 525 451 576 plus
479 523 520 562 in
551 535 672 562 manu
701 523 751 562 sit
780 534 895 573 quam
925 522 1009 561 tibi.

72 592 188 633 Dm.
237 592 453 642 Argentum
483 591 628 642 accepi,
660 590 750 629 dote
780 590 986 642 imperium
1017 589 1184 630 vendidi.

75 671 182 699 nunc
209 658 327 699 verba
355 658 396 698 in
427 670 550 710 pauca
581 658 782 697 conseram
812 657 905 708 quid
936 663 974 696 te
1002 657 1130 696 velim.

70 726 207 778 viginti
236 726 312 765 iam
341 731 454 765 usust
482 725 562 764 filio
592 725 744 777 argenti
773 725 910 764 minis:

71 795 154 833 face
182 793 221 833 id
251 799 295 833 ut
322 800 500 845 paratum
529 793 605 832 iam
633 792 695 832 sit.
752 793 849 834 Lm.
896 792 1007 831 Vnde
1036 791 1242 843 gentium?

70 862 186 902 Dms.
235 860 297 900 Me
327 860 566 900 defraudato.
623 860 717 901 Lm.
765 859 962 900 Maxumas
994 872 1119 912 nugas
1148 859 1248 911 agis:

72 929 177 969 nudo
207 928 410 968 detrahere
438 928 667 968 vestimenta
696 940 759 967 me
788 927 914 967 iubes.

71 996 296 1036 defraudem
325 1002 364 1034 te
394 993 496 1047 ego?
527 1008 598 1047 age
627 998 692 1043 sis,
722 1001 766 1035 tu
796 995 881 1034 sine
912 994 1055 1046 pennis
1082 995 1181 1034 vola.

70 1071 161 1103 tene
191 1076 264 1114 ego
294 1064 533 1111 defraudem,
565 1063 627 1102 cui
658 1063 731 1115 ipsi
762 1063 858 1102 nihil
889 1070 946 1101 est
975 1063 1015 1101 in
1048 1075 1179 1110 manu,

72 1131 145 1170 nisi
176 1131 268 1183 quid
299 1137 341 1170 tu
370 1143 491 1183 porro
523 1143 686 1170 uxorem
717 1129 1034 1170 defraudaveris?

70 1199 186 1240 Dm.
234 1199 319 1245 Qua
348 1211 424 1246 me,
455 1211 530 1249 qua
561 1210 736 1245 uxorem,
768 1210 842 1249 qua
871 1205 914 1237 tu
944 1210 1097 1237 servom
1127 1198 1310 1237 Sauream

70 1273 195 1318 potes,
226 1266 486 1313 circumduce,
518 1266 647 1315 aufer3
678 1266 864 1317 promitto
896 1265 964 1304 tibi

72 1347 152 1373 non
184 1334 415 1380 offuturum,
445 1334 477 1373 si
506 1333 546 1372 id
575 1334 690 1372 hodie
721 1333 910 1373 effeceris.

69 1401 163 1442 121ss.
210 1400 350 1440 Iubeas
378 1413 458 1440 una
489 1413 608 1452 opera
638 1413 701 1440 me
731 1401 873 1452 piscari
904 1401 943 1439 in
975 1412 1076 1447 aere,

69 1468 202 1507 venari
229 1474 360 1508 autem
389 1474 472 1507 rete
500 1468 625 1507 iaculo
656 1468 697 1507 in
729 1468 856 1506 medio
888 1467 998 1506 mari.
1028 1477 1054 1509 ÷

69 1536 185 1576 DEM.
229 1536 316 1575 Tibi
348 1536 548 1588 optionem
577 1536 721 1575 sumito
752 1535 978 1586 Leonidam,

70 1603 257 1643 fabricare
288 1603 449 1655 quidvis,
482 1604 631 1654 quidvis
660 1604 978 1643 comminiscere:

71 1671 259 1722 perficito,
290 1679 495 1723 argentum
526 1672 642 1711 hodie
673 1679 715 1711 ut
744 1672 884 1711 habeat
914 1671 1028 1718 filius,

71 1739 216 1778 amicae
247 1740 351 1790 quod
381 1740 456 1779 det.
514 1739 608 1780 Lm.
658 1740 759 1785 Quid
789 1740 844 1778 ais
874 1746 928 1785 tu,
959 1737 1226 1778 Demaenete?

69 1806 185 1847 Dm.
237 1806 339 1852 Quid
368 1804 499 1860 <vis?>
556 1807 649 1848 LIB.
700 1807 739 1846 Si
771 1808 870 1846 forte
901 1807 941 1846 in
972 1807 1131 1846 insidias
1161 1807 1366 1853 devenero,

69 1881 140 1912 tun
171 1874 337 1914 redimes
368 1887 442 1922 me,
472 1875 504 1914 si
534 1887 596 1914 me
626 1876 757 1914 hostes
786 1873 1099 1926 interceperint?

69 1941 186 1982 DEM.
234 1942 446 1981 Redimam.
505 1942 599 1983 LIB.
649 1942 746 1982 Tum
779 1950 822 1982 tu
852 1943 971 1993 igitur
999 1941 1102 1981 aliud
1133 1953 1226 1981 cura
1256 1941 1349 1992 quid
1379 1940 1501 1981 lubet.

71 2021 142 2061 ego
175 2021 220 2048 eo
250 2010 296 2048 ad
327 2010 467 2057 forum,
500 2009 574 2049 nisi
606 2009 699 2060 quid
728 2010 796 2049 vis.
854 2010 972 2051 Dm.
1024 2010 1080 2058 Ei,
1111 2009 1214 2049 hene
1243 2009 1410 2048 ambula.

1677 73 1728 109 57

1760 462 1797 494 85

1761 798 1800 829 90

1761 1137 1799 1168 95

1745 1474 1799 1506 100

1746 1809 1801 1841 105

181 2109 222 2141 82
246 2110 399 2152 aequost
422 2107 485 2149 B1,
510 2111 657 2153 atquost
679 2108 714 2142 D
806 2110 848 2143 33
874 2110 924 2154 cf.
949 2109 998 2143 acc
1023 2109 1133 2154 51sq.
1226 2111 1268 2143 85
1295 2109 1432 2143 demum
1457 2107 1588 2143 Libum·
1613 2106 1736 2141 Blt¹E

69 2166 134 2199 tua
155 2163 267 2209 (tibi)
290 2163 455 2199 Loemms
474 2162 666 2205 Goelze'us;
690 2166 740 2210 cf.
758 2165 834 2200 372
927 2168 969 2200 86
987 2167 1042 2201 est
1055 2175 1129 2200 var.
1145 2164 1168 2201 l.
1181 2165 1219 2199 in
1234 2165 1266 2199 1)
1279 2169 1314 2199 et
1327 2163 1364 2198 Ε

69 2219 131 2261 D2,
156 2222 198 2255 93
216 2220 263 2261 B,
287 2223 331 2254 94
360 2219 473 2262 BDE',
498 2222 540 2254 95
558 2219 592 2254 D
706 2224 749 2256 92
773 2222 869 2257 nodo
896 2220 933 2255 E
1044 2224 1086 2257 93
1111 2221 1161 2266 cf.
1187 2220 1297 2256 Poen.
1325 2221 1394 2255 871

70 2287 99 2311 v.
119 2277 169 2310 92
185 2275 243 2311 hic
259 2286 382 2310 versus
398 2275 477 2317 (del.
494 2276 531 2310 F
528 2276 758 2320 leckeisenus)
781 2278 880 2322 ferri
892 2289 1002 2323 posse
1018 2277 1159 2312 videtur
1176 2287 1241 2312 neo
1254 2288 1282 2312 v.
1301 2277 1359 2311 94.
1376 2277 1426 2311 95
1446 2280 1533 2322 post
1545 2288 1573 2311 v.
1591 2277 1641 2309 86

1452 2167 1491 2198 91
1515 2163 1655 2198 defrud.
1675 2162 1732 2198 laic

1514 2230 1628 2264 neque
1653 2230 1731 2253 cum

71 2335 114 2366 94
136 2335 198 2367 ten
222 2343 285 2376 ego
310 2332 483 2367 defraude
501 2332 643 2367 Nonius
660 2334 703 2368 31
796 2336 838 2369 96
863 2345 919 2369 me
940 2334 1019 2375 DE,
1043 2334 1174 2369 Festus
1196 2335 1290 2369 193:
1314 2344 1370 2368 me
1395 2336 1473 2368 arte
1490 2333 1536 2374 B,
1559 2343 1638 2379 sup.
1662 2344 1732 2368 scr.

70 2391 148 2423 arte
166 2388 199 2423 D
296 2391 336 2423 97
356 2391 476 2433 potest
492 2389 544 2423 B¹
637 2392 678 2425 98
698 2389 890 2426 offoturum
907 2390 959 2425 B¹
1051 2391 1081 2426 si
1098 2391 1136 2425 id
1151 2391 1301 2426 Festus:
1322 2390 1369 2425 sit
1389 2389 1481 2431 D¹E,
1508 2391 1538 2424 si
1555 2389 1643 2425 BD²

69 2444 176 2480 hodie
193 2455 259 2479 om.
276 2444 406 2480 Festus
496 2448 550 2480 99.
572 2449 634 2481 100
656 2457 722 2481 om.
741 2447 881 2489 Festus,
907 2448 971 2492 qui
994 2447 1119 2492 adfert
1145 2448 1204 2482 96.
1234 2448 1295 2481 93.
1319 2447 1389 2481 101
1399 2459 1413 2487 ,·
1437 2446 1487 2490 cf.
1511 2445 1732 2492 Leidolplzus

69 2500 154 2536 diSs.
172 2499 313 2536 lenens.
329 2503 368 2543 2,
384 2502 462 2535 243
545 2505 609 2537 100
625 2505 702 2538 rete
719 2514 785 2538 om.
803 2503 839 2537 E
914 2504 1079 2539 immedio
1100 2503 1169 2538 BD
1246 2503 1315 2538 reti
1333 2505 1452 2538 autem
1468 2502 1587 2537 iaculo
1606 2503 1732 2538 uenari

71 2556 312 2600 Hermannus,
336 2557 386 2603 cf.
413 2557 516 2594 Truc.
535 2559 594 2593 35.
631 2559 675 2594 de
698 2560 875 2595 retiaculo
899 2561 948 2605 cf.
976 2559 1031 2594 W.
1051 2559 1221 2595 Selemz'tz.
1246 2570 1335 2594 mus.
1360 2558 1475 2593 Rhen.
1499 2560 1561 2600 25,
1580 2560 1655 2593 625
1665 2569 1731 2605 sq„

70 2611 113 2647 P.
137 2612 168 2647 1.
191 2613 349 2648 Meierus
380 2613 424 2648 de
451 2614 664 2660 qladiacura
687 2626 776 2651 rom.
801 2618 864 2652 26.
904 2620 1000 2652 recte
1024 2616 1162 2662 opponi
1185 2615 1324 2651 videtur
1350 2619 1487 2649 tantum
1515 2615 1642 2650 uenari
1666 2626 1731 2651 au-

70 2671 141 2704 tem
164 2669 202 2704 in
224 2670 341 2706 medio
364 2670 475 2714 mari;
504 2681 569 2705 neo
594 2676 712 2707 tamen
735 2672 849 2718 facile
872 2673 1013 2708 de‘oeere's
1038 2684 1131 2717 quae
1154 2672 1263 2707 verba
1285 2673 1363 2706 rete
1386 2671 1528 2715 iaculo,
1559 2675 1599 2706 ut
1624 2672 1731 2707 inter-

64 2724 232 2770 polatum
247 2725 306 2767 sit,
323 2727 517 2772 expulerit.
535 2728 585 2772 cf.
602 2727 821 2764 Ribbeck-ius
837 2741 926 2764 mus.
943 2728 1058 2764 then.
1078 2730 1136 2770 37,
1155 2729 1205 2762 58
1300 2731 1361 2762 103
1379 2727 1539 2772 perfitito
1553 2727 1588 2762 B
1595 2727 1641 2762 ιΙ)

74 2784 135 2815 105
160 2781 258 2816 DEM.
276 2781 370 2826 Quid
386 2783 466 2818 uis?
493 2783 694 2819 Valzlenus:
718 2786 804 2829 quid
900 2788 961 2820 108
987 2796 1029 2821 eo
1049 2795 1112 2830 ego
1131 2784 1200 2819 El)
1292 2784 1326 2819 ei
1349 2784 1441 2819 bene
1458 2783 1731 2820 Fleclsez'senus:

71 2836 133 2872 fiet
156 2848 201 2872 ne
340 2839 565 2874 Camerarius
595 2851 660 2884 ego
689 2852 743 2887 sq.
770 2841 1007 2883 Demaeneto,
1041 2841 1074 2876 ei
1097 2852 1150 2886 sq.
1175 2840 1313 2876 Libano
1342 2839 1440 2875 dedit
1448 2852 1462 2881 ;
1485 2839 1550 2875 sed
1570 2840 1731 2875 Libanus
