2018 3183
1739 108 1753 137 1
1771 110 1796 143 1.
1811 110 1896 140 1—-10

916 805 1214 846 CHARINVS
1829 809 1851 848 I
1875 812 1895 849 1

503 872 606 912 Duas
637 885 699 913 res
730 873 846 913 simul
876 886 984 913 nunc
1017 885 1133 924 agere
1164 873 1404 913 decretumst
1434 875 1548 914 mihi:

502 946 540 979 et
571 947 845 991 argumentum
878 948 916 980 et
946 954 1055 981 meos
1087 953 1240 980 amores
1271 941 1444 992 eloquar,

505 1021 585 1047 non
620 1020 693 1059 ego
724 1009 816 1047 item
847 1009 946 1048 facio
979 1015 1022 1048 ut
1053 1009 1149 1048 alios
1179 1009 1218 1047 in
1251 1009 1465 1049 comoediis

502 1072 584 1129 (vi)
613 1075 688 1115 vidi
721 1076 864 1116 amoris
895 1077 1036 1123 facere,
1069 1077 1135 1127 qui
1165 1082 1232 1115 aut
1262 1076 1368 1115 nocti
1399 1083 1466 1116 aut
1496 1077 1556 1116 die

503 1149 570 1183 aut
600 1143 672 1183 soli
704 1150 771 1183 aut
800 1144 917 1183 lunae
949 1145 1126 1184 miserias
1157 1149 1323 1183 narrant
1351 1156 1461 1184 suas:
1852 1174 1858 1178 -
1930 1157 1948 1188 5

503 1224 602 1263 quos
634 1212 700 1263 pol
731 1224 803 1263 ego
835 1212 952 1251 credo
985 1213 1176 1252 humanas
1208 1212 1474 1263 querimonias

502 1292 582 1319 non
615 1280 712 1319 tanti
745 1281 886 1328 facere,
919 1280 1010 1332 quid
1041 1280 1162 1320 velint
1192 1280 1284 1332 quid
1318 1293 1398 1319 non
1431 1280 1571 1330 velint;

503 1347 613 1387 vobis
644 1348 811 1387 narrabo
842 1349 973 1400 potius
1002 1361 1111 1388 meas
1142 1360 1250 1388 nunc
1283 1348 1472 1388 miserias.

502 1428 642 1467 graece
672 1417 766 1455 haec
796 1423 958 1456 vocatur
988 1416 1182 1468 Emporos
1217 1416 1464 1465 Philemonis,

507 1484 640 1524 eadem
672 1485 810 1524 Latine
842 1485 1035 1525 Mercator
1067 1485 1188 1525 Macci
1220 1484 1309 1524 Titi.
1932 1494 1968 1527 10

345 1639 528 1666 cnmmvs
553 1639 783 1665 Anonnscssns
810 1629 861 1671 B,
885 1639 1067 1665 cnfflmvs
1095 1629 1155 1665 CD
1244 1632 1328 1674 post
1352 1627 1616 1664 Dzz'atzlconem
1639 1632 1675 1663 et
1698 1628 1902 1664 Reinlzard-

234 1693 307 1721 tum
319 1686 518 1733 proloqum
537 1690 784 1721 tractaverunt
800 1684 1019 1721 Ribbeckius
1035 1685 1170 1721 emend.
1188 1684 1299 1721 Mero.
1316 1685 1434 1731 spicil.
1456 1687 1480 1720 8
1492 1696 1558 1731 sq„
1579 1684 1842 1720 Trautmeinius
1858 1685 1902 1721 de

230 1743 378 1788 proloq.
403 1741 458 1777 Pl.
485 1743 536 1777 32
560 1753 615 1788 sq.
726 1742 880 1789 proloqi
909 1743 1121 1788 compositio
1153 1752 1227 1776 una
1259 1745 1293 1776 et
1323 1742 1493 1788 perfecta
1517 1746 1581 1777 est.
1629 1741 1841 1778 adulescens
1863 1752 1902 1777 se

231 1803 484 1845 aryumentum
510 1803 747 1834 narraturmn
772 1799 881 1840 dicit,
912 1799 978 1834 sed
999 1797 1287 1845 spectatoribus,
1312 1808 1386 1832 non
1411 1801 1464 1839 (ut
1488 1807 1554 1832 nos
1576 1797 1719 1842 factum
1744 1798 1903 1834 videmus

232 1856 271 1891 in
288 1854 417 1891 Medea
431 1854 643 1890 Phoenissis
658 1855 938 1895 Ecclesiazusis)
956 1853 1013 1889 dis
1029 1854 1086 1890 vel
1101 1853 1302 1890 solitudini.
1334 1854 1500 1899 sequitur
1516 1859 1780 1901 arqumentum,
1790 1865 1904 1901 prae-

232 1912 342 1947 misso
359 1912 504 1947 nomine
523 1910 676 1956 fabulae
700 1915 735 1946 et
752 1916 896 1958 poetae.
935 1912 1156 1946 succinctam
1182 1910 1382 1945 orationem
1408 1910 1457 1946 ibi
1474 1911 1703 1957 interrumpit
1726 1910 1787 1946 ubi
1811 1910 1905 1947 videt

230 1967 442 2014 prolixiore
474 1968 704 2014 expositione
738 1979 830 2014 opus
864 1978 942 2004 esse
970 1967 1152 2013 simulque
1179 1966 1267 2002 dicit
1291 1966 1498 2002 brevitatem
1522 1966 1622 2001 illam
1645 1977 1720 2002 non
1744 1966 1905 2002 decuisse

233 2024 408 2059 amatoris
440 2025 674 2070 πρόσωπον,
709 2029 749 2059 ut
780 2026 841 2060 cui
872 2024 1075 2070 loquacitas
1108 2024 1236 2059 iiznata
1266 2024 1312 2058 sit
1337 2021 1480 2057 inutilia
1502 2033 1676 2068 promens
1699 2023 1905 2059 necessaria

233 2082 400 2116 omittens
422 2082 489 2126 (cf.
509 2081 590 2117 Cist.
607 2082 683 2117 120
700 2084 776 2127 sq.).
815 2087 987 2116 secuntur
1011 2084 1095 2116 ante
1119 2086 1212 2115 acta.
1255 2080 1292 2114 in
1318 2079 1374 2114 his
1397 2090 1471 2114 una
1495 2079 1592 2114 ratio
1617 2083 1670 2114 est
1692 2078 1906 2125 etltopoeiae

234 2142 271 2173 et
293 2138 583 2184 compositionis,
609 2140 750 2174 notatio
769 2139 926 2173 amantis
943 2138 1093 2172 atticum
1103 2141 1254 2183 poetam
1271 2135 1391 2171 decet.-
1418 2140 1557 2171 tantum
1574 2135 1809 2182 amplificatio
1828 2146 1905 2171 ver-

234 2205 338 2229 suum
361 2195 421 2229 18.
445 2195 510 2236 19,
541 2205 636 2240 quae
662 2195 795 2242 leqitur
818 2205 848 2230 v.
866 2195 1040 2236 20—30,
1066 2197 1133 2229 aut
1155 2196 1355 2228 retractata
1379 2197 1443 2227 aut
1461 2196 1550 2238 post
1572 2191 1745 2227 Pla-utum
1767 2193 1906 2238 scripta

234 2255 306 2292 est,
339 2251 475 2297 quippe
506 2261 600 2296 quae
631 2251 799 2286 vitiorum
830 2251 993 2286 ordinem
1027 2249 1164 2284 nullum
1192 2249 1369 2295 praebeat
1400 2249 1465 2284 sed
1485 2248 1682 2294 fortuitam
1707 2253 1741 2284 et
1765 2248 1905 2294 qualem

236 2317 359 2343 versus
376 2307 619 2353 patiebantur
639 2307 872 2353 farraqinem
895 2307 960 2353 (cf.
979 2306 1165 2342 Dziatzlco
1189 2315 1277 2340 mus.
1297 2304 1411 2340 Rlien.
1435 2306 1500 2348 26,
1517 2305 1632 2348 437),·
1653 2305 1790 2341 scilicet
1812 2315 1906 2340 com-

235 2364 407 2410 ponenda
429 2367 516 2398 sunt
539 2363 723 2409 cupiditas
746 2367 782 2399 et
807 2362 971 2405 aviditas,
996 2362 1249 2399 malevolentia
1274 2362 1411 2397 iniuria
1434 2361 1668 2402 contumelia,
1692 2361 1818 2407 inopia
1834 2360 1907 2396 dis-

229 2420 425 2467 pendium,
456 2419 546 2456 lzaec
577 2420 626 2455 ad
652 2420 890 2467 eleqantiam,
922 2420 1104 2454 insomnia
1128 2429 1303 2455 aerumna
1328 2417 1376 2452 ad
1400 2428 1524 2453 curam
1549 2417 1813 2462 aeyritudinem
1836 2417 1907 2460 (19)

232 2477 435 2523 pertinent:
459 2475 548 2511 haec
564 2476 602 2510 in
620 2477 734 2519 initio,
760 2475 988 2523 dispendium
1013 2475 1051 2510 in
1071 2476 1146 2520 fine
1170 2474 1334 2521 cataloqi
1449 2477 1463 2508 1
1491 2474 1714 2509 decretumst
1740 2472 1815 2509 CD:
1839 2473 1907 2508 du-

236 2544 318 2569 cere
342 2543 439 2569 nunc
462 2534 548 2576 (xic)
574 2536 608 2570 st
634 2533 667 2568 B
761 2536 781 2568 2
812 2533 945 2569 amoris
971 2532 1032 2568 CD
1134 2534 1152 2566 3
1184 2532 1299 2575 idem,
1333 2541 1430 2566 corr.
1457 2529 1625 2565 Muretus
1648 2533 1694 2571 (ς)
1785 2532 1806 2563 4
1830 2528 1908 2574 (ui)

244 2589 434 2636 Vssinyius
526 2590 612 2635 quia
636 2592 669 2626 Β
757 2590 856 2626 noeti
880 2592 945 2625 aut
968 2589 1019 2624 dii
1043 2587 1155 2624 schol.
1179 2588 1268 2623 Aen.
1293 2588 1326 2629 1,
1356 2587 1448 2629 636,
1479 2589 1591 2622 noctu
1615 2588 1681 2621 aut
1704 2585 1763 2621 die
1786 2584 1850 2628 (dii
1874 2584 1908 2620 D

235 2651 319 2681 ante
336 2650 443 2690 corr.)
561 2651 580 2682 5
605 2649 775 2683 narrant:
801 2657 850 2682 au
873 2656 1002 2682 narras
1020 2645 1055 2680 B
1171 2647 1191 2679 6
1216 2643 1383 2680 humanis
1499 2642 1731 2688 querimoniis
1756 2641 1818 2677 01)

233 2703 413 2739 sententia
445 2703 539 2738 nz'lzit
567 2707 717 2749 praeter
749 2703 885 2739 tradita
917 2702 1075 2738 admittit
1105 2703 1214 2747 (puta
1247 2701 1388 2746 opinor)
1503 2703 1521 2734 7
1555 2699 1649 2735 tanti
1680 2698 1819 2734 facere:
1850 2700 1905 2733 ta-

236 2770 319 2795 cere
343 2759 378 2794 B
486 2759 574 2805 quid
598 2759 712 2796 uelint
737 2762 802 2796 aut
825 2759 911 2805 quid
934 2769 1008 2795 non
1031 2758 1147 2794 uelint
1178 2756 1258 2800 CD,
1292 2757 1389 2802 quod
1413 2756 1513 2792 uelin
1537 2756 1722 2801 uelintque
1745 2764 1820 2791 non
1842 2764 1906 2790 ue·

235 2816 304 2852 lint
330 2815 384 2858 B,
417 2827 513 2852 corr.
543 2815 770 2852 Camerarius
885 2818 905 2851 9
932 2826 1098 2861 emporus
1215 2817 1256 2849 10
1280 2813 1425 2850 mantici
1450 2812 1503 2856 B,
1534 2811 1674 2849 mattici
1701 2810 1778 2854 CD,
1810 2820 1906 2846 corr.

242 2870 461 2908 Ritsclzelius
