1998 3179
105 116 150 145 Ν
167 117 304 152 6,12-V
316 118 343 151 2,
358 119 374 146 7
792 118 1066 154 MERGATOR
1680 120 1762 157 469

308 237 352 272 ut
380 232 465 272 illae
497 232 706 283 exiguntur
735 245 836 284 quae
865 233 906 272 in
937 246 979 273 se
1009 234 1165 286 culpam
1196 239 1452 282 commerent,

304 300 439 352 plures
467 299 538 339 viri
567 299 647 339 sint
674 299 778 339 vidui
809 312 925 351 quam
957 313 1065 340 nunc
1096 302 1291 341 mulieres.
1322 324 1378 330 ——

783 389 1079 431 CHARINVS
1672 391 1713 432 V
1736 394 1757 432 1

104 457 241 496 Limen
273 469 458 509 superum
490 458 750 507 inferumque,
780 457 894 504 salve,
925 458 1040 497 simul
1070 464 1198 497 autem
1228 458 1331 496 vale:
1769 467 1827 500 830

102 523 210 563 hunc
240 524 354 563 hodie
384 530 626 576 postremum
657 524 798 563 extollo
829 537 914 563 mea
944 526 1059 564 domo
1091 525 1212 576 patria
1242 525 1394 576 pedem.

102 604 208 640 usus,
240 592 403 638 fructus,
433 591 571 637 victus,
603 591 730 630 cultus
760 591 835 630 iam
865 592 960 630 mihi
990 592 1141 630 harunc
1172 592 1325 631 aedium

101 659 391 710 interemptust,
423 658 681 703 interfectust,
712 658 931 699 alienatust.
992 658 1130 697 occidi.

100 726 137 764 di
168 733 328 777 penates
357 738 487 764 meum
518 731 737 776 parentum,
768 725 925 764 familiai
957 725 1033 765 Lar
1061 732 1184 778 pater,

99 793 208 833 vobis
238 793 393 840 mando,
424 805 554 831 meum
585 800 794 844 parentum
826 804 909 831 rem
940 793 1040 833 bene
1070 800 1114 832 ut
1143 793 1337 833 tutemini.
1764 804 1821 837 835

99 872 172 911 ego
204 860 296 899 mihi
328 860 422 899 alios
453 860 546 900 deos
576 860 729 911 penatis
760 872 986 911 persequar,
1019 861 1136 900 alium
1167 861 1319 908 Larem,

97 927 209 966 aliam
239 927 390 976 urbem,
422 928 534 967 aliam
565 928 780 968 civitatem:
812 928 858 967 ab
890 928 1026 967 Atticis
1057 927 1274 977 abhorre03

98 997 188 1033 nam
218 994 288 1034 ubi
318 1007 448 1035 mores
477 996 691 1035 deteriores
721 995 1022 1036 increbrescunt
1051 996 1091 1035 in
1124 996 1218 1042 dies,

97 1061 163 1100 ubi
197 1063 262 1113 qui
293 1063 419 1110 amici,
450 1063 517 1114 qui
547 1063 723 1102 infideles
753 1063 831 1103 sint
861 1076 1033 1114 nequeas
1063 1076 1299 1115 pernoscere

96 1129 244 1181 ubique
274 1130 312 1169 id
343 1130 543 1182 eripiatur,
573 1131 702 1169 animo
732 1137 800 1169 tuo
833 1131 935 1182 quod
966 1130 1118 1182 placeat
1145 1143 1335 1179 maxume,
1767 1142 1824 1175 840

97 1196 149 1236 ibi
181 1197 339 1248 quidem
369 1198 400 1237 si
430 1210 598 1249 regnum
629 1198 755 1245 detur,
787 1211 867 1237 non
899 1199 1029 1249 cupita
1060 1205 1118 1238 est
1148 1199 1292 1240 civitas.

737 1287 1048 1328 EVTYCHVS
1667 1289 1709 1329 V
1731 1291 1754 1329 2

94 1353 229 1393 Divom
261 1360 377 1405 atque
407 1354 610 1393 hominum
647 1367 746 1406 quae
785 1356 994 1406 spectatrix
1025 1361 1140 1407 atque
1177 1367 1242 1394 era
1281 1356 1415 1395 eadem
1445 1369 1486 1396 es
1517 1357 1754 1406 hominibus,

96 1433 205 1473 spem
237 1427 428 1473 speratam
462 1434 581 1472 quom
612 1422 787 1462 obtulisti
817 1423 920 1462 hanc
950 1422 1058 1470 mihi,
1089 1422 1159 1461 tibi
1191 1428 1319 1473 grates
1349 1435 1434 1475 ago.

94 1488 321 1539 ecquisnam
353 1489 448 1528 deus
479 1496 549 1535 est,
581 1490 647 1540 qui
677 1502 763 1529 mea
795 1502 903 1529 nunc
933 1490 1055 1529 laetus
1085 1489 1227 1529 laetitia
1258 1489 1367 1530 fuat?

93 1556 197 1595 domi
227 1559 309 1595 erat
339 1556 441 1607 quod
474 1556 759 1607 quaeritabam:
792 1570 859 1597 sex
890 1557 1041 1596 sodales
1071 1558 1241 1609 repperi,
1762 1569 1819 1602 845

92 1622 220 1671 vitam,
251 1623 474 1671 amicitiam,
505 1623 711 1672 civitatem,
742 1625 938 1669 laetitiam,
970 1624 1120 1671 ludum,
1151 1625 1301 1674 iocum3

93 1702 228 1730 eorum
260 1691 422 1729 inventu
452 1703 516 1730 res
545 1691 676 1730 simitu
708 1704 910 1744 pessumas
940 1704 1098 1743 pessum
1130 1692 1229 1740 dedi,

93 1759 202 1806 iram,
234 1758 487 1806 inimicitiam,
520 1770 754 1806 maerorem,
784 1759 987 1807 lacrumas,
1020 1760 1189 1807 exilium,
1221 1761 1395 1813 inopiam

205 1915 270 1948 828
293 1913 358 1948 illa
471 1924 539 1958 que
571 1913 776 1960 insculpam
807 1915 1044 1951 conuenirent
1068 1915 1103 1950 B
1219 1919 1283 1952 830
1315 1927 1496 1953 cnsnmvs
1519 1929 1750 1954 ADOLESCENS

91 1971 165 2010 (AD.
191 1980 258 2004 om.
276 1968 323 2011 B)
350 1969 467 2005 ΒΟΙ)2
562 1980 729 2014 superam
747 1971 794 2014 B,
819 1972 1092 2017 superum<que>
1116 1972 1334 2009 Ritsclzelius
1427 1974 1509 2009 uale
1526 1974 1576 2009 D:
1601 1975 1694 2010 uabe
1715 1975 1750 2017 C,

91 2025 193 2060 salue
217 2025 253 2060 B
345 2028 409 2060 832
434 2027 562 2061 harum
587 2026 730 2061 Nonius
747 2027 822 2061 449
916 2029 978 2062 833
1004 2029 1172 2064 interitus
1202 2029 1414 2066 interfectus
1439 2033 1495 2066 est
1520 2030 1661 2066 Nonius

91 2084 156 2116 834
181 2081 340 2116 familiae
455 2085 519 2117 839
551 2083 705 2127 ubique,
737 2093 834 2118 corr.
868 2082 1074 2119 Palmerius
1165 2085 1259 2121 sient
1374 2089 1438 2121 840
1471 2087 1534 2122 ubi
1564 2087 1625 2132 qui
1655 2088 1750 2123 deri-

88 2137 222 2183 piatur,
248 2148 343 2173 corr.
368 2137 567 2184 Scioppius
659 2141 722 2174 841
749 2141 803 2174 est
829 2139 952 2183 cupita.
971 2139 1043 2182 CD,
1068 2144 1124 2177 est
1148 2142 1281 2187 cupida
1306 2142 1352 2185 B,
1378 2154 1470 2178 corr.
1505 2142 1661 2179 Weisius

88 2204 244 2228 nvncvs
273 2204 452 2230 cinna-vs
484 2205 712 2230 ADVLESCENS
741 2198 814 2236 (AD.
847 2206 916 2230 om.
949 2195 1049 2238 Bffl)
1080 2196 1199 2233 BCD2
1319 2201 1395 2234 842.
1422 2202 1486 2234 843
1517 2198 1576 2235 hic
1605 2203 1640 2235 et
1664 2206 1751 2246 post

89 2261 120 2286 v.
148 2251 223 2285 598
250 2255 380 2286 extant
404 2252 437 2292 (b
462 2261 482 2285 c
506 2251 561 2292 d),
594 2251 669 2286 illic
700 2252 807 2286 etiam
837 2252 873 2285 z‘u
898 2253 930 2286 A
960 2252 1137 2288 extabant
1158 2255 1250 2295 (842
1275 2255 1312 2289 di
1338 2276 1378 2280 —-
1406 2256 1481 2290 843
1505 2266 1587 2300 spes
1605 2259 1660 2297 -)

90 2309 155 2342 842
179 2306 278 2342 dium
306 2307 365 2343 Bb
481 2307 661 2353 speratrix
691 2307 900 2353 utrubique,
934 2319 1028 2343 corr.
1055 2322 1096 2351 ς,·
1127 2309 1180 2354 cf.
1211 2311 1291 2357 frq.
1318 2322 1406 2347 com.
1433 2304 1555 2358 adesj).
1579 2312 1680 2347 1326
1703 2312 1747 2347 K.

87 2358 108 2409 ἦ
134 2359 181 2399 τὰ
206 2365 358 2409 θνητῶν
380 2366 444 2400 καὶ
469 2363 515 2401 τὰ
546 2367 634 2400 θεῖα
666 2359 783 2400 πάντ’
807 2362 1068 2402 ἐπισκοποῦσα
1095 2386 1135 2391 —
1166 2361 1272 2413 Τύχη.
1305 2368 1509 2413 superatrix
1534 2368 1750 2404 Rz'bbeclcz'us

86 2430 124 2465 p.
143 2420 207 2460 28,
232 2420 282 2465 cf.
300 2419 458 2455 Baierus
484 2424 667 2455 comment.
682 2420 808 2455 Hertz.
827 2422 898 2455 271
915 2431 967 2466 sq.
986 2422 1098 2467 (quod
1112 2433 1185 2457 non
1205 2428 1275 2458 tam
1293 2429 1378 2470 apte
1394 2428 1569 2469 sequatur
1585 2428 1659 2467 era)

88 2476 214 2511 eadem
242 2487 310 2511 om.
337 2477 357 2512 b
472 2479 536 2511 843
563 2487 663 2522 spem
694 2480 876 2521 speratam
905 2480 1086 2523 (speratae
1116 2478 1158 2521 b,
1183 2482 1330 2524 sperata
1355 2482 1405 2522 c),
1439 2481 1488 2524 cf.
1512 2480 1750 2526 Symmachus

84 2543 123 2578 p.
143 2533 231 2574 330,
247 2533 294 2567 19
317 2535 383 2575 (or.
402 2533 436 2574 3,
453 2535 492 2576 2)
515 2532 553 2568 S.
577 2533 666 2568 noui
682 2533 819 2568 saeculi
843 2544 925 2578 spes
943 2537 1131 2579 [s]perata;
1157 2534 1322 2570 Krolle'us
1345 2536 1389 2571 de
1406 2535 1540 2581 Symm.
1565 2537 1657 2571 stud.
1674 2539 1750 2580 28,-

87 2588 308 2633 insperatam
333 2588 502 2632 Bria-ius,
526 2590 575 2634 cf.
601 2589 695 2624 Men.
720 2590 817 2624 1081
932 2601 1038 2634 quam
1064 2590 1162 2626 BCD
1274 2593 1372 2627 hunc
1397 2593 1479 2627 bcd
1589 2593 1657 2629 tibi
1681 2605 1750 2629 om.

88 2643 189 2679 BGD
303 2647 366 2680 844
389 2644 455 2681 fiat
481 2645 558 2687 CD,
589 2645 653 2682 fiet
676 2645 723 2687 B,
758 2657 850 2680 corr.
885 2646 1114 2682 Camerarius
1207 2650 1270 2682 845
1295 2651 1376 2683 erat
1404 2648 1486 2694 (id)
1513 2650 1659 2684 Guietus

88 2700 207 2745 querit
230 2700 348 2736 abiam
372 2701 457 2743 (abii
479 2701 538 2743 ΒΞ)
564 2701 598 2736 Β
691 2704 756 2737 846
774 2702 958 2737 ciuitatem
976 2702 1203 2748 trisyllabum
1296 2707 1358 2739 847
1383 2704 1535 2741 inuentu
1551 2717 1608 2742 res
1629 2706 1748 2743 Came-

87 2757 229 2791 rarius:
259 2756 475 2792 inuenturus
509 2757 550 2798 C,
581 2758 794 2793 inuenti-irus
826 2757 876 2799 D,
908 2759 1059 2793 inuentu
1091 2763 1125 2794 st
1154 2759 1189 2794 B
1280 2760 1346 2795 sim
1378 2763 1418 2796 tu
1448 2761 1484 2796 B
1577 2765 1640 2798 848
1659 2768 1750 2810 post

88 2811 312 2848 inimicitiam
329 2812 474 2849 exhibet
491 2813 682 2849 stultitiam
700 2814 846 2850 exitium
864 2814 1096 2859 pertinatiam
1114 2814 1221 2850 verba
1237 2826 1303 2851 suo
1322 2816 1401 2852 loco
1419 2817 1606 2854 redeuntia
1625 2819 1658 2854 B

86 2868 281 2914 respondet
303 2869 360 2904 ira
384 2869 484 2911 ioco,
515 2879 661 2904 maeror
693 2870 797 2912 ludo,
829 2870 1013 2905 lacrumae
1043 2871 1222 2913 laetitiae,
1253 2873 1404 2908 exilium
1434 2874 1588 2918 civitati,
1620 2876 1746 2923 inopia
