1998 3179
86 78 120 106 11
138 79 164 110 1,
176 77 271 110 26-2,
283 77 301 105 c
773 73 1072 109 MENAECHMI
1666 73 1745 111 393

95 192 185 232 illoc
215 191 319 231 enim
349 190 467 231 verbo
498 201 581 230 esse
611 201 673 228 me
703 202 853 229 servom
884 189 977 229 scio.

95 273 175 299 non
207 259 335 318 potuit
363 258 495 310 paucis
525 257 636 321 plura
666 257 782 309 plane
812 257 1007 308 proloqui.

93 339 228 366 verum
259 322 387 366 tamen
418 326 573 377 nequeo
606 325 798 364 contineri
832 325 925 376 quin
956 325 1107 376 loquar.

95 394 225 441 audin,
256 391 535 433 Menaechme?
564 405 683 444 quom
713 392 878 443 inspicio
910 376 1192 444 marsuppium,

93 462 258 501 viaticati
288 461 419 501 hercle
449 460 654 500 admodum
682 460 827 521 aestive
857 472 1005 499 sumus.
1764 468 1819 501 255

6 528 44 571 ,τί
92 536 146 574 xie
176 535 218 568 tu
248 529 390 576 hercle,
423 523 576 580 opinor,
609 516 684 567 nisi
713 517 869 566 domum
900 528 1122 574 revortelis,

93 597 160 636 ubi
193 597 288 636 nihil
317 596 490 643 habebis,
521 596 720 648 geminum
751 596 842 635 dum
875 608 1051 647 quaeres,
1083 607 1227 646 gemes.

95 677 185 704 nam
217 665 269 703 ita
299 670 358 704 est
386 665 482 703 haec
512 664 714 703 hominum
748 664 872 703 natio:
904 663 943 702 in
977 663 1240 715 Epidamnieis

91 733 295 784 voluptarii
328 738 443 783 atque
474 737 672 783 potatores
702 731 894 778 maxumi;

93 806 176 840 tum
208 800 469 852 sycophantae
501 805 538 838 et
569 799 791 850 palpatores
820 799 991 850 plurumi
1766 806 1824 839 260

93 869 132 908 in
165 868 264 908 urhe
293 869 365 907 hac
394 866 594 915 habitant3
625 873 708 906 tum
739 867 966 906 meretrices
996 867 1178 906 mulieres

96 947 288 987 nusquam
318 935 576 987 perhibentur
606 934 830 974 blandiores
860 935 1049 986 gentium.

92 1011 300 1070 propterea
328 1004 420 1042 huic
450 1003 538 1043 urbi
571 1014 715 1042 nomen
747 1002 966 1054 Epidamno
996 1003 1213 1049 inditumst,

92 1071 182 1123 quia
214 1084 329 1111 nemo
362 1071 482 1111 ferme
512 1071 590 1110 huc
620 1071 704 1111 sine
736 1071 877 1110 damno
910 1071 1136 1110 devortitui.

93 1139 210 1180 MEN.
259 1139 342 1190 Ego
374 1139 475 1179 istuc
505 1138 662 1178 cavebo.
714 1139 811 1178 cedo
839 1122 948 1177 dum
965 1139 1042 1178 huc
1074 1139 1167 1178 mihi
1198 1140 1480 1191 marsuppium.
1764 1145 1819 1178 265

93 1207 220 1248 MEss.
273 1207 374 1253 Quid
405 1220 450 1246 eo
481 1205 566 1246 vis?
624 1206 741 1246 MEN
792 1206 869 1245 lam
902 1219 970 1258 aps
1000 1213 1038 1246 te
1068 1212 1198 1246 metuo
1229 1206 1277 1246 de
1307 1206 1435 1246 verbis
1466 1207 1555 1247 tuis.

92 1274 221 1315 MESS.
272 1275 372 1321 Quid
403 1273 572 1314 metuis?
630 1274 747 1315 ΜΕΝ.
800 1275 853 1313 Ne
884 1274 978 1314 mihi
1008 1275 1193 1313 damnum
1224 1275 1263 1314 in
1295 1274 1512 1327 Epidamno
1542 1275 1639 1314 duis.

92 1349 134 1382 tu
167 1355 332 1394 magnus
361 1349 510 1382 amator
538 1343 747 1382 mulierum
779 1355 831 1390 es,
864 1342 1072 1390 Messenio,

94 1423 166 1463 ego
197 1417 324 1450 autem
355 1411 472 1450 homo
504 1411 727 1458 iracundus,
759 1410 878 1449 animi
908 1411 1071 1462 perditi3
1180 1440 1182 1443 .

92 1478 129 1517 id
160 1484 383 1530 utrumque,
415 1483 619 1529 argentum
649 1478 806 1529 quando
837 1477 1002 1524 habebo,
1034 1490 1183 1525 cavero,
1768 1483 1825 1516 270

94 1560 143 1586 ne
172 1553 214 1586 tu
245 1546 448 1597 delinquas
478 1559 575 1586 neve
606 1558 678 1597 ego
710 1546 854 1586 irascar
883 1545 966 1585 tibi.

92 1614 220 1654 MEss.
271 1613 373 1666 Cape
403 1619 519 1665 atque
549 1626 671 1653 serva.
731 1626 792 1652 me
823 1613 983 1653 lubente
1014 1614 1164 1653 seceris.

760 1703 1091 1744 CYLINDRVS
1666 1704 1708 1742 II
1732 1706 1755 1742 ‘2

94 1772 201 1812 Bene
232 1772 418 1824 opsonavi
449 1778 565 1823 atque
596 1785 642 1811 ex
673 1784 756 1811 mea
787 1773 994 1819 sententia,

93 1841 243 1881 bonum
274 1846 510 1891 anteponam
541 1840 749 1891 prandium
781 1840 1049 1892 pransoribus.

96 1909 163 1949 sed
194 1911 329 1948 ecct'lm
361 1907 656 1947 Menaechmum
689 1909 811 1947 video.
871 1920 939 1947 vae
970 1914 1080 1959 tergo
1112 1921 1213 1955 meo,
1769 1914 1826 1947 275

95 1976 204 2029 prius
234 1977 309 2016 iam
340 1976 523 2015 convivae
555 1975 756 2015 ambulant
786 1983 876 2015 ante
908 1976 1063 2023 ostium,

96 2056 208 2095 quam
243 2056 314 2095 ego
347 2049 539 2096 opsonatu
570 2044 700 2082 redeo.
760 2043 873 2083 adibo
905 2050 1020 2095 atque
1050 2044 1238 2094 alloquar.

95 2112 361 2159 Menaechme,
391 2112 506 2152 salv.e
565 2111 681 2151 ΜΕΝ.
733 2112 776 2150 Di
808 2118 845 2150 te
876 2111 1064 2150 amabunt
1094 2111 1270 2162 quisquis
1299 2107 1400 2165 (es).

94 2179 196 2220 CYL
246 2179 432 2231 Quisquis
605 2194 626 2217 »κ
897 2176 1028 2258 <quis>
1059 2191 1130 2230 ego
1162 2177 1265 2219 sim?

208 2281 272 2314 253
297 2279 472 2315 contineri
482 2256 541 2315 A:
565 2256 750 2315 continere
766 2257 809 2322 Ρ,
827 2282 877 2326 cf.
896 2256 998 2314 1124
1007 2279 1206 2315 Rud.1172
1225 2255 1338 2326 Capi.
1343 2255 1434 2314 592
1513 2281 1577 2314 254
1595 2280 1675 2315 adis<
1696 2278 1758 2323 B¹‚

95 2336 181 2371 audi
210 2336 258 2370 ΒΞ
351 2338 415 2371 255
441 2336 572 2372 aestiui
597 2337 628 2370 A
733 2339 796 2371 256
822 2337 917 2379 ercle
941 2337 972 2370 A
1063 2336 1283 2379 reuertereis
1308 2338 1338 2370 A
1445 2338 1505 2370 257
1533 2345 1683 2380 quaeres
1707 2337 1760 2371 A:

95 2392 215 2436 queris
241 2391 274 2427 P
363 2395 428 2428 258
454 2397 492 2427 ut
514 2403 629 2438 supra
653 2394 703 2427 A:
725 2393 824 2428 natio
850 2392 1054 2437 epidamnia
1082 2394 1084 2435 1
1112 2391 1205 2427 Nam
1229 2392 1283 2427 ita
1307 2394 1362 2427 est:
1386 2393 1452 2427 hec
1477 2392 1660 2432 hominum
1682 2391 1716 2426 P

95 2451 161 2483 259
185 2449 364 2491 maxume}
388 2450 419 2483 A
513 2452 576 2484 260
601 2449 780 2493 plurumei
803 2451 855 2484 A:
886 2449 982 2494 pluri
1008 2449 1043 2484 P
1131 2452 1196 2484 263
1222 2447 1323 2483 urbei
1347 2449 1378 2483 A
1469 2448 1624 2483 inditust
1648 2447 1716 2482 ΑΡ

95 2505 161 2538 264
185 2514 256 2549 qua
279 2505 310 2539 A
402 2506 479 2540 sine
503 2505 632 2541 damno
657 2507 728 2541 huc
752 2507 782 2540 A
874 2506 925 2551 cf.
951 2506 1077 2540 Festus
1102 2505 1194 2540 34οῠ
1205 2506 1226 2539 9
1341 2506 1406 2539 265
1431 2504 1518 2538 mihi
1542 2506 1612 2539 huc
1639 2504 1671 2538 P

96 2562 273 2595 266-288
303 2560 448 2606 priores
473 2567 603 2608 partes
633 2561 802 2607 lequntur
826 2563 856 2596 A
982 2564 1046 2597 266
1071 2562 1148 2607 ueis
1173 2563 1204 2597 A
1320 2564 1383 2595 267
1417 2561 1498 2595 duis
1531 2561 1756 2596 Beroasdus:

96 2616 163 2650 dus
180 2615 308 2659 B10D,
332 2617 411 2653 (lias
430 2618 481 2652 ΒΞ
573 2620 636 2653 268
661 2621 701 2653 tu
717 2618 828 2663 magis
847 2621 1010 2662 [amat]or
1025 2619 1077 2660 Α,·
1101 2618 1153 2663 cf.
1172 2618 1250 2653 Mil.
1273 2619 1294 2653 7
1298 2619 1342 2653 75
1432 2620 1495 2652 269
1514 2618 1697 2652 iracundis
1715 2617 1758 2662 P,

95 2671 265 2715 iracun—
288 2673 321 2707 A
411 2674 541 2719 perciti
569 2674 717 2720 Lipsius
809 2678 873 2708 270
895 2675 1023 2717 habeo,
1048 2685 1144 2709 corr.
1163 2673 1323 2720 Pylades
1415 2675 1474 2707 271
1504 2684 1575 2708 neu
1600 2673 1643 2716 P,
1667 2685 1759 2716 ne—

96 2729 128 2763 A
221 2730 285 2763 272
309 2728 455 2765 iubente
571 2730 791 2766 CYLINDRvs.
839 2741 1099 2765 MENAECHMVS.
1147 2740 1326 2765 MESSENIO
1358 2730 1480 2772 (Mese.
1512 2741 1580 2764 om.
1615 2729 1688 2773 CB)
1715 2730 1759 2775 P,

96 2790 189 2830 spat.
204 2785 236 2819 A
329 2787 393 2819 275
411 2786 543 2822 uideon
560 2790 703 2830 aetergo
721 2789 878 2831 (*etergo
893 2786 939 2828 B,
953 2790 990 2822 et
1001 2797 1084 2830 ergo
1101 2786 1156 2830 C),
1174 2797 1270 2821 corr.
1288 2786 1462 2822 Gruterus
1554 2788 1618 2821 276
1636 2787 1758 2822 obam-

97 2839 225 2876 bulant
246 2839 463 2876 Bitschelius
555 2844 631 2877 278.
648 2845 712 2877 279
736 2844 965 2878 menaechme
991 2843 1092 2878 salue
1117 2843 1178 2877 ΜΕ
1204 2842 1240 2877 di
1257 2845 1292 2879 te
1317 2843 1489 2878 amabunt
1512 2843 1672 2888 quisquis
1693 2853 1759 2887 ego
