2018 3183
245 73 325 111 202
982 71 1164 107 PLAVTI
1721 75 1765 103 111
1777 76 1803 108 4,
1821 75 1907 105 3—29

303 189 395 240 quid
426 186 593 240 loquar?
625 187 716 239 quid
748 184 982 225 fabulabor?
1014 186 1106 237 quid
1140 186 1290 238 negabo
1321 193 1387 226 aut
1416 187 1509 237 quid
1541 187 1718 228 fatebor?
1917 198 1974 230 535

246 257 340 296 mibi
371 259 434 296 res
466 256 592 295 omnis
624 258 663 294 in
694 255 847 294 incerto
878 254 951 293 sita
982 261 1052 293 est.
1100 254 1190 304 quid
1222 253 1340 293 rebus
1370 255 1566 294 confidam
1596 255 1720 296 meis?

245 325 395 364 utinam
426 330 463 362 te
493 323 531 361 di
562 323 670 374 prius
700 322 926 374 perderent,
958 334 1074 372 quam
1106 321 1255 373 periisti
1286 333 1306 359 e
1338 322 1461 373 patria
1492 328 1568 370 tua,

248 391 559 442 Aristophontes,
592 390 659 440 qui
689 401 735 427 ex
766 396 898 440 parata
930 402 972 428 re
1003 389 1232 441 imparatam
1264 400 1422 428 omnem
1453 390 1559 429 sacis.

247 462 375 498 occisa
406 464 463 497 est
493 458 588 496 haee
618 469 696 505 res,
728 456 802 496 nisi
834 457 988 508 reperio
1021 462 1190 495 atrocem
1223 456 1275 494 mi
1308 456 1475 507 aliquam
1506 457 1697 497 astutiam.

245 525 360 565 Hm.
407 526 595 576 Sequere.
656 527 718 563 em
747 524 817 563 tibi
848 525 1062 564 hominem.
1093 523 1167 570 adi,
1198 531 1314 574 atque
1346 524 1570 576 adloquere.
1629 525 1766 566 ΤῚᾏΊ).
1814 526 1909 572 Quis

1133 591 1251 630 homo
1283 597 1341 631 est
1371 604 1432 630 me
1463 591 1668 631 hominum
1698 592 1977 633 miserior?540

839 681 1314 721 ARISTOPHONTES

247 749 348 795 Quid
380 750 480 789 istuc
511 756 569 789 est
598 749 703 800 quod
736 762 844 789 meos
875 755 913 788 te
944 750 1069 788 dicam
1101 749 1268 799 fugitare
1300 749 1448 796 oculos,
1479 749 1672 801 Tyndare‚

246 829 398 869 proque
429 817 565 867 ignoto
596 829 657 857 me
687 817 902 868 aspernari,
935 817 1044 868 quasi
1075 829 1136 855 me
1168 828 1380 867 numquam
1413 816 1598 857 noveris?

246 885 426 936 equidem
460 892 539 924 tam
569 897 655 924 sum
686 898 818 925 servos
848 896 964 936 quam
995 890 1050 931 tu,
1082 884 1152 923 etsi
1183 896 1255 935 ego
1287 884 1390 923 domi
1421 883 1520 923 liber
1552 885 1618 932 sui,

246 958 289 991 tu
319 965 444 1004 usque
474 965 495 991 a
525 965 650 1004 puero
681 953 905 992 servitutem
935 952 1124 992 servivisti
1156 951 1194 989 in
1226 951 1349 990 Alide.

245 1020 362 1060 Hm.
412 1020 559 1072 Edepol
591 1020 751 1059 minime
783 1020 917 1066 miror,
949 1020 980 1058 si
1011 1026 1049 1058 te
1081 1018 1219 1069 fugitat
1248 1025 1314 1057 aut
1346 1018 1480 1057 oculos
1511 1026 1611 1065 tuos,
1923 1028 1979 1060 545

246 1094 313 1127 aut
343 1088 373 1127 si
405 1094 442 1126 te
473 1088 564 1134 odit,
598 1087 664 1138 qui
695 1088 810 1126 istum
842 1086 1016 1137 appelles
1045 1084 1268 1137 Tyndarum
1301 1097 1374 1136 pro
1407 1086 1638 1126 Philocrate.

244 1156 383 1195 Tum.
434 1155 570 1205 Hegio,
601 1155 665 1194 hic
696 1155 814 1194 homo
846 1154 1024 1193 rabiosus
1053 1153 1208 1191 habitus
1239 1159 1298 1191 est
1333 1153 1371 1191 in
1405 1153 1526 1201 Alide,

246 1237 297 1263 ne
327 1231 369 1262 tu
401 1222 505 1274 quod
535 1223 621 1262 istie
652 1222 850 1261 fabuletur
879 1221 984 1260 auris
1015 1220 1200 1259 immittas
1230 1226 1330 1259 tuas.

247 1303 337 1330 nam
367 1291 453 1330 istic
483 1291 603 1330 hastis
633 1291 847 1329 insectatus
878 1296 935 1328 est
965 1288 1069 1327 domi
1100 1294 1260 1326 matrem
1293 1294 1331 1326 et.
1366 1295 1527 1339 patrem,

249 1365 288 1398 et
317 1359 395 1398 illio
425 1358 488 1398 isti
520 1359 586 1409 qui
617 1358 841 1410 insputatur
870 1357 1033 1396 morbus
1064 1355 1260 1394 interdum
1294 1356 1411 1394 venit.
1926 1367 1984 1400 550

247 1426 362 1478 proin
386 1432 429 1465 tu
450 1425 498 1464 ab
521 1425 619 1465 istoc
639 1426 779 1477 procul
797 1424 969 1464 recedas.
1001 1424 1117 1463 Hm.
1141 1423 1247 1461 Vltro
1265 1423 1379 1462 istum
1399 1436 1418 1462 a
1436 1436 1509 1463 me.
1539 1424 1591 1464 A.
1613 1424 1700 1472 Ain,
1717 1423 1913 1464 verbero?

247 1506 310 1533 me
341 1493 539 1532 rabiosum
570 1499 686 1544 atque
715 1493 948 1532 insectatum
981 1504 1065 1531 esse
1096 1490 1215 1530 hastis
1246 1502 1377 1530 meum
1406 1503 1601 1531 memoras
1631 1499 1794 1544 patrem,

249 1566 288 1599 et
318 1572 407 1599 eum
438 1559 621 1599 morbum
652 1561 706 1599 mi
737 1573 833 1607 esse,
866 1566 907 1599 ut
939 1559 1004 1610 qui
1035 1571 1097 1597 me
1129 1561 1228 1609 opus
1257 1558 1306 1597 sit
1335 1557 1604 1611 insputarier?

247 1628 364 1668 Hm.
408 1627 466 1667 Ne
495 1640 642 1676 verere,
673 1628 816 1667 multos
847 1627 920 1666 iste
951 1627 1113 1666 moi-bus
1144 1626 1324 1665 homines
1355 1634 1537 1674 macerat,

250 1696 392 1747 quibus
422 1695 615 1747 insputari
645 1696 758 1735 saluti
788 1691 870 1735 fuit*
890 1701 1007 1746 atque
1038 1695 1069 1734 is
1099 1694 1258 1746 profuit.
1684 1716 1691 1721 -
1927 1707 1984 1739 555

247 1763 393 1803 ARls'r.
436 1763 535 1809 Quid
558 1770 601 1802 tu
622 1762 777 1803 autem?
799 1763 912 1802 etiam
935 1763 1026 1802 huic
1048 1759 1203 1801 credis?
1251 1761 1367 1800 ΗΕΘ.
1400 1760 1502 1806 Quid
1524 1773 1597 1813 ego
1620 1761 1773 1801 credam
1796 1760 1915 1802 huic?

1293 1829 1438 1868 Amsr.
1489 1829 1676 1868 Insanum
1707 1841 1792 1869 esse
1824 1827 1915 1869 me?

249 1898 387 1938 TYND.
428 1898 550 1937 Viden
573 1905 617 1936 tu
637 1898 757 1945 hunc,
790 1910 903 1949 quam
926 1898 1086 1937 inimico
1108 1897 1214 1936 voltu
1239 1894 1443 1936 intuetur?
1476 1897 1637 1936 concedi
1660 1903 1916 1948 optumumst,

249 1966 398 2017 Hegio:
431 1966 474 2004 fit
504 1965 610 2017 quod
642 1966 709 2005 tibi
740 1978 812 2017 ego
845 1966 934 2013 dixi,
966 1965 1093 2017 gliscit
1123 1964 1264 2012 rabies,
1295 1977 1385 2003 cave
1416 1964 1499 2003 tibi.

250 2034 366 2074 ΗΕΘ.
418 2033 570 2073 Credidi
602 2046 686 2073 esse
717 2034 898 2072 insanum
931 2033 1139 2085 extemplo,
1172 2031 1238 2071 ubi
1269 2038 1307 2071 te
1338 2032 1544 2085 appellavit
1574 2032 1813 2085 Tyndarum.

249 2101 387 2141 Tmn.
438 2101 541 2147 Quin
573 2114 685 2141 suom
716 2101 799 2153 ipse
830 2101 1026 2140 interdum
1059 2101 1224 2155 ignorat‘
1245 2112 1390 2139 nomen
1423 2112 1552 2151 neque
1583 2100 1657 2140 soit
1687 2100 1753 2152 qui
1782 2100 1868 2140 siet.
1928 2112 1986 2145 560

248 2170 365 2209 HEG.
415 2170 465 2208 At
494 2169 606 2208 etiam
638 2175 676 2207 te
706 2181 818 2207 suom
849 2168 1021 2207 sodalem
1053 2180 1136 2208 esse
1167 2167 1281 2207 aibat.
1341 2168 1479 2208 Tmo.
1529 2167 1639 2208 Haud
1675 2168 1752 2208 vidi
1783 2171 1918 2220 magis.

364 2338 429 2371 536
453 2335 542 2370 mihi
559 2335 683 2381 priori
707 2336 828 2370 versui
850 2334 1044 2376 ccdlzaeret,·
1067 2335 1119 2378 cf.
1139 2334 1189 2370 ad
1211 2345 1242 2369 v.
1266 2335 1336 2376 94;
1359 2345 1418 2370 res
1441 2335 1490 2369 mi
1515 2333 1674 2370 Brixius
1765 2336 1830 2369 537
1856 2344 1919 2378 pe-

249 2392 330 2428 risti
423 2394 488 2427 538
514 2392 564 2437 cf.
592 2391 670 2428 Cas.
697 2393 797 2433 82&
824 2402 899 2426 rem
925 2391 1140 2426 Redslobius
1234 2394 1298 2426 539
1322 2391 1488 2437 repperio
1524 2389 1583 2425 VE
1672 2393 1738 2426 540
1765 2390 1921 2426 trochai-

250 2459 330 2484 cum
347 2459 424 2484 esse
439 2448 648 2495 suspicatur
664 2447 863 2483 Muellerus
872 2458 977 2494 pros.
995 2450 1085 2490 292,
1109 2448 1202 2493 sort.
1220 2452 1316 2482 recle
1408 2449 1472 2482 543
1498 2457 1605 2492 quam
1628 2449 1669 2482 tu
1694 2445 1783 2483 BO:
1806 2457 1920 2492 quan-

250 2508 326 2540 tum
353 2504 422 2540 VE
511 2508 575 2540 545
602 2504 633 2540 si
652 2507 689 2540 te
707 2504 778 2539 3².-
801 2504 871 2539 iste
899 2504 927 2537 V
932 2503 1039 2546 ιΕΟῙ,
1063 2505 1096 2539 is
1113 2504 1144 2539 si
1161 2507 1197 2540 te
1222 2503 1329 2546 17202,
1354 2503 1384 2539 si
1403 2503 1455 2538 Β2
1546 2506 1610 2538 547
1629 2503 1712 2539 istic
1729 2503 1920 2547 Luclzsius,

251 2562 303 2607 cf.
326 2560 491 2597 Baebius
514 2562 551 2596 in
575 2560 818 2597 Studemundi
837 2560 930 2596 stud.
948 2562 987 2602 2,
1013 2562 1089 2595 329
1210 2561 1331 2596 abitus
1364 2559 1394 2594 V
1396 2559 1432 2595 E
1548 2562 1612 2595 548
1637 2560 1731 2596 istuc
1764 2558 1834 2595 ΥΕ

251 2620 317 2652 550
342 2620 522 2663 sputatur,
546 2628 641 2653 corr.
667 2617 848 2664 Pylades;
875 2628 963 2653 sane
985 2618 1186 2663 insputatio
1211 2617 1260 2652 ad
1281 2616 1574 2663 superstitionem
1598 2621 1750 2662 spectat,
1774 2628 1849 2653 non
1873 2616 1923 2653 ad

251 2675 475 2710 curationem
583 2677 649 2710 554
673 2674 844 2710 desinit
871 2673 900 2710 0
999 2677 1063 2709 555
1090 2674 1145 2709 his
1164 2673 1214 2709 B²
1307 2676 1370 2708 557
1395 2673 1549 2708 intuitur
1573 2672 1773 2716 Bentleius,
1798 2673 1849 2719 cf.
1873 2672 1923 2709 ad

252 2730 387 2766 Bacch.
409 2732 485 2766 668
571 2734 782 2777 optumunst:
798 2730 833 2766 B
926 2733 990 2766 558
1007 2730 1055 2766 sit
1079 2729 1156 2772 VE,
1173 2730 1211 2765 id
1229 2728 1451 2770 Schoellius;
1467 2729 1518 2774 cf.
1538 2729 1659 2765 Herm.
1677 2731 1737 2772 18,
1756 2730 1833 2765 585

254 2790 318 2821 559
345 2787 519 2832 apellauit
543 2787 578 2822 B
683 2790 748 2823 560
774 2787 877 2832 Quia,
903 2798 998 2822 corr.
1026 2787 1215 2822 Pomanus
1330 2788 1391 2820 561
1420 2786 1541 2821 aiebat
1642 2785 1832 2822 haudiuidi
1858 2785 1922 2828 13¹,

253 2843 380 2878 audiui
403 2844 441 2878 di
473 2843 543 2879 VE
