1998 3179
55 82 86 110 11
103 82 129 117 2,
142 81 245 110 31—49
771 75 993 112 EPIDICVS
1630 71 1712 109 353

57 208 123 235 eos
153 194 374 246 captabant.
434 193 473 232 id
503 193 598 233 adeo
630 191 697 244 qui
726 191 892 231 maxime
922 190 1096 229 animum
1126 185 1386 228 advorterim‘?
1726 193 1782 225 215

56 263 267 315 pleraeque
298 274 365 301 eae
395 260 468 301 sub
500 260 740 300 vestimentis
769 271 903 299 secum
933 257 1131 297 habebant
1159 256 1268 296 retia.

56 342 176 381 quom
206 330 252 369 ad
284 335 435 381 portam
466 328 595 374 venio,
625 330 742 379 atque
773 339 845 378 ego
876 326 980 365 illam
1011 325 1065 364 illi
1095 325 1205 364 video
1236 323 1511 376 praestolarier

56 402 95 437 et
123 410 212 437 cum
243 409 288 436 ea
317 396 501 436 tibicinae
531 396 640 435 ibant
670 401 866 446 quattuor.
924 394 1027 434 PER.
1078 393 1259 440 Quicum,
1291 390 1483 443 Epidice‘?

57 464 132 506 ΕΡ.
182 464 284 504 Cum
314 464 377 503 illa
407 476 525 515 quam
555 470 644 503 tuos
673 468 814 515 gnatus
846 474 972 500 annos
1003 460 1148 500 multos
1178 460 1341 507 deamat,
1373 459 1535 511 deperit,

56 532 123 572 ubi
152 532 349 583 fidemque
379 543 542 583 remque
573 542 694 582 seque
724 536 841 581 teque
871 534 1057 581 properat
1086 528 1273 579 perdere3
1728 529 1784 562 220

55 609 98 636 ea
129 597 441 649 praestolabatur
469 596 578 635 illum
608 595 710 647 apud
741 597 905 646 portam.
965 593 1068 634 PER.
1118 592 1240 632 Viden
1272 592 1514 632 veneficam?

53 665 128 705 ΕΡ.
179 664 255 704 Sed
285 664 431 712 vestita,
463 669 607 710 aurata,
639 668 775 701 ornata
807 668 849 702 ut
880 661 1019 713 lepide,
1051 666 1094 700 ut
1124 660 1333 708 concinne,
1365 666 1407 700 ut
1438 674 1549 700 nove.

54 732 157 773 PER.
208 731 310 777 Quid
342 738 423 771 erat
453 729 618 770 induta?
678 742 725 769 an
759 729 934 781 regillam
964 729 1189 768 induculam
1220 740 1269 767 an
1301 727 1591 768 mendiculam?

55 800 129 840 ΕΡ.
180 799 447 851 Inpluviatam,
479 805 523 838 ut
551 799 671 838 istaec
700 797 850 836 faciunt
878 796 1119 836 vestimentis
1150 796 1322 835 nomina.

55 868 157 908 PER.
207 867 296 907 Vtin
320 867 537 919 inpluvium
558 866 693 905 induta
715 863 862 905 fuerit?
921 865 995 904 ΕΡ.
1046 864 1148 910 Quid
1179 864 1280 903 istuc
1310 870 1388 903 tam
1419 864 1594 903 mirabile
1626 862 1783 903 est?225

56 936 164 988 quasi
197 948 278 975 non
310 935 442 975 fundis
474 940 682 974 exornatae
713 934 857 973 multae
889 933 1074 972 incedant
1103 944 1174 984 per
1204 933 1295 971 vias.

57 1010 96 1044 at
123 1004 294 1044 tributus
325 1016 443 1055 quom
475 1003 689 1055 imperatus
720 1008 789 1050 est,
822 1008 969 1053 negant
998 1000 1117 1053 pendi
1148 1001 1268 1052 potis:

58 1071 131 1111 illis
162 1071 305 1123 quibus
335 1071 506 1111 tributus
538 1071 661 1110 maior
691 1070 889 1122 penditur,
921 1069 1040 1121 pendi
1071 1074 1212 1120 potest.

57 1139 148 1191 quid
178 1140 288 1187 istae,
321 1152 418 1190 quae
448 1139 544 1179 vesti
574 1138 787 1189 quotannis
818 1137 978 1176 nomina
1010 1137 1215 1175 inveniunt
1245 1133 1374 1175 nova?

54 1207 228 1246 tunicam
258 1207 404 1254 rallam,
436 1206 607 1245 tunicam
638 1207 814 1258 spissam,
845 1205 1051 1244 linteolum
1083 1204 1303 1251 caesicium‚
1730 1210 1786 1243 230

59 1275 306 1318 indusiatam
337 1275 581 1327 patagiatam,
613 1274 793 1313 caltulam
825 1279 891 1311 aut
922 1272 1174 1317 crocotulam,

56 1343 270 1395 subparum
302 1349 368 1382 aut
397 1341 812 1389 subnimium,1icam,
846 1340 1045 1379 basilicum
1077 1346 1143 1379 aut
1173 1340 1379 1385 exoticum

56 1410 238 1449 cumatile
268 1416 334 1449 aut
362 1410 576 1461 plumatile,
609 1409 785 1449 carinum
818 1414 884 1447 aut
915 1408 1092 1447 cerinum
1124 1430 1179 1436 -—
1208 1419 1344 1458 gerrae
1376 1417 1593 1445 maxumae

169 1546 235 1578 215
249 1542 574 1578 animaduorterint
587 1543 618 1577 A
693 1544 757 1576 217
774 1543 915 1586 portam
933 1540 964 1575 A
975 1539 1021 1574 V:
1046 1544 1190 1585 portum
1207 1537 1282 1574 BE
1343 1541 1407 1573 218
1425 1539 1579 1582 quatuor
1596 1536 1629 1571 P

56 1603 120 1636 219
145 1610 228 1636 cum
251 1600 300 1634 A:
336 1597 493 1644 quomP
593 1601 658 1633 220
693 1597 893 1641 fidemquae
928 1606 1097 1641 remquae
1121 1597 1152 1631 A
1265 1597 1328 1630 221
1368 1593 1567 1629 beneficam
1598 1593 1627 1627 A

57 1659 122 1691 222
147 1658 276 1691 ornata
299 1656 350 1690 Α.·
375 1657 587 1690 ornamenta
610 1653 646 1688 P
736 1656 799 1688 223
826 1652 969 1688 Nonius
995 1653 1068 1687 539
1092 1652 1220 1697 regilla
1244 1672 1286 1676 —
1311 1662 1334 1686 a
1350 1651 1450 1696 regIa
1466 1650 1565 1685 dicta
1584 1662 1646 1683 -:
1671 1658 1719 1683 an

55 1712 216 1757 regillam
242 1711 443 1747 tuniculam
470 1711 631 1746 indulam
653 1709 743 1751 (scil.
771 1720 883 1756 super
914 1708 1124 1744 induculam
1148 1709 1323 1754 scriptam
1356 1713 1436 1741 erat
1464 1706 1638 1745 tunicam)
1671 1715 1718 1739 an

55 1768 296 1804 mendiculam
366 1770 431 1802 224
446 1767 649 1812 inpluviata
665 1768 708 1807 A,
734 1766 877 1802 Nonius
896 1766 969 1800 548
1061 1765 1154 1800 istae
1178 1764 1320 1800 faciunt
1343 1766 1386 1805 A,
1412 1763 1573 1803 Nonius,
1603 1762 1718 1796 istaec

57 1825 208 1860 facimus
233 1828 324 1867 (mus
341 1824 379 1859 in
397 1835 470 1859 ras.
484 1824 548 1865 B2)
565 1823 600 1857 P
689 1825 754 1858 225
769 1823 808 1857 P.
824 1833 893 1857 om.
970 1821 1050 1856 utin
1064 1821 1115 1855 P:
1131 1823 1172 1856 ut
1195 1824 1226 1856 A
1295 1820 1406 1856 fuerit
1430 1821 1479 1855 A:
1505 1818 1574 1854 erit
1597 1817 1632 1853 P

55 1881 100 1916 Ε.
127 1880 302 1916 Botln'us:
333 1881 371 1916 P.
472 1884 547 1916 tam
570 1881 620 1914 A:
653 1891 719 1915 om.
746 1879 781 1914 P
878 1880 942 1912 226
973 1877 1100 1913 eundis
1133 1878 1165 1912 Α
1269 1880 1331 1912 227
1371 1887 1454 1912 cum
1477 1877 1527 1918 A,
1564 1885 1647 1920 qum
1673 1873 1719 1915 B,

56 1938 143 1983 quin
175 1937 208 1972 V
208 1964 217 1979 ,
242 1937 302 1972 cui
327 1936 364 1972 Ε
451 1939 595 1981 potesse
619 1935 655 1970 P
745 1937 809 1970 228
835 1934 981 1970 tributis
998 1935 1029 1970 A
1123 1936 1300 1969 229ψ235
1316 1937 1446 1979 postea
1471 1933 1627 1967 insertos
1644 1940 1720 1966 esse

52 1994 296 2042 probabiliter
322 1993 528 2040 W'aynerus
551 1991 743 2027 contendit.
779 1992 980 2037 praecipue
1009 1991 1199 2035 mirificum
1232 1995 1285 2025 cst
1307 1989 1352 2024 de
1374 1990 1553 2024 matronis
1577 1998 1651 2022 non
1676 1986 1720 2021 de

56 2051 299 2087 meretricibus
332 2049 421 2086 haec
445 2049 516 2085 dic-2·
540 2050 654 2092 (235).
731 2048 780 2092 cf.
805 2047 887 2083 Aul.
915 2048 992 2082 508
1008 2057 1062 2092 sq.
1155 2049 1220 2081 229
1245 2045 1362 2081 uestei
1379 2045 1581 2090 quodannis
1597 2046 1629 2079 A

57 2110 122 2142 230
146 2107 274 2142 rallam
297 2107 341 2148 A,
367 2106 508 2141 Nom'us
533 2106 625 2139 539:
659 2105 788 2140 raliam
814 2104 859 2144 B,
884 2104 977 2139 ralia
1009 2103 1076 2138 VE
1167 2103 1360 2138 caesicium
1384 2102 1427 2145 A,
1458 2101 1602 2136 Nonius
1627 2100 1722 2135 539.-

58 2163 247 2200 caesitium
274 2162 307 2197 P
396 2165 459 2197 231
489 2161 606 2196 Varro
632 2161 654 2195 Z.
680 2162 702 2196 ί.
730 2163 762 2202 5,
788 2161 854 2195 131
878 2170 989 2195 unum
1013 2170 1126 2204 genus
1150 2160 1247 2204 quod
1264 2158 1352 2194 foris
1377 2169 1421 2194 ac
1446 2158 1578 2204 palam,
1603 2157 1719 2202 palla3

57 2220 210 2256 alterum
246 2219 342 2263 quod
364 2218 482 2259 inum,
520 2228 543 2252 a
575 2227 644 2262 quo
668 2217 859 2260 intusium,
895 2216 933 2250 id
963 2216 1060 2260 quod
1088 2216 1140 2251 Pl.
1171 2216 1261 2251 dicit
1281 2214 1507 2251 ‘intusiatam
1537 2226 1568 2250 e.
1597 2225 1632 2259 q.
1662 2209 1721 2254 s.',·

58 2276 200 2312 Nonius
226 2276 300 2310 540
321 2275 503 2310 indusium
531 2293 576 2299 —
604 2273 707 2318 quasi
738 2273 923 2308 intusium.
965 2273 1018 2307 Pl.
1044 2272 1083 2307 in
1107 2269 1364 2308 E.⁴indusiata
1388 2283 1419 2306 e.
1444 2282 1477 2316 q.
1502 2266 1562 2312 s.',
1593 2269 1721 2306 deinde

57 2344 87 2369 s.
110 2333 321 2379 pataqium:
347 2328 548 2366 ‘indusiata
571 2325 781 2375 patagiata'‚
805 2339 878 2374 seq.
903 2340 983 2374 cap.
1007 2340 1035 2363 s.
1061 2329 1250 2365 caltulam:
1279 2327 1454 2364 ‘illusiata
1477 2338 1506 2362 e.
1533 2337 1567 2372 q.
1591 2321 1630 2360 s.'

57 2389 277 2425 indusiatam
300 2389 351 2423 sic
374 2386 459 2429 ΑΡ,
492 2387 544 2431 cf.
562 2386 643 2421 Aul.
673 2387 748 2420 509
841 2385 1012 2429 caltulam
1035 2385 1115 2424 AB,
1146 2385 1290 2421 Nonius
1321 2386 1416 2419 548:
1453 2383 1611 2419 catulam
1646 2379 1722 2424 VE,

59 2445 201 2481 Nonius
234 2445 327 2486 540,
361 2443 536 2480 caltulum
568 2443 748 2477 Varronis
777 2441 855 2477 cod.
993 2445 1074 2477 aut:
1112 2452 1156 2476 ac
1188 2441 1307 2476 Varro
1432 2438 1653 2475 crocotulam
1677 2441 1721 2479 A,

68 2501 200 2545 Varro,
224 2501 367 2536 Nonius
392 2501 484 2535 548:
506 2499 738 2545 proputulam
763 2497 904 2533 Nonius
929 2499 1024 2540 540,
1050 2498 1229 2534 crutulam
1252 2497 1288 2532 P
1389 2499 1454 2531 232
1480 2495 1622 2530 Nonius
1647 2493 1722 2528 540

57 2568 86 2594 s.
102 2568 306 2604 supparum
325 2560 436 2592 totum
450 2556 567 2598 habet,
591 2566 620 2590 s.
633 2555 711 2590 rica
726 2555 840 2590 ricam
852 2565 918 2599 sq.,
943 2566 970 2589 s.
986 2556 1169 2591 exoticam
1182 2554 1216 2589 b.
1234 2565 1268 2589 a.
1283 2564 1314 2589 e.
1390 2562 1586 2597 supparum
1600 2551 1630 2585 A

59 2614 276 2649 subnimium
301 2612 462 2648 Nonius:
485 2613 552 2648 sub
564 2612 710 2647 miniam
727 2610 772 2653 P,
796 2611 1035 2646 subnimniam
1051 2610 1103 2651 A;
1127 2609 1327 2656 explicavit
1340 2608 1563 2644 Brandz'sz'ns
1579 2607 1623 2641 de
1640 2618 1720 2653 asp.

60 2670 122 2705 lat.
147 2671 199 2704 23
224 2669 376 2712 (Om'ons
390 2670 521 2715 journ.
547 2669 597 2713 of
607 2667 738 2714 philol.
762 2668 820 2710 14,
850 2668 918 2710 75).
982 2667 1032 2711 cf.
1051 2671 1204 2712 praeter
1228 2670 1348 2701 celcra
1376 2664 1470 2699 Rucl.
1496 2665 1574 2698 422
1666 2666 1722 2700 est

58 2727 166 2762 ritam
193 2725 334 2761 Nonius
355 2735 384 2759 s,
406 2736 524 2772 supp„
547 2725 627 2760 rica
649 2735 677 2760 s.
708 2724 788 2758 rica
882 2725 946 2758 233
973 2722 1113 2758 Nonius
1131 2723 1203 2757 549
1229 2722 1388 2757 cerinum
1413 2732 1436 2756 a
1458 2731 1563 2756 cerae
1589 2720 1720 2756 colore.

59 2782 113 2818 Pl.
138 2782 177 2817 in
199 2781 240 2816 Ε.
284 2777 486 2826 ‘plumatile
521 2783 585 2816 aut
610 2780 789 2824 cumatile,
814 2780 976 2814 cerinum
1000 2782 1064 2815 aut
1087 2774 1271 2823 gelinum’3
1296 2777 1344 2813 id.
1374 2778 1448 2812 548
1472 2776 1652 2813 cumatilis
1678 2797 1720 2802 —

60 2848 226 2883 agraeco
257 2839 414 2873 tractum
450 2834 634 2882 (κύματα).
667 2837 720 2872 Pl.
753 2836 791 2871 in
821 2835 865 2871 E.
901 2832 1005 2871 ‘cum.
1037 2837 1101 2870 aut
1135 2834 1194 2879 pl?
1228 2834 1338 2869 52¹7ch
1369 2833 1478 2869 Titini
1508 2833 1720 2879 fraqmento

127 2899 252 2927 Plautus
269 2899 292 2927 1.
1408 2892 1449 2924 23
