1998 3179
74 95 121 133 J(
139 99 164 132 1,
179 98 255 129 1—2.
268 98 284 124 4
737 97 1063 132 CISTELLAR-IA
1656 96 1736 134 299

744 235 1047 275 LAMPADIO
1628 235 1691 274 IV
1715 238 1734 274 1

75 314 227 356 Nullam
258 326 329 366 ego
360 327 422 354 me
451 315 591 354 vidisse
623 314 738 352 eredo
770 314 893 364 magis
924 325 1042 352 anum
1073 313 1374 353 excruciabilem

78 394 193 434 quam
222 381 332 420 illaec
363 388 432 429 est,
465 393 563 432 quae
593 380 738 419 dudum
769 381 868 419 fassa
900 387 957 419 est
986 381 1079 419 mihi
1111 393 1263 431 quaene
1294 381 1438 420 infitias
1471 388 1542 421 eat.

77 450 142 490 sed
175 461 306 488 eccam
341 461 446 488 eram
477 449 600 488 video.
660 448 726 487 sed
758 447 850 498 quid
880 448 956 486 hoc
987 455 1065 494 est,
1105 448 1202 487 haec
1233 450 1338 500 quod
1370 449 1516 488 cistella
1548 449 1608 487 hic
1640 449 1738 488 iacet
1750 454 1805 485 655

77 528 165 556 cum
199 514 452 567 crepundiis?
482 528 556 554 nec
586 527 823 565 quemquam
855 515 1064 566 conspicor
1095 515 1212 554 alium
1245 516 1283 554 in
1317 516 1385 554 via.

77 583 303 624 faciundum
335 589 393 623 est
422 583 573 634 puerile
604 581 796 620 officium:
830 581 1129 632 conquiniscam
1160 582 1208 620 ad
1239 582 1429 621 cistulam.

690 681 1117 721 PHANOSTRATA

75 752 176 798 Quid
194 752 286 802 agis,
304 749 544 802 Lampadio?
565 750 705 789 LAMP.
723 749 828 788 Haec
845 749 990 788 cistella
1008 761 1194 788 numnam
1210 749 1304 788 hinc
1321 748 1368 788 ab
1388 749 1502 789 nobis
1519 750 1633 788 domo
1653 748 1738 789 est?

79 832 167 859 nam
198 820 290 859 hinc
321 817 368 857 ab
400 817 500 857 ostio
530 817 723 856 iacentem
753 817 906 856 sustuli.
966 817 1104 857 PHAN.
1156 816 1257 864 Quid
1290 817 1446 855 nuntias

77 900 194 939 super
224 884 330 926 anu?
388 885 528 925 LAMP.
579 884 849 924 Scelestiorem
882 884 920 922 in
955 891 1057 922 terra
1090 884 1235 924 nullam
1267 897 1350 924 esse
1382 884 1554 923 alteram.
1751 890 1807 922 660

76 954 205 994 omnia
236 953 425 992 infitiatur
455 964 498 991 ea
529 964 629 1002 quae
659 952 805 991 dudum
837 951 1014 990 confessa
1046 958 1103 991 est
1133 952 1239 991 mihi.

77 1034 166 1062 nam
197 1020 328 1061 hercle
360 1032 431 1070 ego
462 1016 627 1073 (quam)
656 1018 758 1057 illam
791 1031 907 1057 anum
940 1019 1110 1058 inridere
1142 1031 1202 1057 me
1235 1025 1276 1058 ut
1307 1019 1445 1063 sinam.
1481 1019 1615 1058 satiust
1647 1018 1739 1057 mihi

80 1089 215 1140 quovis
247 1087 363 1126 exitio
394 1087 567 1126 interire.
627 1086 767 1126 PHAN.
820 1086 876 1133 Di,
909 1085 1072 1125 obsecro
1104 1093 1271 1126 vostram
1305 1087 1431 1125 fidem.

73 1156 150 1196 LA.
188 1155 290 1202 Quid
309 1155 403 1194 deos
424 1152 635 1192 obsecras?
673 1154 750 1193 PH.
774 1153 929 1192 Servate
956 1166 1039 1192 nos
1080 1154 1158 1194 LA.
1182 1153 1281 1199 Quid
1301 1152 1386 1192 est?
1417 1154 1494 1192 Pu.
1521 1152 1740 1204 Crepundia

74 1224 169 1263 haec
199 1229 304 1268 sunt,
335 1221 567 1272 quibuscum
598 1226 639 1259 tu
672 1221 838 1259 extulisti
872 1227 1043 1259 nostram
1074 1221 1228 1260 filiolam
1261 1221 1306 1259 ad
1339 1233 1488 1260 necem.
1751 1230 1806 1261 665

75 1291 123 1331 L.
146 1291 301 1329 Sanane
322 1286 390 1327 es?
411 1288 455 1328 P.
478 1287 582 1326 Haec
605 1294 697 1326 sunt
720 1289 910 1339 profecto.
932 1288 979 1327 L.
1004 1287 1173 1339 Pergin?
1194 1289 1239 1328 P.
1262 1288 1366 1328 Haec
1388 1294 1490 1328 sunt.
1514 1288 1559 1327 L.
1585 1288 1623 1326 Si
1648 1287 1737 1326 mihi

79 1359 149 1397 alia
180 1357 320 1396 mulier
350 1356 448 1394 istoc
478 1361 592 1406 pacto
624 1355 737 1401 dicat,
770 1355 895 1394 dicam
927 1367 1011 1394 esse
1043 1355 1201 1394 ebriam.

75 1426 214 1464 PHAN.
232 1425 318 1463 Non
335 1429 487 1462 ecastor
503 1422 595 1461 falsa
613 1434 798 1461 memoro.
820 1422 959 1461 LAMP.
982 1423 1088 1468 Nam,
1108 1423 1284 1469 obsech
1304 1423 1407 1461 unde
1424 1423 1518 1461 haec
1536 1420 1739 1473 gentium?

76 1498 142 1530 aut
173 1491 259 1542 quis
290 1490 383 1530 deus
415 1489 558 1528 obiecit
587 1489 690 1527 hanc
720 1495 810 1528 ante
843 1490 983 1528 ostium
1017 1497 1208 1537 nostrum,
1241 1490 1349 1540 quasi

76 1558 200 1598 dedita
233 1569 362 1610 opera,
394 1557 433 1596 in
465 1562 642 1608 tempore
673 1554 788 1607 ipso?
846 1557 984 1596 me.
1036 1557 1133 1608 Spes
1163 1557 1257 1596 mihi
1288 1563 1419 1596 sancta
1451 1557 1626 1596 subveni.
1753 1568 1809 1599 670

779 1658 1029 1698 HALISCA
1620 1658 1694 1705 IV,
1718 1660 1739 1697 2

77 1726 156 1765 Nisi
179 1726 269 1777 quid
300 1725 352 1763 mi
375 1725 460 1776 opis
491 1724 659 1771 didam,
690 1725 859 1776 disperii,
895 1738 1022 1776 neque
1053 1726 1158 1764 unde
1179 1725 1364 1764 auxilium
1397 1732 1573 1777 expetam
1605 1725 1742 1764 liabeo.

80 1794 209 1844 itaque
240 1792 494 1845 ÷petulantia
524 1804 609 1831 mea
640 1804 701 1831 me
732 1793 850 1832 animi
882 1793 1062 1832 miseram
1095 1793 1222 1832 habet.

278 1872 377 1911 quae
411 1861 449 1899 in
484 1863 637 1912 tergum
669 1864 798 1899 meum
833 1873 882 1899 ne
914 1861 1083 1906 veniant,
1115 1860 1214 1899 male
1246 1859 1425 1904 formido,

188 2007 253 2039 653
278 2015 530 2040 LAMPAmscvs
548 2015 682 2039 SERVVS
700 2015 968 2040 PHANOSTRATA
985 2015 1128 2039 MVLmR
1147 2005 1180 2039 B
1192 2004 1259 2039 ΥΕ
1348 2007 1413 2039 654
1430 2005 1492 2039 illa.
1516 2005 1606 2040 haec
1634 2003 1702 2039 ΥΕ

77 2060 193 2097 fassas
219 2064 274 2096 est
298 2060 429 2095 B¹VE
518 2063 582 2095 656
609 2062 813 2106 conspicior
835 2061 886 2095 B¹
978 2063 1040 2095 657
1067 2061 1204 2106 puerile
1231 2060 1389 2096 officium
1414 2060 1483 2101 ΒΣ,
1509 2060 1650 2095 Nonius
1676 2062 1743 2095 34.-

77 2127 167 2162 puer
180 2116 382 2152 illofficium
396 2117 518 2158 (-tium
543 2116 572 2149 V
575 2116 612 2150 E
616 2120 626 2159 )
718 2117 988 2162 conquiniscam
1006 2121 1157 2152 testatur
1175 2117 1337 2151 Nonius:
1353 2126 1530 2161 quomque
1545 2117 1614 2152 mei
1631 2117 1742 2152 sciam

76 2173 112 2215 (i.
138 2184 167 2208 e.
194 2173 555 2219 quomqueineiscam)
663 2176 727 2208 659
752 2174 871 2208 hostio
906 2172 974 2207 ΥΕ
1085 2176 1147 2207 660
1172 2183 1284 2207 LAMP.
1304 2174 1544 2218 praemittunt
1569 2172 1660 2208 B¹E

78 2239 191 2264 LAMP.
208 2230 279 2264 13²:
302 2230 459 2275 spatium
551 2232 685 2265 terram
704 2227 832 2264 B¹VE
922 2232 985 2264 661
1013 2229 1180 2271 infitiare,
1206 2239 1300 2263 corr.
1319 2228 1410 2263 Pius
1503 2231 1567 2263 662
1592 2229 1745 2274 (quam)

79 2284 283 2332 Seyffertus
300 2286 392 2321 stud.
420 2286 475 2321 Pl.
492 2288 540 2321 17
560 2285 702 2332 (Amph.
721 2287 818 2321 1017
841 2285 976 2320 Bacch.
997 2286 1067 2319 512
1094 2285 1170 2321 Cas.
1192 2286 1267 2327 111)
1336 2285 1493 2320 inredire
1511 2284 1545 2319 B
1553 2287 1562 2306 ¹
1632 2286 1745 2321 satius

83 2344 138 2377 est
229 2345 293 2378 664
310 2353 376 2378 uos
447 2343 622 2387 crepudia
648 2341 715 2376 VE
804 2344 868 2376 665
887 2341 1017 2386 quibus
1036 2344 1146 2376 contu
1172 2340 1239 2376 ΥΕ
1304 2341 1417 2377 filiola
1434 2341 1486 2376 Βι
1579 2343 1643 2376 666
1659 2351 1744 2386 pro·

80 2398 203 2442 phetio
234 2398 365 2434 B¹VE
453 2399 628 2444 pergehin
655 2397 784 2433 B¹VE
871 2409 956 2432 PHA.
991 2397 1062 2431 B'2:
1093 2397 1146 2431 in
1189 2396 1272 2439 ΥΕ,
1305 2412 1320 2428 s<
1339 2412 1354 2427 ιε
1380 2397 1426 2432 Βι
1518 2407 1551 2432 L.
1585 2408 1650 2431 om.

83 2455 144 2489 667
163 2454 212 2489 ist
227 2455 297 2489 hoc
315 2454 397 2496 BE,
421 2455 491 2490 iest
506 2456 576 2490 hoo
603 2454 633 2489 V
725 2457 789 2489 668
811 2465 922 2488 LAMP.
936 2454 1143 2499 praemittit
1162 2453 1222 2494 ΒΞ,
1240 2464 1424 2499 personas
1442 2464 1511 2488 om.
1529 2452 1658 2488 B¹VE

78 2508 173 2545 falsa.
193 2510 440 2547 Camerarius:
455 2522 474 2546 e
492 2511 545 2546 ais
563 2522 585 2546 a
611 2510 689 2552 VE,
714 2511 768 2545 ais
784 2510 867 2545 ham
888 2510 947 2551 3¹,
966 2512 1047 2545 ham
1071 2510 1116 2544 3⁴2
1208 2520 1242 2544 L.
1271 2509 1482 2555 Vssinqe'us:
1499 2510 1654 2554 spatium

82 2576 123 2602 ec
141 2566 191 2600 Βι
283 2569 347 2603 669
365 2578 412 2603 an
429 2567 633 2613 Seyffertus
721 2567 877 2602 hostium
904 2565 972 2600 ΥΕ
1062 2569 1126 2600 670
1145 2577 1205 2600 PH.
1226 2565 1296 2599 B2:
1321 2566 1476 2610 spatium
1565 2566 1745 2609 subuenit,

81 2632 173 2657 corr.
204 2622 402 2670 Scioppius
585 2626 645 2657 671
674 2633 831 2658 HALISCA
855 2632 1013 2657 Ancum
1044 2631 1296 2656 mmmmscvs
1321 2631 1457 2656 SERVVS
1480 2631 1746 2657 PHANOSTRATA

81 2688 221 2714 uvnnm
247 2679 359 2714 ΒΥΕ
447 2690 532 2724 opes
557 2678 689 2714 B¹VE
777 2679 862 2714 dent
887 2678 938 2712 B²
1030 2689 1145 2722 neque
1170 2679 1222 2713 bis
1250 2676 1319 2711 ΥΕ
1407 2677 1534 2712 auxilii
1558 2682 1747 2723 expectem

89 2732 160 2768 ΥΕ
246 2736 360 2781 (ego)
383 2736 500 2771 habeo
524 2734 744 2770 Rus-oscelius
837 2737 901 2769 672
934 2733 1011 2778 <et>
1039 2733 1240 2777 petulantia
1265 2732 1488 2774 Seleoellz'zm,
1520 2734 1684 2771 desidero
1711 2740 1747 2772 et

83 2789 248 2826 stultitia.
296 2792 334 2826 in
362 2793 436 2837 fine
467 2792 559 2827 idem
591 2791 815 2826 intercidisse
846 2790 996 2825 coniecit
1030 2789 1124 2824 velut
1149 2792 1185 2823 et
1213 2789 1375 2833 nequitia
1406 2790 1521 2833 angit,
1552 2792 1598 2830 cf.
1625 2802 1655 2826 v.
1677 2794 1746 2827 673

82 2846 232 2882 ueniant
312 2850 376 2882 673
393 2848 572 2893 integrum
598 2846 667 2882 ΥΕ
744 2847 869 2881 ueniat
886 2859 903 2882 ς
985 2845 1116 2880 formid
1132 2860 1147 2875 ιε
1168 2845 1229 2885 31,
1247 2845 1401 2881 formida
1428 2845 1496 2880 ΥΕ
