1998 3179
78 90 107 117 V
126 91 152 123 1,
165 90 248 118 4-—24
792 86 1017 123 EPIDIOVS
1657 83 1680 120 3
1686 83 1708 119 7
1716 84 1735 119 1

771 223 1037 264 EPIDICVS

81 291 120 331 Si
154 291 336 331 undecim
366 291 461 331 deos
490 298 647 343 praeter
675 302 760 331 sese
790 303 922 331 secum
953 290 1118 329 adducat
1148 289 1337 341 Iuppiter,
1746 295 1804 329 610

79 359 131 397 ita
161 371 242 397 non
275 370 412 398 omnes
442 370 489 397 ex
520 359 694 398 cruciatu
724 364 913 410 poterunt
943 357 1112 397 eximere
1141 356 1362 408 Epidicum.

79 425 339 477 Periphanem
371 438 502 465 emere
531 426 614 465 lora
644 425 732 472 vidi,
764 424 818 464 ibi
848 425 980 464 aderat
1008 436 1087 462 una
1117 422 1353 475 Apoecides;

78 504 188 532 nunc
216 492 397 532 homines
427 506 489 532 me
521 493 739 544 quaeritare
770 492 902 531 credo.
943 496 1165 537 senserunt,
1196 490 1328 529 sciunt

9 580 12 581 ⁷
78 559 151 599 sibi
168 559 253 599 data
271 572 355 599 esse
370 560 500 600 verba.
559 561 655 600 STR.
688 559 791 605 Quid
806 559 900 610 agis,
922 570 1009 597 mea
1026 555 1310 596 commoditas?
1368 556 1443 596 ΕΡ.
1475 555 1588 601 Quod
1605 555 1734 594 miser.

77 627 173 667 Sem.
225 625 325 672 Quid
356 633 413 666 est
442 625 543 666 tibi?
600 627 676 666 ΕΡ.
727 626 830 672 Quin
862 631 905 665 tu
936 625 988 664 mi
1018 625 1186 664 adornas
1217 624 1262 662 ad
1293 624 1423 675 sugam
1456 623 1651 671 viaticum,
1747 634 1804 666 615

76 694 189 745 prius
221 705 336 745 quam
367 692 518 746 pereo?
577 706 667 732 nam
698 705 771 745 per
801 692 939 733 urbem
970 693 1047 731 duo
1079 691 1282 731 defloccati
1313 703 1428 730 senes

81 761 303 812 quaeritant
332 772 408 808 me,
439 760 479 800 in
512 760 694 800 manibus
722 766 878 811 gestant
907 759 1069 811 copulas
1099 771 1231 798 secum
1263 758 1390 797 simul.

77 828 173 867 STR.
209 827 318 866 Habe
339 827 489 867 bonum
511 828 697 867 animum.
728 827 804 867 ΕΡ.
826 826 979 878 Quippe
1004 838 1077 878 ego
1099 826 1192 877 quoi
1216 825 1377 864 libertas
1393 826 1432 864 in
1456 825 1601 864 mundo
1618 825 1738 865 sitast.

77 895 174 936 STR.
224 895 306 947 Ego
337 901 376 934 te
406 894 580 934 servabo.
640 895 714 935 ΕΡ.
765 893 915 946 Edepol
946 905 1007 932 me
1037 893 1091 932 illi
1122 893 1273 940 melius,
1305 893 1336 933 si
1369 893 1472 932 nacti
1503 894 1627 932 fuant.

76 963 144 1002 sed
174 963 262 1014 quis
292 963 386 1002 haec
417 965 474 1002 est
503 962 732 1002 muliercula
763 969 802 1001 et
831 961 895 1000 ille
925 960 1174 1013 gravastellus
1205 961 1272 1012 qui
1301 959 1436 999 venit?
1749 969 1806 1002 620

77 1030 172 1070 STR.
205 1030 277 1069 Hic
288 1036 347 1069 est
362 1030 524 1077 danista,
542 1030 710 1069 haecilla
726 1036 785 1069 est
795 1035 935 1073 autem,
955 1040 1071 1079 quam
1084 1028 1159 1067 emi
1175 1028 1220 1067 de
1232 1027 1386 1080 praeda.
1407 1027 1483 1068 ΕΡ.
1500 1027 1737 1068 Haecinest?

75 1097 173 1138 STR.
224 1097 328 1136 Haec
359 1104 429 1137 est.
490 1103 600 1137 estne
631 1097 681 1136 ita
714 1103 757 1136 ut
786 1096 856 1136 tibi
888 1094 994 1135 dixi?
1025 1102 1178 1148 aspecta
1209 1102 1248 1134 et
1278 1096 1522 1147 contempla,
1554 1095 1734 1148 Epidice:

77 1177 202 1216 usque
233 1164 281 1203 ab
313 1164 527 1216 unguiculo
558 1164 604 1203 ad
637 1165 820 1216 capillum
851 1170 1086 1203 summumst
1118 1162 1386 1202 festivissuma.

77 1239 188 1271 estne
219 1232 433 1271 consimilis
464 1232 575 1283 quasi
607 1244 696 1270 cum
728 1231 884 1282 signum
916 1231 1063 1282 pictum
1095 1230 1259 1282 pulchre
1289 1229 1513 1281 aspexeris?

77 1300 153 1340 ΕΡ.
184 1299 241 1338 Ex
273 1299 349 1339 tuis
380 1298 508 1338 verbis
538 1311 667 1338 meum
700 1299 876 1337 futurum
909 1298 1058 1337 corium
1090 1298 1300 1349 pulchrum
1330 1298 1541 1349 praedicas,
1747 1296 1804 1329 625

77 1370 192 1418 quem
225 1367 358 1418 Apella
389 1372 504 1417 atque
535 1365 672 1405 Zeuxis
703 1365 780 1404 duo
813 1365 977 1417 pingent
1007 1365 1219 1416 pigmentis
1250 1365 1401 1404 ulmeis.

77 1435 174 1474 STR.
225 1435 270 1473 Di
301 1433 552 1479 immortales,
583 1433 681 1472 sicin
712 1432 804 1472 iussi
835 1433 882 1471 ad
914 1444 974 1470 mc
1005 1431 1112 1471 ires?
1171 1431 1337 1483 pedibus
1366 1441 1389 1472 ÷
1424 1432 1634 1483 pulmunes

76 1502 142 1553 qui
173 1501 405 1553 perhibetur
434 1500 544 1552 prius
575 1500 745 1540 venisset
775 1511 890 1550 quam
921 1506 964 1538 tu
995 1499 1183 1539 advenisti
1215 1499 1322 1537 mihi.

778 1589 1034 1629 DANISTA

75 1658 181 1698 Haec
211 1658 350 1710 edepol
380 1663 572 1696 remorata
603 1656 692 1695 med
723 1662 795 1695 est.
854 1656 949 1696 STR.
1001 1656 1200 1708 Siquidem
1232 1656 1342 1696 istius
1373 1657 1493 1709 gratia

76 1726 114 1765 id
144 1724 375 1765 remoratu’s
407 1724 511 1776 quod
543 1724 613 1763 ista
644 1723 777 1769 voluit,
809 1724 974 1764 nimium
1005 1724 1192 1764 advenisti
1224 1724 1314 1763 cito.
1748 1725 1806 1757 630

189 1838 254 1871 612
279 1834 504 1881 periphanen
528 1833 596 1870 ΑΡ
630 1829 634 1833 ’
662 1835 791 1870 aderat
819 1834 871 1869 ibi
896 1834 928 1868 P
1019 1837 1085 1868 614
1109 1834 1214 1879 agitis
1239 1838 1270 1869 A
1363 1837 1426 1869 615
1453 1835 1499 1870 ad
1525 1846 1591 1870 om.
1617 1838 1648 1870 A

74 1896 138 1928 616
161 1896 246 1938 post
271 1894 334 1926 617
353 1891 387 1926 P
499 1894 564 1927 616
589 1901 701 1933 senex
716 1892 759 1932 A,
785 1890 880 1926 senis
900 1889 973 1924 BE
1086 1894 1149 1926 617
1175 1894 1211 1926 te
1227 1892 1259 1926 A
1373 1890 1478 1926 simul
1502 1891 1550 1924 A:
1575 1890 1668 1925 sIaui
1692 1889 1739 1931 B,

73 1950 179 1985 suani
193 1947 253 1985 EI
341 1950 404 1983 618
423 1948 572 1983 bonum:
590 1957 675 1982 num
688 1950 720 1982 A
812 1950 876 1982 619
889 1947 988 1982 nacti
1002 1946 1066 1987 AI,
1084 1947 1226 1983 nanctis
1240 1946 1276 1982 B
1293 1950 1412 1989 (erasa
1428 1950 1457 1989 5)
1473 1945 1507 1980 E'
1596 1948 1661 1980 620
1676 1946 1739 1981 sed

73 2004 200 2040 AIB2:
216 2003 335 2046 5εΒ1,
361 2004 391 2038 si
408 2002 446 2037 E
533 2003 774 2047 grauastellus
790 2002 834 2045 P,
860 2002 999 2038 Paulus
1018 2004 1082 2037 96:
1105 2003 1314 2047 ranistellus
1340 2005 1383 2045 A,
1407 2002 1547 2038 Paulas
1569 2003 1664 2042 2713,-
1688 2003 1739 2047 cf.

74 2072 174 2107 corp.
188 2060 298 2107 qloss.
314 2061 351 2100 2,
367 2060 426 2103 35,
439 2060 486 2094 19
578 2060 638 2103 qui
652 2060 694 2100 A,
710 2059 848 2094 Paulus
860 2060 930 2094 bis:
947 2070 1016 2103 que
1029 2058 1064 2093 P
1129 2061 1280 2095 aduenit
1296 2059 1435 2094 Paulus
1451 2060 1500 2094 96
1592 2061 1651 2092 621
1671 2059 1739 2094 emi

74 2128 119 2153 ex
137 2116 180 2161 P,
203 2127 268 2160 ego
294 2116 362 2151 emi
386 2116 431 2151 de
447 2117 490 2159 A,
515 2115 564 2160 cf.
582 2114 810 2150 Abrahamus
832 2114 925 2150 stud.
952 2114 1008 2149 Pl.
1034 2116 1110 2150 201
1134 2117 1197 2161 (cf.
1223 2128 1254 2152 v.
1283 2117 1372 2158 608)
1466 2118 1530 2150 622
1555 2114 1739 2150 116111ηεί-

75 2174 191 2209 lerus:
215 2173 287 2208 ista
310 2174 353 2214 A,
378 2183 445 2206 om.
473 2171 508 2206 P
596 2175 633 2206 et
656 2174 705 2206 A:
728 2173 819 2206 haec
845 2171 878 2205 P
969 2173 1033 2206 623
1059 2172 1193 2216 ungulo
1210 2174 1253 2213 A,
1279 2173 1410 2216 angulo
1437 2171 1461 2206 I
1548 2171 1737 2206 festinisti-

73 2229 223 2264 uissima
246 2230 290 2270 A,
315 2228 411 2263 festu
436 2228 585 2263 uissima
612 2227 672 2269 B2,
699 2227 816 2262 *festu
841 2227 916 2262 uis*
947 2227 1007 2270 135
1032 2231 1088 2263 est
1112 2232 1167 2264 est
1187 2230 1228 2263 tu
1245 2229 1323 2263 uise
1340 2227 1373 2271 I,
1398 2229 1587 2263 stestffliss
1615 2227 1650 2261 E

74 2288 140 2320 624
164 2287 266 2320 estne
289 2283 379 2326 (ΑΡ)
404 2284 452 2329 cfi
479 2283 539 2319 ad.
560 2283 667 2318 Poen.
686 2284 787 2318 1238
879 2284 1074 2319 consimilis
1096 2286 1145 2319 A:
1170 2285 1360 2319 considera
1385 2284 1431 2328 B,
1457 2294 1542 2319 cons
1567 2295 1620 2329 sq.
1643 2289 1737 2330 spat.

77 2342 178 2377 Vlitt.
205 2339 251 2382 E,
276 2340 445 2385 conspice
470 2338 495 2373 I
583 2340 686 2384 quasi
712 2350 793 2375 cum
809 2340 860 2374 A:
884 2350 952 2374 om.
980 2339 1014 2374 P
1033 2341 1168 2386 (spatio
1192 2340 1318 2376 relicto
1344 2339 1392 2382 B>
1485 2341 1669 2385 aspexeris
1687 2341 1737 2375 Α.·

71 2397 203 2433 videris
227 2396 263 2430 P
353 2398 418 2431 625
444 2406 488 2431 ex
514 2395 564 2429 P:
587 2407 607 2431 e
631 2398 662 2430 A
754 2397 847 2430 inter
869 2395 1087 2440 pul[ch]rum
1111 2401 1145 2431 et
1167 2397 1399 2442 prae[di]ea[s
1426 2397 1479 2432 vel
1502 2397 1660 2442 spatium
1684 2396 1740 2432 vel

73 2454 167 2489 duae
191 2453 255 2488 litt.
280 2457 320 2487 ut
344 2455 391 2496 et,
418 2452 463 2496 ei,
488 2455 532 2495 st,
557 2452 588 2486 si
611 2453 643 2486 A
736 2454 913 2487 626-637
941 2463 1131 2498 perpauca
1157 2452 1327 2498 leqzmtur
1350 2453 1386 2486 in
1405 2454 1435 2486 A
1528 2454 1595 2487 626
1619 2453 1738 2496 apella

74 2531 116 2535 -—
132 2511 164 2545 A
171 2522 184 2544 :
206 2509 367 2555 appelles
392 2507 427 2542 P
513 2508 664 2553 pincent:
686 2507 770 2550 BE,
795 2508 941 2553 pinsent
966 2506 999 2551 I,
1021 2510 1052 2543 A
1069 2519 1103 2542 n.
1123 2508 1145 2542 l.
1239 2507 1431 2552 pigmentis
1456 2508 1606 2553 pingent
1632 2508 1736 2544 Goel-

71 2567 152 2602 zius
234 2564 400 2610 u]l[11,1eis]
424 2564 530 2599 AB2:
554 2563 673 2599 ulmiis
694 2563 736 2608 Ε,
760 2564 865 2599 11111115
883 2562 963 2598 B¹I
1050 2567 1112 2598 627
1140 2564 1232 2599 nihil
1247 2565 1285 2599 in
1301 2565 1333 2598 A
1425 2565 1459 2598 d.
1478 2565 1501 2599 i.
1528 2565 1602 2600 scio
1625 2565 1736 2606 (socio

73 2620 148 2665 EI)
171 2621 261 2657 iussi
284 2620 440 2656 admirer
456 2619 501 2664 P,
526 2631 621 2656 corr.
647 2619 805 2655 Brixius
829 2620 906 2665 (qui
926 2620 1074 2666 scripsit
1096 2620 1182 2663 ire);
1207 2621 1295 2662 scio,
1321 2621 1352 2656 si
1375 2621 1508 2656 iussem
1533 2621 1580 2656 ad
1603 2630 1660 2655 me
1683 2620 1737 2656 ire

72 2676 358 2722 Rauterberqius
382 2687 441 2721 qu.
460 2675 516 2711 Pe.
535 2677 576 2711 11
668 2676 856 2721 pulmones
875 2675 918 2716 I,·
940 2676 1117 2721 plumbeis
1138 2677 1296 2712 Brixius
1319 2677 1384 2721 (cf.
1411 2676 1565 2711 Weisz'us
1589 2676 1662 2712 leoe.
1679 2675 1736 2711 Pl.

70 2744 108 2780 p.
133 2733 217 2775 533)
240 2732 498 2778 probabiliter,
533 2733 616 2768 licet
645 2732 781 2772 fabella
814 2743 885 2766 non
910 2732 1125 2767 inveniatur.
1175 2731 1220 2767 cf.
1254 2730 1458 2774 σκιάποδες
1483 2729 1736 2776 ἓμαντόποδες

73 2786 307 2836 φελλόποὸες
343 2785 582 2835 ψηττόποδες
617 2792 683 2824 ecc.
798 2790 863 2822 628
895 2787 956 2832 qui
985 2786 1074 2822 AB:
1111 2789 1207 2832 quod
1239 2787 1300 2823 EI
1412 2787 1583 2830 uen[is]se
1614 2791 1645 2823 A

75 2848 140 2880 629
163 2845 245 2880 med
269 2844 323 2879 B:
346 2844 488 2880 inedem
513 2844 558 2887 E,
582 2855 638 2879 me
663 2843 688 2879 Ι
799 2846 863 2879 630
887 2844 925 2878 id
948 2854 1038 2879 re—
1062 2844 1094 2878 A
1119 2853 1198 2878 oum
1223 2843 1258 2878 P
1375 2844 1542 2890 2'raetelleqe
1559 2840 1615 2879 ‘id
1639 2844 1738 2890 quod

1396 2902 1465 2935 24*
