1998 3179
55 72 99 100 111
111 72 139 106 3,
157 71 235 104 9-5,
252 72 270 100 8
743 67 906 103 AVLVL
912 67 1027 102 ARIA
1630 68 1650 103 1
1659 68 1679 103 1
1689 68 1708 104 1

58 191 214 226 coctum
246 196 330 236 ego,
362 196 442 224 non
473 183 707 235 vapulatum,
738 182 883 221 dudum
914 181 1132 221 conductus
1162 181 1231 220 fui.

55 255 186 296 EVCL.
233 253 338 304 Lege
367 252 468 303 agito
499 262 667 290 mecum.
717 249 902 289 molestus
933 261 982 288 ne
1013 248 1077 288 sis.
1127 248 1139 288 i
1169 254 1208 288 et
1237 261 1373 289 cenam
1405 261 1542 301 coque,

58 328 124 361 aut
152 321 213 360 abi
244 321 284 360 in
315 320 455 359 malum
488 317 703 357 cruciatum
734 315 781 356 ab
811 316 984 355 aedibus.
1043 315 1176 357 Com.
1224 315 1297 355 Abi
1327 322 1370 356 tu
1399 318 1528 357 modo.
1559 341 1613 346 —

1597 395 1664 435 III
1684 398 1710 436 4

56 456 188 498 Evcn.
238 454 320 494 Illic
350 453 442 492 hinc
472 452 577 491 abiit.
627 450 665 490 di
694 451 945 498 immortales,
977 451 1127 490 facinus
1157 450 1281 490 audax
1310 451 1449 504 incipit
1723 463 1782 495 460

59 524 125 575 qui
155 535 245 562 cum
276 520 464 573 opulento
494 530 645 570 pauper
674 518 832 557 homine
863 518 993 568 coepit
1022 530 1105 556 rem
1136 517 1281 558 habere
1312 525 1378 558 aut
1408 519 1621 571 negotium.
1651 528 1676 560 -ι-

57 590 173 630 veluti
203 588 436 639 Megadorus
464 591 628 637 temptat
656 597 719 624 me
750 585 932 624 omnibus
962 585 1147 623 miserum
1177 585 1316 633 modis,

58 657 124 708 qui
153 655 346 697 simulavit
375 653 451 692 mei
481 653 644 691 honoris
673 652 826 691 mittete
856 652 934 691 huc
964 664 1077 691 causa
1109 664 1277 703 coquos:

56 725 89 764 is
118 736 162 763 ea
191 735 307 763 causa
336 720 452 769 misit,
482 719 558 759 hoc
589 719 655 771 qui
684 719 930 771 surriperent
958 719 1101 758 misero
1131 719 1240 758 mihi.

56 791 251 843 condigne
283 789 397 829 etiam
426 799 538 826 meus
567 787 656 826 med
686 787 792 826 intus
821 787 943 838 gallus
973 785 1215 838 gallinacius,
1725 800 1782 831 465

56 859 123 910 qui
153 860 235 898 erat
264 869 342 896 anu
371 855 591 908 peculiaris,
621 854 789 907 perdidit
817 853 1080 906 paenissume.

57 926 126 966 ubi
156 931 238 965 erat
268 925 363 964 haec
393 922 556 970 defossa,
589 922 742 974 occepit
770 921 823 960 ibi
854 921 1091 972 scalpurrire
1122 921 1280 973 ungulis

57 994 180 1034 cirum
212 992 328 1032 eirca.
379 990 470 1042 quid
502 995 619 1042 opust
648 987 805 1028 verbis?
837 989 886 1027 ita
917 989 1010 1027 mihi
1040 995 1176 1040 pectus
1206 990 1402 1041 peracuit:

57 1060 168 1113 capio
199 1060 354 1106 fustem,
384 1058 579 1097 obtrunco
609 1056 766 1108 gallum,
796 1057 921 1095 furem
952 1057 1286 1096 manufestarium.

56 1128 172 1168 credo
205 1125 343 1178 edepol
373 1137 445 1176 ego
476 1125 531 1164 illi
560 1125 780 1164 mercedem
811 1124 911 1175 gallo
942 1124 1136 1175 pollicitos
1167 1137 1330 1176 coquos,
1726 1136 1783 1167 470

55 1196 87 1236 si
116 1195 154 1234 id
184 1194 310 1246 palam
340 1193 508 1233 fecisset.
558 1192 683 1231 exemi
714 1204 760 1230 ex
789 1203 908 1230 manu
937 1201 962 1232 -1-
992 1191 1256 1232 manubrium.

57 1259 164 1318 [quid
195 1267 313 1313 opust
341 1258 494 1300 verbis?
524 1260 624 1299 facta
655 1265 714 1300 est
742 1271 874 1311 pugna
904 1259 944 1297 in
975 1259 1075 1310 gallo
1107 1257 1341 1315 gallinacio.]

55 1329 124 1369 sed
154 1328 387 1380 Megadorus
415 1340 527 1367 meus
556 1327 684 1367 affinis
712 1339 847 1366 eccum
878 1325 1024 1365 incedit
1053 1338 1072 1364 a
1105 1327 1204 1367 foro.

55 1397 130 1436 iam
160 1396 266 1436 hunc
298 1408 379 1434 non
410 1394 533 1434 ausim
562 1394 789 1446 praeterire,
822 1393 916 1444 quin
947 1394 1156 1433 consistam
1189 1401 1227 1434 et
1256 1395 1485 1446 conloquar.

690 1483 1051 1525 MEGADORVS
1601 1484 1668 1525 ΠΙ
1690 1487 1714 1525 5

140 1552 299 1593 Narravi
330 1552 463 1592 amicis
493 1551 624 1591 multis
655 1551 862 1591 consilium
894 1564 1024 1591 meum
1728 1562 1785 1593 475

139 1622 186 1660 de
219 1620 452 1660 condicione
482 1620 566 1658 hac.
616 1619 816 1658 Euclionis
847 1619 961 1658 tiliam

139 1687 311 1727 laudant.
360 1688 557 1739 sapienter
588 1688 730 1726 factum
764 1693 801 1725 et
830 1687 994 1726 consilio
1026 1687 1145 1726 bono.

141 1768 230 1795 nam
260 1768 348 1795 meo
380 1755 537 1806 quidem
569 1755 699 1793 animo
731 1757 762 1793 si
793 1755 894 1793 idem
925 1755 1067 1793 saciant
1096 1754 1215 1793 ceteri

141 1823 420 1875 opulentiores,
450 1822 728 1874 pauperiorum
758 1823 854 1861 filias

139 1897 183 1929 ut
213 1890 406 1929 indotatas
436 1890 582 1929 ducant
612 1902 754 1929 uxores
784 1890 954 1935 domum,
1727 1898 1786 1931 480

140 1965 178 1997 et
206 1957 329 1997 multo
361 1958 427 1996 fiat
456 1957 587 1996 civitas
617 1957 862 2005 concordior,

142 2031 180 2065 et
208 2024 352 2064 invidia
384 2038 455 2064 nos
485 2025 638 2063 minore
671 2031 824 2064 utamur
854 2036 969 2075 quam
1001 2024 1159 2071 utimur,

170 2147 231 2179 457
259 2154 324 2188 ego
349 2144 464 2188 (huc)
488 2143 686 2180 Muellerus
813 2148 876 2180 458
901 2145 914 2179 i
939 2147 974 2179 et
1002 2144 1054 2179 B:
1078 2147 1114 2180 et
1138 2143 1224 2185 DV,
1248 2143 1282 2179 ei
1311 2144 1486 2187 Brixius;
1509 2144 1647 2180 Donati
1670 2146 1719 2181 ad

56 2200 204 2236 Phorm.
231 2203 264 2245 5,
291 2202 326 2243 8,
354 2202 396 2236 91
424 2200 645 2236 Oxoniensis
670 2206 806 2236 tantum
823 2202 900 2246 lege
925 2201 1020 2246 agito
1128 2204 1194 2235 459
1222 2201 1259 2236 Ο.
1279 2212 1316 2237 ς.·
1339 2212 1406 2236 om.
1515 2204 1580 2236 460
1604 2213 1718 2238 novae

55 2268 208 2293 scaenae
231 2258 444 2304 inscriptum
469 2269 585 2292 snussx
608 2268 741 2293 Evcmo
759 2257 835 2293 BV
948 2259 1130 2294 immortes
1158 2257 1226 2292 BD
1237 2257 1283 2292 V¹
1390 2260 1454 2294 461
1480 2259 1622 2294 homine
1647 2259 1717 2294 del.

56 2314 208 2356 Aldina,
240 2314 361 2360 coepit
388 2314 457 2349 del.
483 2313 655 2349 Goeczc‘us
684 2319 875 2361 praeterea
906 2315 1094 2360 correpens
1123 2315 1252 2359 habet3
1281 2315 1345 2350 secl
1364 2316 1457 2360 fort.
1482 2315 1611 2360 incipit
1633 2316 1715 2351 sub-

57 2371 284 2407 audiendum.
341 2371 374 2406 .ςί
402 2371 522 2406 deleas
552 2371 705 2414 habere,
741 2372 958 2406 constructio
989 2371 1119 2406 evadat
1150 2371 1269 2417 qualis
1299 2370 1412 2407 Mero.
1446 2372 1518 2406 533
1548 2372 1719 2413 (Brixius

57 2439 117 2474 ap.
142 2427 393 2471 Niemeyerum
415 2431 460 2462 st.
485 2427 542 2462 Pl.
566 2429 624 2470 13)
745 2430 810 2462 462
835 2428 936 2463 uelut
1057 2438 1113 2463 me
1136 2427 1341 2463 inomnibus
1374 2427 1408 2463 V
1524 2431 1588 2462 463
1613 2428 1718 2463 simul

57 2487 121 2519 aut
143 2483 213 2519 mei
237 2482 290 2518 B¹
407 2483 476 2518 mei
500 2484 585 2529 (se)
610 2483 769 2528 Remus,
794 2484 843 2529 cf.
871 2483 1075 2530 Seyfferlus
1099 2484 1198 2519 Berl.
1218 2483 1313 2530 plec'l,
1338 2483 1578 2519 moclzensclzr.
1603 2486 1717 2527 1890,

59 2541 135 2575 309
227 2542 291 2574 465
316 2549 372 2574 me
464 2541 528 2574 466
553 2540 639 2574 anui
668 2540 862 2584 pecullaris
954 2540 1159 2585 penussime
1187 2540 1219 2574 B
1311 2542 1374 2574 467
1400 2540 1550 2584 ungulas
1576 2541 1628 2575 B¹

58 2600 124 2631 470
142 2606 247 2632 cocos
340 2598 400 2630 471
419 2595 509 2641 fort.
523 2596 789 2640 manupretium
881 2599 946 2631 472
964 2596 1023 2630 del
1049 2596 1215 2637 Guietus;
1226 2595 1430 2641 parallelus
1443 2600 1495 2630 est
1508 2607 1536 2631 v.
1552 2596 1629 2631 468

59 2663 150 2698 opus
179 2654 234 2687 est
370 2652 568 2696 gallinaceo
707 2655 772 2686 473
797 2653 1009 2697 magodorus
1034 2652 1068 2687 D
1205 2655 1269 2686 475
1296 2652 1538 2688 MEGADORVS.
1584 2662 1716 2690 Evcmo

59 2719 166 2744 smus
183 2718 257 2744 nvo
277 2707 352 2743 BV
442 2712 505 2742 477
530 2708 747 2754 imperfecta
764 2710 940 2743 sentencia
966 2709 1049 2743 talis
1073 2709 1155 2744 olim
1179 2708 1315 2754 suerit.-
1339 2708 1501 2752 laudant,
1526 2708 1720 2754 <mirantur

59 2765 154 2810 quod
186 2764 264 2799 sine
300 2763 384 2800 dote
415 2764 589 2800 duxerim.
620 2766 623 2808 Ι
652 2765 714 2799 sed
744 2765 831 2810 hoe>
861 2765 1044 2810 sapienter
1182 2767 1246 2800 482
1278 2775 1344 2801 nos
1375 2764 1512 2800 minore
1543 2763 1722 2811 Pylades:

60 2821 196 2856 minore
221 2831 287 2856 nos
