1998 3179
68 83 112 111 111
124 83 151 117 2,
169 83 264 116 ae—3‚
283 84 300 112 2
775 81 1008 118 ASINARIA
1671 84 1722 121 75

66 195 133 235 ubi
162 207 331 248 prensus
360 195 401 235 in
432 196 536 235 furto
567 196 642 235 sies
672 196 879 236 manifesto
910 203 948 235 et
976 195 1217 242 verberatus,

67 259 147 316 [ubi
177 262 401 315 periuraris,
432 263 498 303 ubi
529 275 637 303 sacro
670 276 809 304 manus
839 264 890 304 sis
920 261 1153 319 admolitus,]
1735 278 1792 310 570

67 330 131 369 ubi
163 330 239 370 eris
268 329 421 379 damno,
452 330 650 370 molestiae
682 337 720 370 et
750 331 930 370 dedecori
962 344 1077 383 saepe
1108 331 1239 378 fueris,

64 397 132 436 ubi
162 398 353 437 creditum
383 397 488 449 quod
517 398 566 437 sit
595 397 664 437 tibi
694 398 827 437 datum
858 411 942 437 esse
973 400 1212 449 pernegaris,

65 461 146 519 [ubi
176 465 321 504 amicae
351 468 467 516 quam
498 465 620 504 amico
651 471 720 504 tuo
752 465 871 504 fueris
901 466 1023 516 magis
1053 463 1203 520 fidelis,]

64 532 130 571 ubi
160 544 276 584 saepe
305 532 351 571 ad
381 532 610 583 languorem
640 537 707 571 tua
738 532 877 571 duritia
909 532 1062 571 dederis
1094 538 1181 571 octo

63 598 206 638 validos
237 599 405 646 lictores,
436 599 574 638 ulmeis
604 599 775 638 adfectos
805 599 922 638 lentis
951 599 1080 650 virgis.
1735 619 1791 651 575

65 679 157 704 num
188 666 289 705 male
317 666 436 705 relata
466 673 525 706 est
553 666 686 717 gratia,
717 673 759 706 ut
790 666 979 717 collegam
1010 664 1250 705 collaudavi?

62 732 197 774 LEON.
246 733 294 772 Vt
323 745 464 784 meque
495 739 612 784 teque
642 733 807 772 maxime
837 739 954 783 atque
985 733 1143 784 ingenio
1176 738 1310 772 nostro
1342 734 1482 773 decuit.

61 800 154 840 Lm.
175 799 253 839 Iam
271 801 405 839 omitte
421 801 491 840 ista
508 807 623 851 atque
638 800 714 839 hoc
732 801 835 852 quod
852 813 948 851 rogo
965 800 1174 852 responde.
1213 801 1350 841 LEON.
1379 801 1517 853 Rogita
1531 803 1635 853 quod
1655 803 1720 842 vis.

61 867 153 908 LIB.
203 868 365 920 Argenti
394 869 561 920 vinginti
591 869 716 908 minas
747 867 948 908 habesne?
1006 868 1143 909 LEON.
1193 868 1404 908 Hariolare.

62 935 200 987 edepol
229 948 364 975 senem
394 936 674 975 Demaenetum
705 936 875 988 lepidum
908 936 1028 976 fuisse
1058 936 1193 975 nobis:
1736 955 1792 988 550

62 1010 105 1043 ut
134 1003 390 1043 adsimulabat
419 1004 602 1043 Sauream
634 1004 722 1043 med
754 1017 838 1043 esse
869 1017 986 1055 quam
1017 1004 1159 1043 facete!

63 1072 178 1111 nimis
207 1084 322 1123 aegre
351 1070 473 1111 risum
502 1072 666 1119 eontini,
697 1071 764 1111 ubi
794 1072 989 1124 hospitem
1020 1071 1251 1118 inclamavit,

62 1139 164 1190 quod
196 1152 238 1179 se
267 1139 429 1179 absente
457 1139 551 1178 mihi
581 1139 698 1178 fidem
727 1139 871 1178 habere
902 1139 1104 1178 noluisset.

62 1213 105 1245 ut
134 1207 361 1246 memoriter
388 1219 451 1245 me
481 1206 666 1246 Sauream
700 1206 859 1246 vocabat
888 1207 1118 1246 atriensem!

61 1273 126 1314 LI.
156 1273 269 1313 Mane
289 1275 394 1313 dum.
438 1274 516 1315 LE.
546 1274 648 1320 Quid
669 1273 754 1313 est?
791 1274 856 1315 L1.
887 1274 1130 1313 Philaenium
1152 1279 1262 1313 estne
1283 1273 1378 1312 haec
1401 1285 1499 1324 quae
1520 1274 1625 1313 intus
1647 1274 1723 1313 exit
1735 1276 1792 1309 585

61 1348 177 1393 atque
207 1343 449 1394 Argyrippus
479 1341 587 1381 una?
644 1342 781 1383 LEON.
832 1342 1020 1394 Opprime
1051 1354 1107 1389 os,
1138 1341 1169 1380 is
1200 1347 1270 1380 est.
1319 1341 1670 1381 subauscultemus.

60 1409 152 1450 Lm.
197 1411 495 1449 Lacrumantem
526 1410 665 1449 lacinia
697 1416 806 1448 tenet
835 1410 1068 1448 lacrumans.
1124 1409 1309 1460 quidnam
1340 1421 1424 1448 esse
1456 1408 1609 1447 dicam?

60 1478 167 1517 taciti
198 1478 474 1517 auscultemus.
532 1477 670 1518 LEON.
719 1477 883 1525 Attatae,
914 1478 1031 1516 modo
1063 1477 1194 1516 hercle
1228 1477 1266 1515 in
1299 1482 1471 1515 mentem
1501 1478 1618 1524 venit,

60 1545 175 1585 nimis
195 1546 332 1585 vellem
363 1545 506 1585 habere
536 1546 740 1597 perticam.
790 1545 884 1586 121ss.
929 1545 1030 1591 Quoi
1057 1543 1144 1584 rei?
1192 1544 1328 1586 LEON.
1379 1545 1453 1590 Qui
1474 1544 1721 1583 verberarem

59 1613 202 1661 asinos,
233 1614 265 1652 si
295 1614 396 1653 forte
426 1613 655 1665 occeperint
684 1613 852 1652 clamare
881 1613 975 1652 hinc
1006 1626 1052 1652 ex
1083 1613 1274 1652 crumina.
1736 1631 1792 1663 590

59 1781 137 1822 Cur
164 1794 227 1821 me
255 1781 455 1822 retentas?
707 1725 1076 1767 ARGYRIPPVS
1609 1725 1676 1764 ῙῙῙ
1699 1728 1722 1764 3

699 1871 1076 1912 PHILAENIVM

469 1940 566 1986 Quia
597 1940 655 1980 tui
685 1952 819 1980 amans
848 1940 1028 1979 abeuntis
1059 1952 1168 1990 egeo.

58 2009 168 2048 ABG.
217 2008 321 2047 Vale.
379 2009 502 2049 Pnn..
552 2008 764 2059 Aliquanto
796 2009 962 2060 amplius
992 2007 1173 2053 valerem,
1205 2007 1235 2046 si
1266 2007 1330 2046 hic
1360 2019 1552 2047 maneres.

57 2109 107 2145 ad
121 2112 382 2156 posteriorem,
413 2120 445 2144 v.
471 2111 544 2144 569
574 2109 623 2144 ad
647 2110 737 2152 563,
769 2121 799 2145 v.
826 2111 899 2144 572
930 2108 979 2143 (αἱ
1004 2109 1097 2150 562,
1128 2119 1158 2144 υ.
1185 2108 1255 2143 574
1268 2118 1320 2153 sq.
1348 2107 1397 2141 ad
1422 2107 1494 2141 564
1510 2117 1577 2152 sq„
1603 2107 1724 2141 omnio

59 2176 138 2200 cum
167 2168 370 2212 auqmento.
402 2170 531 2201 contra
562 2177 592 2202 v.
612 2168 685 2201 570
715 2166 777 2201 ubi
807 2165 1006 2211 periuraris
1038 2164 1152 2199 debile
1183 2168 1236 2199 est
1265 2168 1300 2199 et
1331 2174 1456 2199 versus
1483 2163 1584 2208 ferri
1607 2164 1727 2210 possit

61 2226 198 2257 tantum
221 2221 254 2256 si
276 2225 359 2257 ante
384 2223 457 2257 569
474 2226 650 2269 ponatur,
675 2223 739 2258 sed
761 2224 813 2258 sic
838 2233 866 2257 v.
893 2224 964 2257 572
989 2221 1148 2256 deterior
1167 2221 1258 2266 fiat,·
1281 2231 1311 2255 v.
1334 2221 1406 2255 573
1428 2220 1466 2254 in
1487 2221 1563 2265 fine
1585 2224 1725 2255 senten-

59 2279 144 2313 tiam
160 2277 268 2314 habet
290 2279 416 2313 ceteris
439 2278 643 2314 debiliorem
669 2283 703 2314 et
726 2283 811 2325 post
837 2281 912 2314 568
936 2280 1035 2319 (570)
1054 2280 1126 2313 572
1150 2289 1221 2312 non
1244 2277 1436 2322 ferendam
1530 2279 1593 2311 569
1617 2288 1663 2311 m.
1689 2279 1726 2312 et:

59 2333 241 2380 Scaliqer:
265 2337 302 2370 et
324 2334 513 2370 manifesto
540 2338 610 2377 (-os
635 2335 681 2378 D)
775 2339 836 2370 571
865 2336 994 2370 damno
1018 2334 1098 2379 (et)
1123 2333 1280 2369 Bothius
1375 2337 1439 2368 575
1463 2333 1600 2368 lictoris
1625 2333 1724 2376 BD2,

58 2391 189 2426 littoris
214 2390 304 2426 D¹E
392 2394 456 2426 576
481 2393 523 2427 ut
546 2403 615 2427 om.
635 2391 698 2434 E2,
722 2394 764 2427 ut
788 2392 959 2435 collegam
984 2402 1052 2428 om.
1072 2390 1120 2425 Ει
1213 2392 1279 2425 578
1303 2390 1354 2435 cf.
1371 2389 1421 2424 ad
1439 2389 1540 2435 capt.
1560 2389 1633 2424 964

58 2447 145 2491 quid
161 2446 195 2482 D
287 2450 352 2482 579
376 2447 420 2483 de
443 2447 546 2484 hiatu
570 2449 620 2494 cf.
647 2448 771 2483 Herm.
795 2449 854 2491 18,
881 2450 952 2483 575
1043 2451 1105 2482 581
1132 2457 1188 2482 me
1294 2457 1398 2491 quem
1491 2446 1541 2491 cf.
1566 2445 1724 2482 Brixius

59 2503 108 2538 ad
129 2502 207 2538 Mil.
232 2503 306 2539 401
443 2507 508 2540 582
533 2504 706 2549 continui,
732 2515 825 2540 corr.
851 2503 1032 2545 Bothius,·
1055 2505 1104 2549 cf.
1130 2503 1179 2538 ad
1201 2502 1330 2549 Amph.
1358 2503 1434 2537 926
1571 2504 1635 2537 583
1661 2503 1726 2538 sed

59 2558 287 2601 Ritsclzelius,
311 2571 389 2596 sese
415 2559 590 2596 Gruterus
726 2563 790 2596 585
809 2561 932 2607 possis
954 2560 1079 2606 <hinc>
1103 2560 1202 2595 intus
1335 2561 1399 2593 586
1426 2558 1650 2604 arrgirippus
1677 2559 1726 2601 B,

60 2615 244 2661 agirippus
263 2615 298 2650 Ε
302 2629 317 2658 ;
335 2617 387 2662 cf.
403 2617 452 2652 ad
467 2618 546 2652 405
617 2617 904 2653 subascultemus
923 2616 994 2652 BD
1087 2619 1151 2651 588
1169 2618 1239 2651 tac.
1258 2625 1358 2650 ausc.
1378 2614 1570 2657 Leonidae,
1595 2615 1725 2651 deinde

60 2669 141 2706 Lm.
255 2671 371 2707 Lnon.
398 2692 439 2698 —
463 2673 556 2717 Lm,
581 2684 676 2709 corr.
703 2686 721 2710 ς
827 2674 956 2717 tacite,
987 2684 1083 2707 corr.
1109 2672 1336 2708 Abrahamus
1358 2671 1453 2706 stud.
1478 2671 1534 2706 Pl.
1558 2672 1634 2706 182

61 2728 126 2761 589
150 2727 251 2771 quoi:
276 2728 335 2763 cui
351 2727 398 2771 D,
422 2739 492 2774 quo
517 2730 577 2764 cui
602 2730 648 2773 B,
673 2730 731 2765 eui
755 2730 839 2775 quoi
855 2729 893 2764 E
913 2730 976 2774 (cf.
997 2730 1083 2771 593)
1177 2731 1239 2763 591
1266 2730 1509 2764 ADVLESCENS
1532 2738 1725 2763 mnnmmx

61 2793 166 2818 SERW
194 2793 268 2819 nvo
298 2787 384 2828 (nvo
414 2797 481 2820 om.
509 2785 556 2827 E)
580 2785 656 2821 BE
790 2789 854 2821 592
886 2786 968 2821 item
994 2785 1136 2820 Nonius
1166 2785 1241 2820 349
1389 2785 1438 2830 cf.
1466 2785 1560 2826 593;
1587 2784 1723 2820 nullum

60 2838 345 2885 supplementum
369 2841 445 2876 vidi
467 2841 566 2887 quod
589 2853 663 2877 non
687 2842 925 2877 concinnitati
945 2842 1121 2877 sermonis
1146 2841 1311 2886 officeret
