2018 3183
217 94 296 131 102
954 89 1135 126 PLAVTI
1661 88 1728 122 112,
1748 90 1842 122 71—3‚
1860 89 1878 118 8

214 209 328 255 idem,
361 207 516 260 quando
548 206 700 245 occasio
732 205 841 244 illaec
872 205 999 256 periit,
1032 211 1119 255 post
1151 217 1239 243 sero
1269 204 1389 255 cupit.

214 277 345 317 EVCL.
396 275 435 313 Si
465 273 596 313 hercle
627 285 699 324 ego
731 279 767 310 te
800 286 878 311 non
912 271 1185 322 elinguandam
1217 271 1359 309 dedero
1390 283 1516 323 usque
1545 271 1593 310 ab
1624 272 1830 317 radicibus,
1888 278 1946 310 250

215 344 365 394 impero
397 349 611 392 auctorque
641 338 760 394 (ego)
790 352 889 387 sum,
922 346 962 379 ut
993 346 1035 378 tu
1067 351 1128 378 me
1160 338 1279 377 cuivis
1310 339 1557 377 castrandum
1589 339 1706 378 loces.

214 410 330 450 Mm.
379 409 498 448 Video
530 409 660 447 hercle
692 421 764 460 ego
795 414 833 446 te
865 420 925 446 mc
957 407 1149 451 arbitrari,
1182 405 1330 453 Euclio,
1363 407 1562 445 hominem
1594 406 1791 453 idoneum,

215 489 331 528 quem
363 482 520 516 senecta
552 482 674 515 aetate
704 475 817 515 ludos
848 475 976 521 facias,
1009 474 1108 513 haud
1141 474 1278 512 merito
1310 486 1409 512 meo.

213 545 344 585 EVCL.
376 544 510 595 Neque
541 543 692 595 edepol,
723 543 940 594 Megadore,
973 543 1085 589 facio,
1119 554 1260 593 neque,
1291 541 1321 580 si
1353 541 1518 592 cupiam,
1551 541 1661 592 copia
1693 548 1763 580 est.

212 611 330 653 MEG.
381 611 482 657 Quid
515 609 651 650 nunc?
682 610 794 650 etiam
828 610 918 649 mihi
950 610 1170 661 despondes
1203 606 1347 648 filiam?
1401 608 1531 649 EveL.
1578 608 1655 647 Illis
1685 609 1848 660 legibus,
1889 617 1946 649 255

214 692 303 718 cum
326 679 387 718 illa
418 679 508 718 dote
539 690 657 729 quarn
687 678 756 717 tibi
787 678 876 717 dixi.
935 677 1052 718 MEG.
1104 677 1292 728 Sponden
1315 675 1438 727 ergo?
1496 676 1627 717 Evcn.
1678 677 1876 728 Spondeo.

212 746 329 787 Mne.
381 747 426 786 Di
456 746 558 785 bene
589 751 751 785 vertant.
800 745 931 785 EVCL.
977 745 1032 784 Ita
1064 745 1100 783 di
1132 744 1267 783 faxint.
1317 744 1408 782 illud
1442 745 1555 783 facito
1577 750 1620 783 ut
1641 745 1877 790 memineris,

214 815 446 854 convenisse
477 820 521 853 ut
551 825 601 853 ne
632 813 724 864 quid
756 812 857 852 dotis
888 825 972 851 mea
1004 813 1049 852 ad
1081 818 1120 851 te
1151 812 1307 851 afferret
1337 811 1424 850 tilia.

213 881 330 922 Mm.
382 881 554 921 Memini.
613 880 746 921 EVCL.
797 881 846 919 At
876 880 958 919 scio
989 892 1067 930 quo
1096 892 1165 919 vos
1196 879 1353 919 soleatis
1383 884 1496 930 pacto
1526 877 1810 929 perplexarier:

212 956 369 1001 pactum
403 962 483 988 non
516 955 673 1000 pactum
707 954 776 994 est,
809 960 888 986 non
922 954 1079 998 pactum
1111 953 1267 998 pactum
1300 952 1369 993 est,
1402 945 1506 996 quod
1537 945 1645 985 vobis
1676 946 1795 986 lubet.
1888 954 1946 987 260
2016 992 2018 994 q

212 1016 329 1057 Mne.
378 1016 490 1055 Nulla
522 1016 790 1055 controversia
821 1015 915 1053 mihi
946 1022 1074 1054 tecum
1109 1015 1192 1053 erit.
1243 1014 1308 1052 sed
1342 1013 1496 1064 nuptias

214 1096 308 1122 num
336 1096 434 1134 quae
455 1095 569 1122 causa
592 1089 649 1122 est
681 1083 773 1134 quin
808 1083 994 1122 faciamus
1026 1079 1167 1121 hodie?
1225 1081 1356 1121 EVCL.
1401 1080 1522 1119 lmino
1545 1080 1684 1132 edepol
1706 1087 1877 1133 optuma.

211 1151 328 1192 MEG.
379 1151 447 1190 Ibo
479 1151 610 1202 igitur,
643 1150 801 1202 parabo.
853 1150 1045 1201 numquid
1076 1162 1138 1188 me
1168 1147 1253 1188 vis?
1311 1148 1442 1188 Evcn.
1488 1148 1604 1187 Istuc.
1651 1149 1685 1188 ei
1716 1156 1755 1188 et
1783 1149 1874 1189 vale.

211 1218 328 1259 Mne.
379 1218 496 1266 Heus,
529 1218 752 1270 Pythodice,
785 1230 951 1269 sequere
982 1229 1152 1269 propere
1183 1229 1246 1255 me
1276 1216 1320 1254 ad
1354 1216 1557 1255 macellum
1588 1223 1761 1257 strenue.
1790 1238 1845 1244 —

210 1287 341 1327 Ech.
392 1286 474 1325 Illic
505 1286 599 1325 hinc
630 1285 735 1327 abiit.
787 1286 823 1325 di
855 1285 1106 1333 immortales,
1139 1285 1317 1331 obsecro,
1348 1295 1486 1322 aurum
1519 1283 1611 1336 quid
1642 1284 1753 1324 valet.
1888 1293 1945 1327 265

213 1351 346 1409 [credo
378 1367 448 1405 ego
480 1354 589 1393 illum
620 1354 693 1392 iam
725 1353 959 1393 inaudivisse
991 1353 1043 1392 mi
1075 1366 1159 1392 esse
1190 1354 1447 1391 thensaurum
1479 1348 1614 1407 domi.]

211 1422 247 1461 id
280 1422 416 1469 inhiat,
448 1434 491 1460 ea
521 1423 747 1461 affinitatem
779 1423 881 1461 hanc
912 1421 1119 1461 obstinavit
1149 1421 1284 1472 gratia.

212 1490 278 1530 ubi
308 1496 349 1529 tu
382 1503 436 1537 ee,
468 1502 568 1540 quae
600 1489 883 1528 deblateravisti
915 1489 988 1528 iam
1021 1489 1157 1528 ricinis
1187 1488 1383 1537 omnibus,
1785 1488 1830 1528 ΙΙ
1851 1491 1875 1529 3

211 1570 320 1597 meae
350 1570 412 1597 me
444 1558 543 1597 filiae
575 1558 754 1597 daturum
789 1556 948 1597 dotem?
980 1557 1089 1602 heus,
1123 1557 1318 1609 Staphyla,
1351 1564 1388 1596 te
1418 1569 1528 1596 voco.

208 1626 347 1677 ecquid
379 1624 517 1665 audis?
548 1626 701 1664 vascula
734 1626 838 1665 intus
870 1637 969 1676 pure
1002 1637 1168 1677 propera
1201 1632 1318 1676 atque
1349 1625 1456 1664 elue:
1889 1635 1945 1668 270

207 1693 323 1732 filiam
356 1693 546 1745 despondi
579 1706 674 1745 ego:
707 1693 823 1733 hodie
853 1693 945 1732 huic
976 1699 1142 1744 nuptum
1175 1693 1384 1744 Megadoro
1416 1693 1527 1732 dabo.

889 1805 1200 1846 STAPHYLA

210 1873 255 1912 Di
287 1873 386 1912 bene
416 1879 586 1912 vortant.
635 1886 768 1912 verum
803 1880 957 1913 ecastor
988 1887 1067 1913 non
1101 1880 1242 1925 potest,
1272 1873 1445 1913 subitum
1476 1879 1534 1912 est
1565 1872 1692 1912 nimis.

208 1941 339 1980 Evc-L.
390 1940 491 1979 Tace
523 1946 640 1990 atque
672 1939 744 1978 abi.
798 1945 929 1978 curata
962 1941 1020 1978 l'ac
1051 1939 1129 1978 sint
1160 1950 1248 1978 cum
1280 1951 1299 1977 a
1333 1940 1418 1977 foro
1450 1939 1605 1977 redeam
1638 1938 1818 1987 domum;

209 2015 324 2060 atque
345 2009 450 2047 aedis
473 2008 656 2055 occlude3
678 2007 752 2046 iam
776 2019 847 2058 ego
872 2008 933 2046 hic
955 2008 1086 2045 adero.
1108 2031 1163 2036 —
1193 2006 1351 2047 STAPH.
1389 2006 1488 2052 Quid
1513 2019 1585 2058 ego
1608 2017 1714 2045 nunc
1735 2003 1876 2057 agam?

210 2089 317 2116 nunc
349 2075 463 2115 nobis
493 2088 617 2127 prope
649 2076 757 2114 adest
787 2075 960 2121 exitium,
993 2076 1043 2113 mi
1075 2081 1190 2126 atque
1223 2075 1306 2113 erili
1339 2075 1452 2120 filiae,
1887 2087 1944 2119 275

322 2247 387 2279 249
413 2243 556 2279 occasio
581 2243 687 2278 illaec
712 2242 874 2276 Harius:
897 2242 1003 2278 illaec
1029 2243 1126 2284 (illex
1146 2243 1193 2284 D)
1218 2242 1362 2278 occasio
1388 2241 1569 2284 (occansio
1587 2241 1663 2276 DV
1667 2243 1690 2284 ¹)
1782 2241 1878 2286 perit

209 2303 271 2336 251
298 2301 411 2346 (ego)
436 2298 587 2335 Guietus
677 2302 717 2335 tu
743 2310 812 2334 om.
844 2298 925 2333 B¹D
937 2299 967 2333 V
1074 2299 1208 2334 cuiuis:
1235 2299 1293 2334 cui
1319 2299 1370 2333 Βι
1469 2300 1533 2333 252
1558 2300 1594 2333 te
1617 2308 1674 2333 me
1708 2296 1748 2331 V.-
1772 2300 1808 2333 te
1835 2312 1874 2329 u

207 2357 256 2399 D,
277 2369 334 2393 me
360 2356 394 2392 B
487 2359 550 2391 257
578 2355 693 2391 Evcn.
718 2376 762 2381 —
788 2355 900 2396 Mne„
930 2365 1024 2390 corr.
1050 2355 1225 2400 Anqelius
1339 2355 1376 2389 di
1400 2355 1491 2389 bene
1515 2353 1695 2399 Pylades.-
1719 2354 1815 2389 istuc
1839 2354 1877 2389 di

207 2414 298 2448 bene
404 2412 494 2447 illud
519 2411 711 2458 Angelius:
737 2411 878 2446 Euclio.
904 2410 1005 2445 illud.
1115 2411 1205 2446 scito
1235 2412 1283 2446 B¹
1389 2414 1454 2445 259
1479 2410 1710 2456 perpexarier
1735 2410 1798 2452 B¹,
1822 2411 1874 2456 cf.

206 2469 306 2505 Asin.
335 2469 407 2504 792
545 2470 609 2502 ‘262
640 2468 748 2503 hodie
772 2468 857 2512 quin
883 2467 906 2502 f.
932 2478 1111 2512 numquae
1143 2479 1254 2503 causa
1283 2471 1354 2512 est,
1385 2478 1480 2502 corr.
1506 2467 1663 2503 Brixius
1687 2467 1723 2501 in
1748 2466 1876 2502 FJeclc-

206 2526 319 2561 eiseni
346 2536 431 2560 ann.
455 2524 535 2566 131,
558 2525 642 2560 207
753 2526 817 2559 263
843 2524 899 2559 uis
924 2535 979 2559 me
1006 2524 1057 2559 Β2
1147 2524 1160 2558 i
1184 2527 1220 2559 et
1243 2523 1456 2559 Muellerus:
1481 2524 1545 2559 fiet
1651 2526 1716 2558 264
1741 2523 1874 2568 Pytho-

208 2583 307 2617 dice:
334 2581 500 2623 Strobile,
524 2591 556 2615 v.
581 2581 605 2615 i.
633 2580 682 2616 ad
704 2580 787 2615 280
902 2583 1074 2616 strennue
1100 2580 1134 2615 B
1272 2583 1337 2615 266
1361 2580 1586 2616 inaudiuisse
1611 2578 1752 2614 Nonius
1779 2580 1876 2614 500:

207 2638 411 2682 inaudisse3
436 2637 558 2673 debuit
581 2637 730 2672 indaud.
757 2636 980 2683 (Larzyeieus)
1097 2647 1220 2672 versus
1243 2637 1386 2683 ineptus
1409 2641 1443 2671 et
1464 2640 1549 2682 post
1571 2637 1646 2671 188
1659 2646 1711 2681 sq.
1737 2640 1770 2670 et
1793 2639 1876 2682 post

206 2696 294 2729 265.
334 2694 372 2728 id
396 2705 426 2729 v.
451 2694 532 2729 267
561 2692 610 2728 ad
639 2703 767 2728 aurum
788 2693 957 2739 pertinet,
983 2693 1034 2737 cf.
1058 2694 1130 2728 194
1268 2695 1332 2727 263
1357 2693 1500 2728 Evcmo
1526 2703 1652 2728 snunx.
1693 2702 1874 2727 STAPHILA

206 2761 299 2785 Auvs
326 2760 387 2785 -c-
416 2753 449 2790 (c
475 2761 543 2785 om.
572 2750 618 2791 B)
646 2749 721 2784 BV
850 2749 1113 2793 deblattauisti,
1137 2759 1231 2784 corr.
1253 2762 1282 2791 ς,
1309 2749 1544 2785 deblaterasti
1569 2748 1710 2784 Nonius
1734 2748 1783 2783 44

208 2808 273 2840 269
297 2806 448 2850 saphyla
475 2806 508 2841 Β
531 2811 616 2841 ante
641 2816 749 2848 corr„
775 2806 934 2852 staphile,
962 2806 991 2841 D
1084 2808 1144 2840 271
1174 2816 1238 2850 ego
1263 2806 1371 2841 hodie
1397 2804 1561 2841 Merula.-
1584 2804 1693 2841 hodie
1717 2815 1782 2850 ego

208 2865 272 2896 274
298 2862 397 2897 aedis
423 2862 571 2897 occlude
597 2862 760 2897 Guietus:
786 2862 936 2898 occlude
960 2862 1059 2897 aedis

2003 2283 2018 2404 ..οϋ
2004 2263 2009 2273 -
2002 2246 2007 2251 ·
