1998 3179
68 97 98 125 11
109 98 135 128 4,
154 96 238 124 3—29
780 94 1010 130 ASINARIA
1671 92 1722 129 69

70 222 120 249 ne
152 210 214 249 ille
245 209 384 260 edepol
414 215 525 259 tergo
557 216 595 248 et
627 208 806 248 cruribus
837 208 1035 247 consuluit
1066 207 1167 246 haud
1198 207 1350 246 decore.

68 276 208 318 MERC.
252 276 374 315 Nimis
403 275 664 327 imperiosust.
722 275 815 315 Lm.
860 274 936 313 Vae
959 274 1063 312 mihi.
1122 274 1257 314 LEON.
1304 274 1426 312 Hodie
1457 273 1602 312 salvere
1633 273 1792 313 iussi4to

70 344 262 383 Libanum
291 341 504 382 libertum?
535 343 609 381 iam
640 354 758 380 manu
790 340 995 380 emissu's‘?
1053 341 1146 381 Lm.
1198 341 1369 380 Obsecro
1401 348 1451 379 te.

68 411 204 451 LEON.
252 410 309 449 Ne
338 417 381 449 tu
410 410 541 448 hercle
573 422 661 448 cum
693 420 835 460 magno
866 409 966 447 malo
998 409 1090 447 mihi
1124 408 1273 447 obviam
1305 408 1514 447 occessisti.

71 490 140 517 cur
170 490 249 516 non
280 478 432 525 venisti,
463 483 506 516 ut
535 477 733 522 iusseram,
765 476 803 514 in
836 474 1101 514 tonstrinam?
1158 475 1252 515 Lm.
1303 475 1373 514 Hic
1404 488 1465 514 me
1497 481 1696 515 moratust.

69 545 204 586 LEON.
255 544 453 595 Siquidem
483 544 614 583 hercle
645 555 752 582 nunc
782 555 976 582 summum
1009 543 1137 582 Iovem
1168 549 1205 581 te
1236 543 1341 582 dicas
1371 543 1582 583 detinuisse

70 620 186 663 atque
214 612 247 651 is
277 618 457 663 precator
486 612 619 658 adsiet,
651 611 786 649 malam
819 623 901 649 rem
934 611 1095 660 effugies
1127 622 1354 660 numquam.
1738 615 1794 648 415

70 685 124 724 tu,
155 678 330 724 verbero,
363 679 569 730 imperium
600 691 731 718 meum
761 676 1058 729 contempsisti?
1116 677 1208 717 Lm.
1260 678 1372 721 Perii.
1403 678 1557 728 hospes.

70 746 210 787 MERG.
254 746 406 792 Quaeso
436 747 566 785 hercle
598 746 689 792 noli,
723 746 880 792 Saurea,
912 757 997 783 mea
1028 757 1141 784 causa
1172 746 1278 783 hunc
1307 744 1526 783 verberare.

69 812 204 854 LEON.
252 813 405 853 Vtinam
436 827 540 853 nunc
561 813 739 853 stimulus
759 814 799 852 in
821 825 939 852 manu
961 813 1054 851 mihi
1075 813 1135 852 sit.
1194 812 1334 851 MERC.
1384 811 1549 858 Quiesce
1572 824 1730 863 quaeso.

69 880 207 921 LEON.
258 880 332 927 Qui
363 882 482 920 latera
513 888 714 920 conteram
745 888 822 928 tua,
855 893 954 931 quae
986 880 1202 919 occalluere
1234 880 1367 931 plagis.

71 949 234 989 abscede
264 961 308 988 ac
339 951 424 989 sine
453 962 515 988 me
545 950 650 988 hunc
680 949 858 1001 perdere,
891 948 957 999 qui
987 960 1142 999 semper
1172 960 1233 986 me
1265 948 1320 986 ira
1352 947 1539 994 incendit,
1740 952 1799 984 420

73 1017 134 1056 cui
166 1029 378 1068 numquam
410 1030 527 1056 unam
559 1029 640 1056 rem
673 1029 734 1055 me
766 1017 855 1055 licet
886 1016 1005 1055 semel
1036 1016 1263 1067 praecipere
1295 1016 1383 1062 suri,

74 1084 167 1136 quin
199 1085 376 1124 centiens
406 1085 540 1123 eadem
572 1085 757 1136 imperem
791 1090 905 1134 atque
938 1084 1184 1134 ogganniam,
1217 1083 1345 1134 itaque
1377 1083 1451 1121 iam
1488 1081 1619 1121 hercle

74 1153 242 1192 clamore
272 1165 316 1192 ac
346 1153 546 1192 stomacho
578 1165 658 1190 non
692 1164 792 1202 queo
823 1151 947 1190 labori
978 1151 1243 1202 suppeditare.

73 1220 210 1267 iussin,
242 1220 415 1267 sceleste,
448 1220 494 1258 ab
527 1220 642 1258 ianua
674 1220 748 1258 hoc
778 1225 929 1258 stercus
960 1219 1052 1257 hinc
1083 1216 1258 1257 auferri?

74 1289 194 1328 iussin
226 1288 422 1327 columnis
451 1287 550 1326 deici
581 1299 721 1338 operas
751 1284 1017 1325 araneorum?
1741 1289 1799 1321 425

73 1356 194 1395 iussin
226 1356 266 1394 in
298 1355 533 1406 spendorem
565 1354 645 1393 dari
677 1354 801 1393 bullas
830 1354 899 1393 has
928 1353 1078 1392 foribus
1111 1351 1280 1391 nostris?

75 1423 170 1462 nihil
201 1430 274 1462 est:
306 1430 501 1473 tamquam
533 1423 564 1461 si
597 1422 757 1461 claudus
787 1422 872 1467 sim,
903 1433 993 1460 cum
1024 1420 1153 1459 fustist
1188 1419 1478 1458 ambulandum.

75 1491 162 1541 quia
192 1490 362 1530 triduom
393 1490 468 1529 hoc
498 1502 620 1529 unum
653 1489 768 1528 modo
800 1490 885 1527 foro
917 1500 1076 1540 operam
1107 1487 1303 1527 adsiduam
1336 1487 1446 1532 dedo,

73 1559 164 1598 dum
194 1558 385 1610 reperiam
417 1558 483 1609 qui
515 1557 705 1608 quaeritet
734 1563 939 1608 argentum
972 1556 1010 1594 in
1044 1556 1191 1603 faenus,
1223 1555 1285 1594 hic
1316 1567 1383 1593 vos

74 1626 249 1666 dormitis
278 1625 428 1665 interea
458 1625 576 1671 domi,
608 1631 724 1675 atque
756 1637 846 1663 erus
877 1624 916 1662 in
948 1624 1052 1670 hara,
1084 1623 1184 1662 haud
1217 1622 1390 1667 aedibus,
1422 1621 1582 1661 habitat.
1741 1626 1798 1658 430

75 1707 135 1733 em
157 1706 250 1745 ergo
271 1693 345 1732 hoc
365 1692 448 1732 tibi.
496 1693 589 1733 LIB.
621 1692 784 1743 Hospes,
806 1699 843 1730 te
866 1692 1042 1738 obsecro,
1065 1690 1242 1730 defende.
1293 1690 1433 1731 MERC.
1471 1689 1628 1736 Saurea,
1651 1701 1732 1735 oro,

75 1774 158 1802 mea
188 1773 302 1800 causa
331 1767 375 1799 ut
403 1760 544 1800 mittas.
603 1760 738 1800 LEON.
785 1758 885 1805 Eho,
918 1759 1052 1809 ecquis
1081 1771 1153 1809 pro
1183 1765 1340 1797 vectura
1371 1758 1460 1797 olivi

75 1842 157 1869 rem
177 1827 316 1869 solvit?
365 1828 458 1868 Lm.
497 1828 630 1867 Solvit.
680 1828 815 1867 LEON.
857 1827 925 1866 Cui
947 1825 1143 1866 datumst?
1192 1826 1285 1866 Lm.
1324 1826 1457 1865 Sticho
1487 1825 1629 1864 vicario
1661 1825 1735 1875 ipsi

75 1904 156 1937 tuo.
214 1896 349 1936 LEON.
398 1896 494 1943 Vah,
525 1895 697 1934 delenire
729 1907 904 1946 apparas,
936 1895 1016 1933 scio
1048 1895 1140 1933 mihi
1171 1894 1356 1933 vicarium
1387 1906 1483 1939 esse,

76 1977 203 2016 neque
235 1977 280 2003 eo
312 1977 396 2004 esse
426 1976 580 2003 servom
610 1964 647 2002 in
682 1963 841 2002 aedibus
873 1963 927 2001 eri
959 1965 1024 2012 qui
1056 1962 1105 2001 sit
1134 1962 1259 2013 pluris
1289 1973 1404 2012 quam
1436 1961 1548 2000 illest.
1744 1975 1801 2007 435

188 2067 252 2097 410
284 2063 498 2108 imperiosus
535 2065 590 2097 est
705 2073 749 2096 ue
863 2062 971 2097 hodie
1002 2060 1142 2096 Libano
1179 2061 1301 2102 codd,
1337 2059 1521 2094 Leonidae
1551 2058 1736 2093 Lomanus

76 2121 174 2157 dedit
287 2123 349 2154 411
377 2119 524 2154 obsecro
549 2122 585 2153 te
608 2118 790 2153 Leonidae
814 2119 1057 2157 concinnatur,
1083 2128 1176 2151 corr.
1195 2116 1369 2162 Arzqele'zts
1486 2118 1550 2150 413
1575 2118 1735 2150 moratus

76 2181 132 2214 est
200 2178 265 2212 41ss
281 2176 414 2220 hospes
431 2175 521 2220 perii
539 2174 692 2209 Botleius
773 2177 839 2209 419
856 2179 968 2209 metro
988 2175 1109 2219 aptius
1126 2172 1331 2208 confodiam
1345 2171 1451 2213 (Men.
1470 2172 1549 2209 951)
1630 2182 1734 2207 occa-

75 2234 174 2269 luere
192 2232 274 2274 ΒΗ,
299 2231 503 2267 occalluere
521 2230 558 2265 E
645 2233 710 2265 420
728 2233 796 2266 hac
890 2233 953 2265 422
979 2230 1165 2275 ogganiam
1189 2230 1218 2264 Β
1310 2231 1375 2263 424
1392 2231 1525 2264 stertas
1543 2226 1632 2262 B¹E
1637 2229 1647 2248 ¹

77 2293 141 2324 425
167 2299 315 2335 operas:
346 2287 436 2323 telas
461 2287 603 2322 Nonius
626 2288 700 2322 193
836 2296 1049 2322 araneorum
1077 2290 1227 2321 testatur
1251 2285 1413 2320 Nonius:
1437 2294 1660 2326 aranearum,
1685 2284 1734 2328 cf.

77 2345 188 2381 Stich.
202 2345 279 2380 348
370 2346 434 2379 423
458 2344 574 2379 forum
592 2344 643 2379 B¹
756 2344 850 2387 dedi,
868 2354 961 2378 corr.
983 2343 1167 2378 Bentleiax
1279 2344 1344 2376 430
1371 2341 1419 2385 cf.
1446 2340 1494 2375 ad
1517 2341 1596 2375 405
1623 2339 1672 2382 (T
1668 2341 1735 2375 rin.

77 2403 173 2438 1127
212 2401 288 2436 Vid.
315 2401 377 2443 58)
513 2402 575 2434 431
613 2399 825 2434 clamidatus
856 2410 996 2445 praem.
1023 2399 1056 2433 B
1092 2400 1187 2439 (icem
1213 2399 1286 2432 410
1311 2397 1428 2437 codd.)
1565 2397 1647 2431 hem

79 2461 144 2493 432
169 2469 210 2494 eo
237 2457 288 2492 B¹
387 2457 470 2491 eho:
497 2455 658 2490 clamans
681 2454 844 2490 Leonida
869 2466 940 2489 non
966 2454 1093 2489 andire
1115 2465 1154 2488 se
1180 2453 1290 2489 videri
1315 2453 1412 2493 vult;
1436 2452 1484 2486 ad
1507 2451 1629 2495 ecquis
1654 2455 1737 2497 apte

78 2515 239 2559 refertur
268 2513 420 2548 alterum
451 2512 566 2548 solvit.
606 2511 671 2546 sed
698 2512 901 2547 nominibus
932 2511 1028 2551 fictis
1059 2511 1224 2546 consulto
1258 2510 1370 2544 utitur
1399 2509 1497 2549 (436.
1530 2508 1610 2542 441.
1640 2507 1737 2548 444).

78 2571 239 2615 fortasse
267 2569 336 2604 sic:
364 2567 507 2613 (Simo)
538 2568 667 2612 ecquid
771 2570 834 2602 433
861 2579 936 2603 rem
960 2567 1088 2603 solvit?
1114 2567 1194 2601 Lm.
1220 2566 1327 2601 solvit
1353 2564 1555 2599 Turnebus:
1577 2562 1735 2598 resolvit.

80 2626 162 2661 Lm.
185 2625 350 2669 resolvit3
375 2625 424 2670 cf.
452 2626 523 2659 321
649 2627 715 2659 434
740 2624 885 2659 Stichus
908 2635 1084 2669 nusquam
1109 2628 1177 2664 est,
1209 2623 1375 2657 ¹inventas
1404 2632 1426 2655 a
1450 2620 1601 2654 Libano.
1648 2618 1737 2654 Leo-

82 2681 169 2716 nida
193 2691 387 2727 oppressus
410 2682 466 2716 rez'
487 2681 644 2716 novitate
668 2692 739 2715 non
755 2681 877 2716 Statim
902 2687 998 2715 recte
1016 2679 1220 2725 respondet,
1245 2678 1309 2713 sed
1329 2677 1539 2723 paullatim:
1563 2675 1739 2711 blandiris

81 2739 176 2780 (nam
205 2748 374 2783 maynum
405 2736 472 2773 leoc
495 2742 558 2779 est,
583 2737 755 2772 vicarium
780 2736 932 2777 habere,-
964 2736 1033 2771 leoo
1057 2736 1162 2781 quase·
1186 2733 1370 2775 Leonida),
1394 2732 1458 2768 sed
1481 2744 1554 2767 non
1578 2732 1739 2766 mentiris

83 2792 165 2833 (hoo
188 2803 292 2829 verus
315 2792 456 2828 Saurea
480 2805 552 2828 non
577 2793 754 2835 dixisset),
778 2793 906 2828 deinde
925 2792 1051 2827 laudat
1077 2792 1248 2827 vicarium
1266 2791 1372 2836 quasi
1389 2800 1491 2824 cerus
1507 2788 1648 2824 Saurea

83 2851 147 2884 435
171 2850 260 2893 fort.
284 2859 400 2894 neque
425 2859 502 2885 esse
525 2859 664 2885 seruom
687 2850 724 2884 in
742 2849 903 2893 aedibus,
921 2859 982 2884 ero
1074 2848 1170 2883 illest
1193 2847 1344 2881 Aldina:
1367 2846 1428 2882 ille
1453 2845 1500 2881 sit
