2018 3183
216 97 297 133 442
950 96 1133 132 PLAVTI
1707 98 1721 126 1
1739 98 1765 131 2,
1781 98 1883 128 21-45

214 212 361 264 aperite
393 212 542 263 aliquis.
594 212 659 250 ubi
691 211 882 251 Charinus
912 217 970 251 est
1000 209 1119 251 erus?
1150 211 1280 250 domin
1315 217 1373 251 est
1401 223 1450 250 an
1484 210 1608 251 foris?

215 292 309 318 num
342 282 546 331 quisquam
579 279 684 318 adire
715 279 763 318 ad
794 279 935 318 ostium
967 278 1130 330 dignum
1162 277 1401 318 arbitratur?
1460 278 1598 320 CHAR.
1644 279 1745 320 Ecce
1777 293 1850 327 me,

214 347 418 395 Acanthio,
450 359 565 398 quem
598 347 763 398 quaeris.
821 345 959 386 ACAN.
997 346 1237 397 Nusquamst
1257 345 1460 398 disciplina
1492 346 1679 398 ignavior.

328 414 464 455 CHAR.
515 414 623 460 Quae
654 417 691 453 te
722 414 844 454 malae
862 426 924 453 res
941 413 1115 466 agitant?
1148 413 1284 455 ACAN.
1307 413 1461 459 Multae,
1492 426 1571 465 ere,
1600 420 1638 454 te
1661 417 1776 466 atque
1804 427 1877 454 me.

416 482 554 523 CHAR.
605 481 704 527 Quid
736 484 794 522 est
824 480 989 533 negoti?
1047 481 1184 521 Ach.
1235 481 1437 521 Periimus.
1892 489 1948 522 135
1999 519 2002 523 .

413 549 550 590 CHAR.
602 549 843 602 Principium
874 547 961 604 (id)
991 549 1159 588 inimicis
1189 548 1290 587 dato.
2011 543 2016 550 '

418 617 554 658 ACAN.
601 618 650 657 At
678 618 747 657 tibi
779 618 918 658 sortito
950 617 986 657 id
1019 617 1171 669 optigit.
1891 623 1947 658 136
2014 622 2018 625 ’

213 684 351 725 CHAR.
401 685 580 737 Loquere
604 686 641 724 id
664 686 795 738 negoti
818 685 1006 737 quidquid
1028 691 1098 724 est.
1140 683 1276 724 ACAN.
1318 684 1482 730 Placide,
1504 685 1590 724 volo
1613 685 1878 737 adquiescere.

212 758 276 790 tua
308 764 422 791 causa
453 754 542 805 rupi
574 754 744 799 ramites,
776 754 850 792 iam
882 752 1028 792 dudum
1061 760 1177 804 sputo
1208 752 1452 803 sanguinem.

213 817 351 859 CHAR.
402 820 584 860 Resinam
617 834 663 860 ex
695 821 809 860 melle
840 821 1066 873 Aegyptiam
1097 826 1245 865 vorato,
1276 819 1419 859 salvom
1452 820 1607 860 feceris.
2016 868 2018 872 ι

211 886 350 928 ACAN.
400 889 446 927 At
479 889 617 941 edepol
648 895 688 928 tu
720 888 881 928 calidam
912 889 1038 939 picem
1071 887 1206 935 bibito,
1237 887 1438 940 aegritudo
1469 887 1715 928 abscesserit.
1892 894 1948 928 140
2013 908 2018 925 -,

214 954 352 995 CHAR.
402 956 609 995 Hominem
642 969 714 1008 ego
747 955 1034 995 iracundiorem
1066 967 1181 1007 quam
1212 961 1250 994 te
1282 956 1372 994 novi
1404 956 1617 995 neminem.

210 1021 349 1064 ACAN.
399 1025 445 1063 At
477 1036 548 1075 ego
581 1023 939 1063 maledicentiorem
972 1035 1087 1075 quam
1120 1029 1157 1062 te
1189 1023 1277 1062 novi
1310 1023 1522 1062 neminem.

212 1089 350 1130 CHAR.
401 1091 468 1130 Sin
502 1091 614 1130 saluti
648 1090 753 1142 quod
785 1090 854 1130 tibi
886 1103 970 1130 esse
1001 1102 1158 1135 censeo,
1190 1091 1226 1130 id
1258 1089 1513 1130 consuadeo‘?

209 1157 348 1199 Acm.
397 1160 528 1210 Apage
560 1160 777 1199 istiusmodi
808 1159 986 1205 salutem,
1016 1156 1156 1212 (cum)
1185 1159 1361 1198 cruciatu
1393 1171 1492 1210 quae
1523 1159 1688 1199 advenit.

210 1225 347 1266 CHAR.
398 1226 467 1266 Dic
498 1228 605 1275 mihi,
637 1240 684 1267 an
720 1227 813 1267 honi
846 1227 937 1278 quid
969 1233 1184 1277 usquamst,
1215 1227 1319 1277 quod
1352 1227 1556 1278 quisquam
1588 1227 1644 1266 uti
1675 1227 1820 1279 possiet
1890 1231 1946 1265 145
2003 1264 2013 1270 ,

210 1293 295 1332 sine
328 1294 428 1333 malo
461 1296 582 1340 omni,
614 1302 680 1334 aut
712 1309 760 1335 ne
791 1294 963 1334 laborem
997 1294 1126 1345 capias
1157 1306 1246 1333 cum
1279 1294 1344 1333 illo
1379 1295 1430 1334 uti
1462 1293 1596 1334 voles?

208 1361 348 1402 ACAN.
398 1363 538 1403 Nescio
570 1375 642 1414 ego
674 1364 811 1403 istaec:
842 1362 1109 1414 philosophari
1143 1374 1356 1413 numquam
1388 1361 1505 1401 didici
1538 1374 1667 1413 neque
1697 1362 1791 1402 scio.

210 1441 282 1480 ego
314 1430 478 1477 bonum,
510 1432 651 1471 malum
685 1444 762 1483 quo
795 1431 957 1477 accedit,
989 1430 1081 1469 mibi
1113 1431 1195 1470 dari
1227 1431 1327 1469 haud
1359 1430 1550 1469 desidero.

209 1496 287 1538 CH.
320 1498 422 1538 Cedo
445 1505 550 1538 tuam
573 1499 666 1539 mihi
690 1500 901 1545 dexteram,
925 1498 1103 1550 agedum,
1125 1498 1329 1538 Acanthio.
1379 1498 1454 1539 Ac.
1486 1498 1557 1537 Em
1581 1497 1749 1545 dabitur,
1770 1502 1874 1536 tene.
2013 1542 2018 1547 ⁴

208 1564 346 1606 CHAR.
387 1566 460 1606 Vin
492 1573 532 1606 tu
564 1572 602 1606 te
632 1567 725 1606 mihi
749 1566 1033 1618 obsequentem
1065 1578 1148 1605 esse
1179 1578 1226 1605 an
1261 1564 1398 1606 nevis?
1448 1565 1585 1607 ACAN.
1626 1565 1753 1618 Opera
1785 1565 1943 1604 licet150
2013 1568 2018 1571 “

210 1634 393 1686 experiri,
425 1635 490 1686 qui
522 1647 584 1674 me
616 1635 704 1686 rupi
735 1647 851 1674 causa
882 1634 1079 1673 currendo
1111 1640 1188 1680 tua,

208 1708 252 1740 ut
282 1714 383 1753 quae
414 1703 553 1742 scirem
585 1702 686 1741 scire
717 1709 889 1742 actutum
921 1702 991 1741 tibi
1022 1702 1169 1742 liceret.
1229 1702 1366 1743 CHAR.
1417 1701 1602 1741 Liberum

208 1776 327 1821 caput
356 1769 425 1809 tibi
458 1770 592 1809 faciam
623 1768 726 1824 (cis)
756 1783 901 1821 paucos
930 1770 1088 1809 mensis.
1147 1769 1284 1810 ACAN.
1335 1770 1454 1821 Palpo
1485 1769 1672 1822 percutis.

206 1836 344 1878 CHAR.
395 1838 505 1889 Egon
538 1838 660 1877 ausim
691 1838 761 1877 tibi
790 1850 955 1890 usquam
987 1838 1196 1890 quicquam
1228 1837 1381 1877 facinus
1410 1838 1549 1877 falsum
1580 1835 1791 1889 proloqui?
1810 1840 1944 1875 154.155

208 1906 303 1957 quin
336 1906 409 1945 iam
442 1906 551 1957 prius
582 1918 699 1957 quam
731 1918 818 1945 sum
850 1906 1039 1953 elocutus,
1071 1905 1146 1945 scis
1176 1905 1207 1945 si
1240 1906 1397 1945 mentiri
1430 1905 1529 1945 volo.
1588 1905 1664 1946 Ac.
1695 1905 1766 1951 Ah,

206 1973 472 2013 lassitudinem
506 1974 635 2013 hercle
666 1973 781 2012 verba
813 1981 876 2014 tua
908 1974 1002 2013 mihi
1034 1974 1194 2021 addunt,
1226 1974 1369 2014 enicas.

324 2189 381 2222 131
411 2186 599 2221 charInum
626 2185 671 2226 B,
696 2187 841 2221 carinus
868 2185 901 2219 D
1007 2197 1090 2221 erus
1115 2190 1170 2222 est
1194 2185 1412 2222 Ritsclwlius
1435 2191 1447 2228 (
1452 2188 1564 2231 posui
1585 2190 1641 2222 est
1657 2191 1772 2229 erus):
1798 2198 1875 2223 ser-

208 2253 277 2277 uus
298 2243 340 2281 B,
366 2253 448 2278 erus
468 2242 528 2277 CD
620 2243 764 2277 domine
782 2245 880 2277 stant
904 2243 1000 2277 fores
1018 2243 1053 2277 B
1148 2246 1211 2278 134
1227 2254 1279 2288 sq.
1306 2243 1467 2289 disponit
1492 2249 1530 2277 ut
1545 2254 1574 2278 s.
1592 2244 1627 2279 B
1722 2247 1786 2279 134
1811 2245 1875 2280 tri-

205 2303 355 2333 metrum
381 2300 530 2344 afflzovit
555 2298 587 2334 V
586 2299 745 2345 ssinqe'nx
814 2310 871 2334 res
894 2300 989 2334 mala
1009 2299 1053 2339 R,
1078 2300 1128 2342 cs.
1149 2298 1324 2334 Luchsius
1339 2301 1377 2334 in
1394 2299 1553 2335 Student.
1571 2299 1664 2335 stud.
1681 2301 1714 2342 1,
1730 2302 1784 2335 26

206 2355 322 2390 multa
338 2358 461 2390 ececte
483 2355 514 2389 B
587 2358 648 2390 135
666 2356 824 2400 perimus
900 2358 961 2390 136
978 2356 1061 2401 <id>
1078 2355 1334 2390 Lachmannus
1407 2358 1469 2391 138
1486 2357 1541 2392 tui
1556 2356 1698 2392 Nonius
1709 2358 1784 2392 166

206 2411 354 2446 ramites
381 2411 433 2446 B:
457 2411 618 2446 tramites
646 2411 715 2452 CD,
740 2411 892 2446 ramices
918 2411 1081 2453 Nonius;
1110 2413 1159 2457 cf.
1188 2412 1298 2448 Poen.
1327 2413 1418 2454 540,
1454 2412 1588 2448 Caesar
1610 2413 1696 2449 diss.
1721 2415 1871 2461 Arqent.

204 2469 258 2509 11,
277 2468 348 2502 316
438 2468 509 2502 iam
543 2468 697 2502 dudum:
730 2471 849 2503 atrum
881 2469 965 2503 dum
992 2468 1132 2504 Nonius
1228 2472 1285 2503 141
1315 2479 1380 2513 ego
1406 2480 1474 2504 om.
1502 2468 1563 2505 CD
1657 2473 1723 2505 144
1744 2471 1873 2517 (cum)

205 2523 365 2569 Pylades
459 2527 522 2558 145
553 2524 670 2569 possit
766 2527 826 2560 148
857 2526 953 2570 quod
983 2526 1014 2560 B
1109 2528 1172 2560 149
1203 2525 1291 2560 mihi
1324 2528 1422 2560 tuam
1447 2528 1481 2562 B
1568 2525 1733 2561 dextram
1761 2537 1873 2572 agen·

205 2581 291 2615 dum
382 2581 553 2625 agedum:
579 2591 652 2615 non
675 2581 805 2627 repetit
823 2583 932 2624 ced03
958 2582 1006 2626 cf
1026 2581 1256 2616 Abraleamus
1271 2581 1364 2616 stud.
1383 2581 1438 2616 Pl.
1455 2583 1529 2617 183
1621 2584 1701 2618 hem
1722 2583 1782 2620 CD

209 2639 384 2671 150—165
413 2641 503 2683 post
525 2637 762 2673 Ritschelium
795 2636 986 2683 Vssinqius
1010 2637 1226 2673 Ribbeckius
1246 2649 1285 2684 p.
1311 2639 1334 2673 4
1364 2639 1580 2678 (149-165›
1611 2644 1645 2674 et
1668 2640 1750 2674 item
1775 2639 1873 2676 Lan-

204 2704 319 2738 9enus
342 2694 437 2728 stud.
455 2693 511 2728 Pl.
531 2694 610 2728 305
623 2705 676 2739 sq.
701 2695 937 2729 retractatori
959 2694 1162 2729 tribuerunt
1169 2707 1184 2736 ,·
1207 2695 1338 2740 quihus
1356 2694 1526 2730 accedere
1541 2706 1614 2730 non
1633 2707 1781 2742 possum

207 2752 270 2784 150
297 2749 424 2785 obesse
441 2752 659 2794 sequentem,
677 2760 772 2784 corr.
789 2749 956 2795 Scaliqer
1044 2753 1103 2785 151
1134 2751 1213 2796 qui:
1238 2761 1344 2796 quam
1363 2750 1397 2785 B
1486 2752 1546 2785 153
1573 2752 1671 2797 (cis)
1687 2753 1873 2789 Acidale'us

204 2809 240 2840 et
263 2805 388 2841 Dousa
417 2807 481 2851 (cf.
509 2805 613 2841 Truc.
639 2807 728 2847 348)
819 2807 979 2852 percutit
1007 2807 1150 2842 Nonius
1172 2808 1245 2842 163
1341 2809 1404 2842 156
1428 2807 1590 2853 eloquius
1616 2808 1651 2844 B
1744 2809 1815 2845 scis
1841 2808 1873 2845 si

209 2862 459 2897 Camerarius:
483 2863 612 2898 scisset
639 2863 684 2904 B,
710 2863 821 2898 scisse
847 2863 909 2899 CD
1000 2864 1049 2898 ha
1073 2866 1106 2899 B
