2018 3183
242 108 321 147 304
982 107 1161 143 PLAVTI
1647 108 1690 135 lv
1707 109 1732 140 2,
1748 109 1874 138 <at—cat.
1887 110 1904 137 6

328 231 367 264 et
395 224 593 264 redditura
624 229 682 262 est
710 229 817 262 tuam
848 221 930 269 tibi,
963 228 1002 261 et
1032 234 1076 260 ea
1108 221 1229 273 gratia

327 294 442 332 domo
475 291 651 343 profecta
682 297 752 329 est.
812 295 986 328 ceterum
1017 302 1064 328 ex
1094 289 1189 340 ipsa,
1221 288 1399 335 obsecro,

329 358 612 409 exquaeritote:
646 369 718 408 ego
749 368 859 396 serva
889 368 989 396 sum.
1049 356 1188 396 PHAN.
1239 356 1415 407 Aequom
1447 356 1633 408 postulas.
1916 366 1972 398 765

328 426 441 465 HAL.
490 425 597 464 Illius
627 426 699 476 ego
730 424 855 464 istanc
886 436 971 463 esse
1002 423 1102 462 malo
1133 423 1308 475 gratiam.

329 493 395 533 sed
426 492 551 532 istanc
581 491 769 531 cistellam
799 498 838 531 te
868 503 1034 543 opsecro
1064 498 1109 530 ut
1138 491 1275 531 reddas
1305 491 1412 530 mibi.

329 561 469 600 PHAN.
519 559 623 606 Quid
653 560 715 607 fit,
754 557 996 611 Lampadio?
1055 559 1195 599 LAMP.
1247 558 1359 605 Quod
1392 565 1501 598 tuom
1533 565 1590 598 est
1620 565 1754 598 teneas
1784 565 1905 599 tuom.

329 628 468 667 PHAN.
519 629 568 666 At
597 639 660 667 me
691 627 806 666 huius
837 627 1006 666 miseret.
1066 627 1206 666 LAMP.
1258 625 1322 665 Sic
1353 625 1577 665 faciundum
1609 639 1773 667 censeo:

331 695 376 734 da
408 695 469 734 isti
501 694 687 734 cistellam
720 699 758 733 et
787 694 892 734 intro
923 694 985 733 abi
1016 707 1106 734 cum
1137 694 1232 733 istac
1262 694 1400 733 semul.
1921 702 1977 735 770

329 763 469 803 PHAN.
520 761 607 801 Tibi
638 762 880 802 auscultabo.
940 768 1031 801 tene
1062 768 1104 801 tu
1136 761 1323 801 cistellam
1353 761 1434 809 tibi,

333 830 518 870 abeamus
548 831 667 870 intro.
727 830 793 870 sed
827 829 919 881 quid
949 827 1055 884 (est)
1086 841 1228 869 nomen
1261 836 1351 869 tuae

335 896 543 937 dominae?
602 898 715 937 ΗΑΒ.
765 897 962 937 Melaenis.
1021 897 1161 936 PHAN.
1212 896 1227 935 1
1258 909 1363 948 prae,
1394 897 1469 935 iam
1501 908 1573 947 ego
1604 903 1641 936 te
1672 908 1824 948 sequar.
1856 919 1907 925 —

941 965 1211 1004 DEMIPHO
1870 964 1911 1004 V

249 1034 350 1080 Quid
380 1034 455 1073 hoc
487 1034 619 1085 negoti
651 1040 721 1081 est,
754 1032 859 1084 quod
893 1045 1030 1072 omnes
1062 1033 1243 1072 homines
1275 1032 1500 1071 fabulantur
1530 1044 1601 1084 per
1631 1032 1708 1071 vias

248 1101 342 1140 mihi
374 1114 458 1141 esse
490 1101 606 1140 filiam
637 1099 865 1139 inventam?
897 1106 935 1139 et
964 1100 1271 1152 Lampadionem
1303 1112 1365 1139 me
1396 1100 1435 1138 in
1467 1100 1553 1139 foro
1922 1109 1979 1140 775
2015 1147 2018 1156 1

245 1169 479 1220 quaesivisse
498 1169 619 1208 aiunt.
678 1168 818 1208 LAMP.
842 1167 929 1215 Ere,
947 1168 1050 1207 unde
1070 1166 1128 1207 is?
1187 1167 1303 1207 DEM.
1326 1167 1383 1206 Ex
1399 1174 1550 1208 senatu.
1581 1168 1720 1208 LAMP.
1752 1167 1910 1208 Gaudeo

247 1236 317 1275 tibi
347 1248 432 1275 mea
463 1248 581 1287 opera
611 1236 826 1275 liberorum
858 1247 942 1274 esse
974 1235 1152 1286 amplius.
1211 1235 1327 1275 DEM.
1379 1235 1494 1274 Enim
1527 1248 1607 1275 non
1630 1236 1767 1288 placet.
2015 1236 2018 1287 ξ

247 1304 303 1343 nil
334 1316 468 1343 moror
498 1304 623 1343 aliena
653 1304 705 1342 mi
737 1314 855 1354 opera
887 1302 968 1341 fieri
1001 1303 1124 1354 pluris
1155 1302 1312 1342 liberos.
2015 1289 2018 1298 ¹

246 1371 313 1411 sed
345 1371 439 1423 quid
469 1372 568 1411 istt'ic
599 1369 682 1410 est?
740 1371 881 1410 LAMP.
932 1371 1104 1423 Propera
1135 1371 1192 1410 ire
1223 1371 1326 1410 intro
1358 1371 1435 1410 huc
1465 1371 1512 1410 ad
1543 1372 1710 1411 adfinem
1740 1378 1862 1415 tuom,

247 1439 363 1478 filiam
395 1445 499 1478 tuam
531 1439 605 1478 iam
638 1450 855 1489 cognosces
886 1439 1003 1477 intus.
1064 1437 1208 1477 ibidem
1239 1451 1339 1478 uxor
1371 1445 1432 1478 tua
1465 1446 1535 1479 est.
1926 1447 1982 1480 780
2016 1474 2018 1477 ,

246 1507 308 1546 abi
338 1507 428 1546 cito.
487 1507 604 1546 DEM.
656 1506 853 1545 Praevorti
885 1505 959 1544 hoc
991 1512 1179 1545 certumst
1210 1506 1328 1546 rebus
1359 1507 1441 1546 aliis
1472 1507 1666 1547 omnibus.
1698 1529 1753 1535 —

248 1652 303 1692 Ne
335 1653 581 1704 exspectetis,
613 1658 868 1704 spectatores,
900 1653 992 1692 dum
1024 1653 1077 1691 illi
1109 1653 1185 1692 huc
1215 1653 1262 1691 ad
1294 1665 1360 1692 vos
1393 1661 1552 1693 exeant:

248 1733 363 1760 nemo
395 1720 527 1769 exibit,
559 1732 696 1760 omnes
728 1721 835 1760 intus
867 1721 1079 1760 conficient
1111 1720 1324 1772 negotium.

248 1788 317 1828 ubi
347 1788 384 1827 id
417 1788 491 1827 erit
522 1787 680 1835 sactum,
713 1794 945 1827 ornamenta
976 1795 1148 1840 ponent3
1181 1788 1356 1839 postidea
1388 1788 1463 1827 loci

249 1856 315 1907 qui
346 1856 509 1907 deliquit
536 1855 745 1907 vapulabit,
779 1856 845 1906 qui
879 1868 955 1895 non
990 1855 1154 1906 deliquit
1184 1855 1303 1894 bibet.
1930 1857 1985 1891 785

250 1935 358 1962 nunc
389 1923 492 1974 quod
524 1923 569 1961 ad
601 1935 680 1970 vos,
712 1929 965 1974 spectatores,
998 1923 1185 1962 relicuom
1219 1923 1470 1974 relinquitur,

247 2002 356 2030 more
388 1990 579 2029 maiorum
610 1990 696 2029 date
726 1990 905 2042 plausum
938 1997 1135 2042 postrema
1166 1991 1204 2029 in
1239 1991 1452 2030 comoedia.

361 2091 424 2123 763
450 2089 614 2124 reditura
632 2089 666 2123 B
687 2095 772 2125 ame
796 2099 903 2130 corr..
933 2088 965 2123 E
1059 2092 1122 2123 7613
1147 2089 1254 2124 istam
1278 2100 1426 2125 necesse
1450 2094 1519 2132 (-so
1553 2089 1648 2134 VE),
1673 2101 1765 2125 corr.
1795 2090 1916 2126 Came-

246 2145 368 2179 rarius
459 2145 552 2179 male
585 2143 647 2178 VE'
736 2147 800 2180 768
827 2146 874 2181 sit
907 2145 974 2181 ΓΕ
1066 2149 1129 2180 770
1155 2149 1192 2181 et
1219 2146 1268 2180 B²
1292 2147 1328 2180 in
1353 2157 1423 2180 ras.
1451 2150 1555 2187 (eras.
1572 2146 1694 2189 tibi?):
1720 2149 1756 2182 te
1784 2146 1852 2182 VE

248 2200 307 2235 abi
327 2215 342 2231 *
363 2203 467 2242 (eras.
486 2200 546 2243 αἳ)
571 2200 627 2235 Β.·
652 2201 725 2236 abii
751 2201 820 2236 ΓΕ
910 2203 1014 2237 simul
1039 2202 1094 2237 Β2
1192 2205 1254 2237 771
1281 2213 1342 2237 PH.
1369 2201 1530 2237 Merula:
1554 2207 1650 2248 spat.
1679 2203 1723 2245 B,
1750 2214 1817 2238 om.
1853 2203 1922 2239 VE

248 2260 321 2298 (PH.
340 2267 370 2291 v.
392 2258 462 2292 770
478 2268 621 2303 praem.
640 2257 711 2299 ΒΞ)
782 2262 798 2292 7
805 2262 821 2292 7
828 2261 846 2292 2
862 2260 964 2302 (est)
981 2258 1249 2294 Sludmnundus
1343 2261 1406 2293 773
1426 2259 1578 2294 domnae
1596 2259 1631 2294 B
1723 2259 1920 2295 Melaenidi

249 2312 434 2349 Becker-us
457 2314 493 2347 in
511 2312 752 2349 Scudemundz·
772 2315 865 2349 stud.
889 2317 1001 2353 1,171
1093 2316 1159 2351 is:
1182 2315 1223 2349 ii
1321 2318 1385 2349 774
1409 2326 1457 2349 DE
1481 2326 1599 2351 MIPHo
1623 2318 1801 2358 (nummo
1835 2315 1918 2360 VE')

249 2380 364 2405 SENEx
383 2380 636 2405 LAMPADIchs
653 2381 789 2406 SERVVS
881 2372 1095 2407 fabulantur
1115 2371 1147 2405 B
1154 2374 1163 2393 ¹
1258 2375 1323 2406 775
1340 2371 1452 2406 filiam
1468 2372 1556 2406 mihi
1580 2383 1659 2408 esse
1684 2372 1716 2406 V
1714 2373 1874 2418 ssinqz‘us

250 2429 287 2461 et
302 2427 531 2471 padictonem
550 2426 584 2461 B
591 2428 612 2468 ¹,
630 2431 666 2462 et
682 2428 904 2473 paditionem
930 2428 961 2463 V
964 2428 1006 2469 E,
1026 2429 1135 2464 etiam
1154 2428 1436 2473 Lampadionem
1455 2427 1655 2464 Schoellz'us
1747 2433 1813 2465 776
1830 2430 1920 2466 undi

252 2482 383 2517 B¹VE¹
471 2487 488 2517 7
495 2487 534 2517 77
553 2484 694 2525 etenim,
712 2495 807 2520 corr.
828 2484 992 2526 Boclzz'us,
1017 2486 1068 2529 cf.
1089 2485 1284 2530 Lanqenus
1302 2485 1413 2531 symb.
1431 2486 1510 2519 263
1603 2489 1667 2521 779
1684 2487 1781 2522 hunc
1807 2486 1877 2522 VE

251 2541 314 2573 781
341 2550 400 2574 DE.
420 2541 683 2586 praemissum,
708 2552 803 2576 corr.
830 2540 922 2576 Pius
1016 2543 1079 2575 784
1104 2541 1200 2576 lucio
1226 2541 1274 2575 Βι
1295 2546 1337 2576 ut
1359 2541 1440 2581 vid„
1466 2541 1528 2576 lici
1554 2540 1585 2576 V
1586 2541 1622 2576 E
1711 2545 1776 2578 785
1802 2554 1919 2589 uapu-

250 2595 341 2631 lauit
358 2595 391 2630 B
399 2595 450 2629 ¹V
542 2598 606 2630 786
631 2596 808 2641 reliquum
902 2607 1037 2632 PLAVTI
1061 2607 1305 2632 cIS'rELLARlA
1328 2607 1501 2632 EXPLICIT
1529 2596 1606 2632 BV
1610 2596 1644 2632 Ε

360 2652 409 2687 ad
427 2652 666 2688 Cistellariam
682 2655 826 2689 rettulit
840 2653 1143 2689 Reitzenstefnius
1168 2654 1268 2690 Verr.
1286 2653 1434 2688 Forsclz.
1455 2655 1502 2688 59
1519 2654 1677 2699 qlossam
1695 2654 1806 2691 Pauli
1827 2657 1882 2698 61,
1897 2658 1921 2692 8

251 2708 467 2744 coniuola
492 2709 646 2753 occulta,
670 2710 722 2755 cf.
741 2721 840 2757 corp.
857 2710 968 2756 qloss.
995 2712 1028 2751 5,
1053 2711 1109 2752 15,
1134 2712 1181 2745 12
1205 2716 1240 2746 et
1265 2712 1322 2753 57,
1347 2712 1425 2752 22,·
1449 2711 1530 2745 item
1548 2710 1753 2755 Seysffertus
1770 2713 1806 2746 in
1827 2712 1920 2748 Bur-

248 2764 344 2798 siani
368 2765 490 2799 annal.
519 2766 577 2808 63,
602 2767 628 2800 2
652 2771 856 2812 sequentem
882 2766 994 2801 Pauli
1007 2767 1167 2813 qlossam
1193 2766 1435 2811 cogitatim
1459 2766 1718 2803 aduerbialiter
1740 2779 1806 2813 pro
1825 2769 1922 2814 cogi-

250 2823 336 2855 tate.
385 2820 539 2867 denique
563 2823 601 2856 in
624 2822 804 2867 qlossarw
831 2822 1002 2858 Plautino
1028 2826 1080 2869 (p.
1100 2824 1179 2858 235
1190 2822 1265 2865 R.).·
1296 2823 1333 2858 iu
1359 2823 1566 2859 Cistellaria
1588 2823 1848 2861 nudiussextus
1876 2827 1920 2868 (v.

246 2876 324 2922 frq.
351 2875 401 2921 I).
451 2879 711 2914 summatim.
761 2879 1032 2924 benigniter.
