2018 3183
1720 83 1735 111 1
1748 85 1775 118 1,
1794 85 1878 114 1—18

876 839 1200 881 ERGASHNS
1805 839 1827 878 Ι
1851 841 1872 879 1

477 918 663 958 Iuventus
694 931 840 957 nomen
872 917 1012 958 indidit
1042 919 1181 957 Scorto
1211 918 1319 965 mihi,

478 999 524 1026 eo
556 989 646 1037 quia
676 986 881 1026 invocatus
910 987 1017 1026 soleo
1047 999 1132 1026 esse
1163 986 1203 1025 in
1235 985 1426 1025 convivio.

477 1054 558 1094 scio
590 1054 758 1093 absurde
789 1054 937 1093 dictum
966 1054 1043 1093 hoc
1074 1053 1269 1093 derisores
1299 1054 1441 1100 dicere,

478 1128 516 1160 at
546 1134 618 1173 ego
649 1122 710 1160 aio
742 1127 861 1161 recte.
895 1134 983 1161 nam
1013 1128 1189 1161 scortum
1220 1121 1259 1160 in
1290 1121 1466 1160 convivio

477 1190 550 1228 sibi
580 1192 744 1237 amator,
776 1190 873 1229 talos
905 1202 1024 1241 quom
1055 1190 1159 1237 iacit,
1190 1197 1364 1230 scortum
1395 1190 1561 1231 invocat.

477 1263 589 1297 estne
619 1258 841 1297 invocatum
872 1270 922 1296 an
954 1271 1036 1297 non
1066 1254 1176 1310 (θεῖ’.)
1207 1255 1288 1311 est>
1316 1258 1577 1310 planissume;

475 1337 611 1364 verum
641 1326 774 1365 hercle
803 1338 895 1365 vero
927 1339 1000 1365 nos
1029 1325 1188 1378 parasiti
1218 1325 1385 1378 planius,

477 1406 576 1444 quos
607 1406 823 1445 numquam
853 1394 1061 1446 quisquam
1092 1406 1224 1445 neque
1255 1400 1366 1433 vocat
1395 1406 1525 1445 neque
1556 1393 1722 1433 invocat.

475 1462 584 1513 quasi
613 1474 745 1503 mures
773 1475 931 1514 semper
959 1463 1110 1502 edimus
1138 1462 1309 1502 alienum
1340 1462 1493 1511 cibum3

474 1529 541 1568 ubi
571 1542 634 1570 res
664 1529 837 1582 prolatae
866 1536 971 1577 sunt,
1003 1542 1122 1582 quom
1153 1542 1222 1570 rus
1251 1530 1430 1569 homines
1461 1536 1568 1578 eunt,

473 1597 587 1637 simul
617 1597 793 1649 prolatae
823 1610 887 1637 res
916 1603 1010 1637 sunt
1041 1598 1186 1637 nostris
1217 1597 1412 1637 dentibus.

471 1665 593 1716 quasi,
625 1677 715 1704 cum
746 1665 908 1714 caletur,
939 1665 1096 1705 cocleae
1127 1665 1166 1705 in
1200 1666 1354 1705 occulto
1385 1666 1518 1713 latent,

469 1746 542 1773 suo
573 1733 646 1773 sibi
675 1746 772 1774 suco
801 1734 946 1782 vivont,
978 1746 1045 1774 ros
1074 1734 1106 1773 si
1138 1747 1219 1773 non
1251 1734 1364 1782 eadit,

471 1801 564 1841 item
595 1801 753 1853 parasiti
784 1801 904 1842 rebus
933 1802 1096 1854 prolatis
1125 1802 1249 1842 latent

468 1870 508 1909 in
543 1870 699 1910 occulto
729 1870 874 1919 miseri,
903 1870 1081 1910 victitant
1109 1882 1205 1910 suco
1235 1883 1321 1918 su0‚

470 1938 561 1977 dum
593 1939 677 1978 ruri
706 1944 846 1978 rurant
876 1939 1057 1979 homines
1089 1951 1188 1990 quos
1218 1938 1438 1990 ligurriant.

468 2006 629 2058 prolatis
659 2006 778 2045 rebus
807 2006 966 2058 parasiti
997 2006 1166 2046 venatici

466 2086 614 2121 sumus,
646 2074 805 2124 quando
836 2087 898 2114 res
928 2074 1145 2123 redierunt,
1176 2074 1372 2113 molossici

308 2183 350 2216 69
387 2181 593 2217 PARAsmvs
730 2183 780 2228 cf.
817 2182 913 2217 Men.
955 2184 1002 2218 77
1016 2194 1071 2228 sq.
1109 2182 1211 2218 Pers.
1243 2184 1290 2217 53
1313 2193 1366 2228 sq.
1504 2182 1672 2218 Nuentus
1711 2180 1782 2217 VE

195 2238 236 2270 72
261 2236 321 2272 aio
348 2237 598 2274 Camerarius:
621 2240 681 2275 dio
715 2239 793 2282 VE,
818 2239 888 2275 clio
913 2238 984 2274 BD
1079 2242 1119 2273 73
1145 2244 1188 2274 ut
1212 2239 1327 2274 lusum
1354 2238 1506 2274 auribus
1528 2239 1685 2285 inqerat,
1709 2243 1868 2274 scortum

192 2294 335 2338 repetit,
360 2291 521 2339 ἐν·ἦ’θει,
545 2295 806 2330 invocationem
839 2295 986 2330 imitans
1016 2299 1056 2330 ut
1081 2295 1144 2330 illa
1169 2296 1216 2330 ad
1241 2306 1341 2330 arma
1366 2298 1550 2330 cessantes
1575 2296 1622 2330 ad
1654 2305 1756 2330 arma
1779 2304 1865 2330 con-

193 2348 297 2392 citet,
329 2353 445 2386 mater
467 2353 584 2387 mater
613 2352 827 2388 clamantem
857 2355 891 2387 et
914 2351 1057 2386 similia.
1094 2352 1146 2397 cf.
1170 2353 1219 2386 ad
1248 2351 1361 2386 Poen.
1386 2352 1482 2386 1196
1620 2355 1663 2386 74
1686 2351 1869 2398 supplevit

194 2406 424 2442 Camerarius
515 2408 748 2453 planussume
774 2409 808 2443 B
913 2412 955 2443 75
981 2419 1069 2443 uero
1094 2407 1254 2443 Parcus:
1278 2419 1406 2443 uerum
1510 2410 1553 2442 76
1577 2419 1693 2452 neque
1716 2408 1867 2444 inuocat

191 2461 355 2497 additum
380 2468 420 2498 ut
441 2465 575 2500 similia
601 2464 709 2512 Epid.
737 2466 816 2508 514,
843 2465 877 2500 T
873 2465 942 2500 rin.
959 2466 1042 2507 134,
1065 2464 1168 2500 Pers.
1192 2466 1274 2505 174,
1302 2464 1498 2500 Curc.297
1621 2468 1662 2500 77
1688 2465 1738 2510 cf.
1763 2464 1865 2500 Pers.

193 2520 254 2560 58,
279 2520 382 2564 infra
407 2521 457 2556 ad
479 2533 509 2557 v.
527 2522 614 2557 324.
642 2522 715 2557 664
728 2533 781 2568 sq.
919 2522 963 2557 de
986 2526 1106 2557 scorto
1131 2523 1232 2557 iocus
1260 2521 1374 2568 Ipsius
1399 2521 1525 2556 Plauti
1547 2525 1612 2564 est,
1637 2522 1703 2567 qui
1724 2521 1774 2557 ad
1796 2519 1867 2558 τὸν

191 2573 357 2622 ἄκλητον
381 2588 452 2612 non
482 2578 648 2623 quadret.
694 2578 760 2614 sed
781 2589 870 2614 sane
894 2579 1054 2614 invocati
1076 2581 1267 2615 δειπνοῦσι
1291 2573 1517 2624 τάλλότρια,
1547 2588 1666 2613 mures
1690 2579 1772 2613 item
1797 2574 1865 2615 ἄκ-

188 2634 294 2678 λητοι
317 2632 441 2680 (Dioq.
457 2633 499 2670 L,
520 2636 554 2678 6,
571 2636 636 2678 40)
735 2638 775 2670 77
802 2635 931 2681 cybum
957 2634 1035 2670 BV
1136 2637 1178 2669 78
1203 2646 1287 2679 qum
1312 2634 1395 2676 BD,
1420 2635 1506 2680 quin
1539 2633 1609 2669 VE
1712 2635 1754 2669 So
1780 2643 1864 2669 coc-

190 2688 268 2724 cleo
292 2689 362 2732 13¹,
393 2690 516 2726 occleo
540 2690 670 2733 DVE',
701 2701 798 2726 corr.
824 2691 892 2734 B2,
926 2691 1106 2736 cocli(ae>
1138 2690 1348 2727 Macrobius
1377 2701 1456 2726 exe.
1481 2690 1526 2725 de
1558 2691 1664 2727 verbo
1699 2690 1737 2726 G.
1760 2689 1801 2725 L.
1829 2690 1863 2732 5,

194 2746 269 2779 648
293 2744 338 2781 Is.
363 2750 533 2787 (testatur
556 2748 709 2791 caletur)
802 2750 843 2783 83
869 2747 1048 2783 uiccitant
1076 2746 1107 2782 V
1109 2746 1146 2782 E
1234 2758 1300 2783 suo
1326 2758 1414 2782 suco
1433 2747 1467 2782 B
1561 2749 1603 2782 84
1627 2748 1712 2782 dum
1734 2749 1865 2783 rurant

190 2801 332 2837 Nonius
354 2804 428 2839 164
547 2806 589 2839 85
615 2804 776 2841 uenatici
797 2803 978 2851 Pylades:
1002 2803 1162 2840 uenatici
1190 2814 1299 2840 canes
1415 2806 1457 2839 86
1481 2804 1670 2840 redierunt
1691 2801 1863 2846 (sumus)

189 2858 333 2894 Birtius
357 2863 402 2902 (v.
425 2859 646 2907 Appulmius
670 2865 809 2907 quaest.
835 2861 958 2898 Plaut.
984 2862 1045 2905 53)
1054 2873 1068 2903 ,·
1092 2860 1248 2907 offendit
1270 2872 1393 2896 sumus
1418 2861 1455 2896 in
1472 2861 1661 2908 positione
