1998 3179
112 117 185 152 prol.
204 118 290 145 1—20

790 910 1094 950 PROLOGVS

380 1025 460 1064 Hos
492 1037 591 1076 quos
622 1024 757 1063 videtis
787 1029 888 1063 stare
919 1023 982 1061 hic
1012 1022 1185 1073 captivos
1215 1022 1326 1069 duos,

379 1102 404 1135 -1-
429 1092 482 1131 illi
513 1093 578 1143 qui
609 1097 749 1137 astant,
781 1091 820 1130 hi
851 1096 956 1130 stant
986 1090 1112 1138 ambo,
1145 1103 1225 1129 non
1258 1090 1413 1137 sedent;

378 1160 454 1199 hoc
483 1172 551 1199 vos
581 1159 675 1198 mihi
706 1165 826 1198 testes
856 1158 947 1197 estis
978 1170 1038 1196 me
1069 1170 1204 1196 verum
1235 1157 1356 1208 loqui.

379 1240 499 1267 senex
530 1227 596 1278 qui
626 1227 690 1266 hic
719 1226 866 1265 habitat
896 1225 1020 1275 Hegio
1053 1231 1110 1264 est
1140 1225 1256 1264 huius
1286 1230 1409 1277 pater.

378 1295 446 1334 sed
476 1295 508 1334 is
539 1307 616 1345 quo
647 1300 762 1345 pacto
794 1293 934 1332 serviat
963 1305 1034 1332 suo
1066 1292 1140 1331 sibi
1171 1292 1286 1343 patri,
1815 1310 1833 1340 5

378 1362 416 1401 id
448 1374 519 1413 ego
550 1362 613 1401 hic
643 1361 742 1413 apud
774 1373 842 1400 vos
872 1360 1097 1411 proloquar,
1128 1360 1159 1399 si
1191 1371 1351 1411 operam
1381 1359 1491 1398 datis.

377 1430 461 1469 seni
492 1430 584 1468 huic
614 1430 775 1468 fuerunt
805 1428 873 1467 filii
905 1428 982 1466 uati
1013 1427 1110 1473 du0;

377 1497 541 1536 alterum
574 1496 820 1548 quadrimum
850 1508 1017 1547 puerum
1048 1507 1180 1534 servos
1208 1494 1365 1546 surpuit

378 1577 547 1616 eumque
576 1564 669 1603 hiuc
698 1563 928 1615 profugiens
958 1562 1131 1602 vendidit
1160 1562 1200 1601 iu
1233 1562 1341 1602 Alide

375 1632 477 1685 patri
508 1632 634 1671 huius.
685 1631 760 1670 iam
792 1632 865 1670 hoc
897 1629 1067 1669 tenetis?
1101 1645 1121 1665 εκ
1155 1636 1315 1682 optume
1346 1636 1416 1669 est.
1797 1646 1832 1677 10

376 1702 494 1752 negat
522 1700 654 1739 hercle
685 1699 749 1738 ille
779 1698 952 1738 ultimus.
1003 1698 1191 1738 accedito.

375 1768 408 1808 si
440 1781 521 1807 non
554 1767 621 1807 ubi
652 1767 786 1807 sedeas
816 1767 927 1806 locus
958 1772 1027 1814 est,
1064 1772 1123 1806 est
1154 1766 1219 1805 ubi
1250 1765 1438 1812 ambules,

375 1836 531 1887 quando
562 1836 795 1875 histrionem
826 1835 933 1886 cogis
963 1834 1236 1873 mendicarier.

376 1916 449 1955 ego
480 1916 542 1942 me
574 1908 639 1942 tua
670 1915 797 1949 causa,
831 1916 878 1941 ue
909 1914 1028 1951 erres,
1063 1915 1142 1941 non
1175 1907 1365 1953 rupturus
1395 1913 1494 1940 sum.

374 1984 442 2011 vos
473 1971 538 2022 qui
569 1971 733 2023 potestis
764 1984 838 2022 ope
869 1977 994 2010 vestra
1027 1970 1236 2017 censerier,
1797 1984 1832 2016 15

375 2039 539 2090 accipite
569 2039 779 2077 relicuom:
817 2038 944 2077 alieno
977 2038 1032 2077 uti
1063 2038 1117 2076 nil
1147 2049 1293 2076 moror.

376 2106 557 2157 fugitivos
587 2106 664 2154 ille,
695 2114 738 2145 ut
769 2106 942 2145 dixeram
972 2112 1075 2152 ante,
1106 2106 1222 2144 huius
1252 2105 1353 2156 patri

376 2174 491 2213 domo
524 2176 637 2225 quem
669 2174 899 2226 profugiens
930 2173 1131 2212 dominum
1163 2173 1377 2212 abstulerat
1408 2172 1590 2211 vendidit.

374 2242 406 2281 is
436 2248 644 2293 postquam
675 2243 781 2281 hunc
812 2242 917 2289 emit,
949 2241 1053 2280 dedit
1084 2253 1171 2280 eum
1204 2241 1295 2280 huic
1324 2248 1443 2292 gnato
1474 2253 1545 2279 suo

374 2309 626 2362 peculiarem,
659 2310 747 2361 quia
780 2309 889 2360 quasi
922 2321 997 2348 una
1029 2314 1133 2348 aetas
1164 2315 1258 2347 erat.
1796 2322 1834 2357 20

215 2432 409 2467 Pnomovs
433 2443 472 2467 m
496 2443 669 2468 CAanos
692 2443 828 2467 PLAv‘n
854 2431 976 2474 BVE,
1002 2442 1069 2467 om.
1095 2431 1127 2466 D
1266 2434 1280 2465 1
1310 2431 1359 2476 cf.
1384 2432 1454 2466 110
1591 2432 1610 2464 2
1634 2429 1703 2464 illi:
1727 2429 1767 2464 in

105 2487 234 2522 uinclis
257 2488 410 2524 Brixe'us
500 2489 556 2524 hi:
580 2489 608 2523 ii
627 2488 865 2530 Camerarius,
890 2488 941 2533 cf.
958 2487 1071 2523 Poen.
1094 2489 1176 2530 769,
1195 2487 1357 2523 Baclzz'us
1373 2487 1417 2522 de
1434 2491 1516 2522 altr.
1542 2487 1677 2521 {211224

106 2542 149 2576 de
172 2543 242 2578 ioci
264 2555 394 2589 qenere
416 2555 448 2580 v.
473 2545 522 2580 ad
543 2544 623 2580 Aul.
647 2546 731 2580 207
852 2547 871 2579 3
896 2547 965 2580 hoc
989 2544 1060 2579 B2:
1083 2546 1150 2579 hos
1263 2544 1367 2579 testis
1482 2547 1502 2577 4
1526 2543 1634 2578 huius
1658 2545 1713 2578 est
1737 2555 1766 2583 ς,

105 2599 154 2643 cf.
181 2599 265 2642 335,
293 2601 376 2644 974,
399 2600 578 2636 Luchsius
600 2602 638 2636 in
663 2601 902 2636 Studemundz·
925 2601 1019 2636 stud.
1043 2603 1082 2642 2,
1107 2602 1183 2635 352
1320 2603 1339 2636 S
1358 2599 1683 2646 pronuntiandum
1699 2599 1768 2635 alt-

104 2664 185 2689 rum
275 2657 464 2703 surrupuit
557 2661 596 2693 10
623 2658 786 2703 huiusce,
810 2658 860 2702 cf.
887 2657 935 2692 ad
958 2657 1071 2693 Poen.
1093 2659 1194 2692 1257
1280 2657 1370 2702 fort.
1395 2656 1554 2700 (aiunt.)
1661 2659 1766 2700 optu-

105 2721 216 2756 mum,
247 2713 414 2755 0077·exi;
445 2713 578 2749 Plauto
603 2711 648 2751 τὸ
683 2711 842 2760 ἄριστον
865 2717 934 2756 est,
966 2717 1146 2759 optumest
1176 2712 1357 2750 κάλλιστα
1384 2710 1471 2758 ἔχει.
1511 2712 1556 2752 cl‘.
1582 2711 1631 2747 ad
1654 2709 1766 2746 Stich·

108 2767 182 2801 537
270 2771 308 2803 11
334 2769 409 2805 illic
433 2769 614 2817 Pylades;
631 2772 756 2817 possis
778 2771 840 2806 ine
863 2771 901 2806 in
925 2770 1072 2806 ultumis
1096 2770 1153 2806 vel
1173 2771 1234 2806 ille
1250 2771 1410 2805 ultumus
1426 2772 1550 2805 tenere
1640 2768 1766 2803 absce-

106 2822 182 2858 dito
211 2822 360 2860 Roscius
465 2827 518 2872 cf.
541 2826 619 2861 Mil.
647 2829 691 2863 81
797 2830 838 2862 15
863 2826 1030 2862 assiduos
1053 2827 1140 2862 dicit
1244 2829 1285 2862 16
1307 2827 1482 2871 reliquom
1577 2828 1616 2861 18
1641 2825 1765 2871 profu-

104 2888 192 2922 gens
219 2878 304 2914 ΒΨ
393 2882 486 2927 fort.
503 2883 647 2919 domino
739 2883 932 2920 abstulerit
956 2884 1005 2918 B¹
1102 2886 1143 2918 19
1167 2884 1199 2918 is
1223 2882 1493 2919 Fleckeisen-us:
1516 2883 1575 2918 hic
