1998 3179
112 73 143 101 11
155 74 182 108 4,
202 74 295 107 11—5‚
318 73 348 101 ¹2
855 74 1030 110 CASINA
1692 76 1771 114 239

115 192 181 231 sed
213 198 344 230 utrum
375 202 483 229 nunc
512 195 554 228 tu
585 189 771 228 caelibem
802 195 839 228 tc
870 191 953 228 esse
983 189 1101 228 mavis
1130 189 1296 228 liberum
1784 199 1840 232 290

114 271 162 297 an
194 258 374 297 maritum
407 269 559 297 servom
589 263 753 296 aetatem
784 257 925 308 degere
957 264 995 296 et
1026 263 1164 308 gnatos
1194 255 1309 296 tuos?

115 326 221 377 optio
251 326 347 364 haec
376 331 442 364 tua
473 330 551 364 est:
583 331 709 363 utram
740 325 876 363 harum
907 324 963 363 vis
993 324 1266 363 condicionem
1297 324 1442 375 accipe.

113 392 249 434 CHAL.
301 393 418 432 Liber
446 392 478 432 si
507 392 592 437 sim,
622 403 709 430 meo
740 391 887 442 periclo
919 391 1060 440 vivam3
1092 403 1200 430 nunc
1228 391 1312 430 vivo
1344 398 1426 431 tuo.

112 461 159 499 de
190 460 326 500 Casina
358 466 507 499 certum
538 465 596 498 est
625 459 841 498 concedere
872 459 1022 497 homini
1053 465 1144 496 nato
1176 459 1337 497 nemini.

110 528 211 568 LYs.
258 527 367 566 Intro
398 527 460 566 abi
491 534 606 579 atque
635 532 806 565 actutum
839 537 1000 564 uxorem
1031 526 1107 564 huc
1138 538 1253 564 evoca
1284 533 1374 564 ante
1405 526 1509 566 aedis
1539 527 1628 573 cito,
1783 536 1838 567 295

112 602 150 634 et
178 595 341 635 sitellam
371 595 448 633 huc
477 600 606 632 tecum
637 593 773 631 efferto
804 594 893 631 cum
925 604 1037 643 aqua,
1069 599 1108 631 et
1136 593 1266 631 sortis.
1325 592 1460 633 CHAL.
1499 594 1598 633 Satis
1630 595 1768 646 placet.

110 662 209 703 LYs.
258 662 341 712 Ego
372 662 439 713 pol
468 661 579 700 istam
610 660 684 698 iam
715 660 1004 711 aliquovorsum
1035 660 1225 711 tragulam
1257 660 1451 700 decidero.

111 741 199 768 nam
230 730 262 768 si
291 730 347 769 sic
378 729 471 768 nihil
503 728 713 779 impetrare
743 734 895 778 potem,
927 727 1062 766 saltem
1093 728 1245 766 sortiar.

109 796 162 835 ibi
194 808 265 847 ego
296 802 333 835 te
364 802 402 835 et
431 795 705 845 suffragatores
735 802 822 834 tuos
852 794 1030 834 ulciscar.
1089 794 1224 835 CHAL.
1273 795 1453 834 Attamen

109 864 161 902 mi
192 862 370 914 obtinget
398 875 496 902 sors.
554 863 652 902 LYs.
704 862 750 901 Vt
781 862 936 913 quidem
967 862 1034 913 pol
1063 874 1201 913 pereas
1230 863 1405 901 cruciatu
1435 864 1550 903 malo.
1781 871 1838 904 300

109 930 242 971 CHAL.
289 930 340 969 Mi
369 930 434 969 illa
465 929 598 978 nubet,
630 929 852 968 machinare
883 930 974 981 quid
1006 929 1115 968 lubet
1145 942 1222 981 quo
1254 930 1308 969 vis
1338 931 1466 970 modo.

107 999 207 1038 LYs.
254 998 355 1037 Abin
387 998 479 1037 hinc
508 997 556 1036 ab
587 996 738 1037 oculis?
797 997 932 1037 CHAL.
976 996 1125 1037 Invitus
1153 1010 1215 1036 me
1244 997 1362 1045 vides,
1393 999 1515 1038 vivam
1546 1006 1689 1040 tamen.
1712 1024 1766 1030 —-

107 1066 206 1106 LYs.
256 1065 404 1104 Sumne
435 1078 506 1117 ego
537 1065 655 1105 miser
684 1063 832 1104 homo?
874 1065 972 1104 satin
1007 1077 1142 1104 omnes
1172 1063 1280 1118 (res)
1310 1073 1403 1105 sunt
1432 1067 1615 1107 advorsae
1645 1068 1767 1108 mihi?

109 1134 183 1173 iam
213 1139 357 1181 metuo,
389 1146 439 1172 ne
470 1133 741 1185 Olympionem
773 1145 857 1172 mea
888 1145 987 1172 uxor
1017 1133 1232 1172 exoraverit

109 1213 159 1240 ne
190 1200 367 1240 Casinam
397 1201 530 1240 ducat:
562 1201 593 1240 si
624 1200 662 1240 id
693 1202 836 1240 sactum
868 1207 937 1247 est,
970 1213 1060 1240 6666
1090 1213 1153 1240 1116
1184 1200 1334 1239 nullum
1365 1214 1521 1245 senem:
1779 1205 1835 1237 305

109 1268 140 1307 si
170 1281 250 1308 non
283 1269 513 1320 impetravit,
545 1269 657 1308 etiam
689 1268 845 1320 specula
877 1268 916 1307 in
950 1269 1083 1308 sortist
1111 1268 1219 1307 mihi.

108 1335 140 1375 si
169 1348 255 1376 sors
284 1343 414 1375 autem
445 1336 661 1383 decolassit‚
692 1336 859 1387 gladium
892 1336 1027 1374 faciam
1059 1336 1242 1375 culcitam

109 1416 276 1455 eumque
305 1403 542 1443 incumbam.
592 1403 659 1443 sed
690 1403 940 1455 progreditur
971 1410 1131 1455 optume
1163 1415 1298 1442 eccum
1332 1403 1526 1456 Olympio.

807 1493 1068 1533 OLYMPIO
1673 1498 1720 1538 II
1740 1501 1763 1538 5

311 1561 390 1600 Vna
422 1561 561 1613 edepol
591 1573 710 1612 opera
740 1561 780 1600 in
812 1563 971 1600 furnum
1004 1561 1167 1601 calidum
1198 1563 1357 1602 condito

307 1636 424 1680 atque
454 1629 505 1668 ibi
536 1635 685 1668 torreto
716 1642 777 1668 me
808 1641 879 1680 pro
912 1641 1012 1680 pane
1034 1629 1187 1678 rubido,
1776 1650 1833 1683 310

308 1709 385 1744 era,
417 1709 492 1748 qua
522 1697 621 1736 istuc
652 1709 770 1748 opera
802 1710 821 1735 a
854 1709 915 1736 me
946 1697 1132 1748 impetres
1163 1698 1265 1749 quod
1297 1700 1482 1750 postulas.

305 1765 404 1805 LYs.
454 1765 586 1804 Salvos
616 1777 714 1807 sum.
746 1764 846 1804 salva
876 1777 965 1816 spes
996 1772 1066 1812 est,
1098 1771 1141 1805 ut
1169 1766 1285 1805 verba
1317 1767 1443 1806 audio.

308 1832 382 1873 OL.
433 1832 534 1878 Quid
565 1839 606 1871 tu
636 1845 698 1871 me
729 1838 808 1879 tua,
841 1844 917 1878 era,
949 1833 1126 1871 libertate
1157 1833 1348 1873 territas?

306 1900 373 1950 qui
404 1901 436 1940 si
466 1907 507 1939 tu
541 1901 639 1940 nolis
669 1901 850 1951 filiusque
881 1902 994 1940 etiam
1025 1908 1126 1948 tuos,

305 1967 413 2007 vobis
443 1968 572 2008 invitis
601 1975 716 2019 atque
746 1968 950 2008 amborum
982 1969 1157 2021 ingratiis
1775 1987 1830 2018 315

305 2047 380 2075 una
411 2036 537 2075 libella
568 2036 668 2075 liber
697 2049 854 2087 possum
889 2037 984 2077 sieri.

303 2104 403 2144 LYS.
454 2103 555 2150 Quid
587 2104 687 2143 istac
718 2102 803 2143 est?
833 2105 992 2155 quicum
1023 2105 1161 2156 litigas,
1194 2104 1401 2157 Olympio?

305 2171 380 2211 OL.
430 2171 526 2210 Cum
557 2171 690 2210 eadem
723 2183 798 2223 qua
829 2177 872 2210 tu
902 2184 1068 2224 semper.
1126 2172 1227 2213 LYs.
1278 2172 1373 2212 Cum
1405 2176 1526 2212 uxore
1556 2172 1671 2212 mea?

305 2239 380 2280 OL.
430 2238 555 2285 Quam
585 2244 627 2278 tu
658 2239 709 2277 mi
739 2237 930 2278 uxorem?
962 2240 1069 2290 quasi
1100 2246 1262 2279 venator
1290 2246 1332 2280 tu
1363 2240 1520 2292 quidem
1550 2253 1609 2280 es:

304 2307 386 2346 dies
416 2309 532 2358 atque
564 2313 699 2346 noctes
730 2319 820 2346 cum
851 2319 946 2346 cane
978 2314 1142 2346 aetatem
1173 2308 1307 2359 exigis.
1773 2323 1830 2355 320

215 2429 278 2462 290
304 2427 361 2462 vel
381 2427 442 2462 ted
534 2429 600 2462 296
624 2427 693 2462 site
715 2427 788 2463 iam
811 2427 903 2462 ΒἘ
992 2430 1055 2462 297
1074 2428 1217 2472 tragula
1234 2428 1286 2463 B¹
1377 2430 1442 2463 298
1466 2431 1618 2473 potuero
1639 2429 1671 2464 B

103 2483 164 2517 301
192 2483 286 2528 quod
307 2483 409 2518 lubet
427 2483 477 2518 B*
570 2486 634 2518 303
658 2483 763 2528 (res)
779 2483 892 2519 Lond.
985 2486 1051 2518 304
1072 2484 1301 2529 olimpionem
1394 2487 1457 2519 305
1484 2485 1619 2520 casiam
1635 2485 1670 2520 B

103 2539 168 2573 306
191 2539 360 2575 insortita.
383 2543 468 2575 sunt
482 2540 581 2582 mihi,
607 2551 699 2575 corr.
721 2540 948 2576 Camerarius
967 2544 1002 2575 et
1020 2539 1189 2582 Guietus,-
1213 2541 1264 2585 cf.
1282 2540 1331 2575 ad
1345 2540 1422 2576 Mil.
1444 2542 1517 2576 595
1607 2545 1671 2578 307
1697 2542 1759 2578 de-

103 2595 261 2631 60118εεί1
289 2597 332 2638 Β,
356 2596 496 2633 decolla
520 2597 566 2632 sit
599 2596 684 2638 VE;
707 2597 756 2643 cf.
785 2597 885 2643 capt.
911 2598 989 2632 497
1077 2600 1142 2632 308
1168 2597 1313 2642 olimpio
1405 2600 1469 2634 309
1494 2609 1629 2634 sznvvs
1655 2609 1760 2634 omm-

101 2661 162 2686 mo
186 2662 300 2686 snxzx
325 2652 437 2687 BVE'
537 2653 681 2697 edepol:
708 2654 792 2689 edet
815 2653 943 2689 Festus
967 2655 1051 2696 355,
1076 2654 1127 2698 cf.
1151 2655 1231 2688 262
1255 2664 1282 2688 s.
1307 2654 1458 2690 rubidus
1565 2657 1626 2690 311
1655 2665 1760 2700 quam

101 2705 206 2743 istam
223 2718 334 2754 opera.
357 2712 463 2750 (-ra.m
488 2709 550 2751 V),
574 2720 667 2745 corr.
688 2709 842 2745 Bria-ius
934 2712 998 2744 313
1023 2713 1088 2745 tua
1111 2721 1173 2745 era
1189 2710 1251 2744 L..·
1276 2720 1365 2745 uera
1457 2713 1521 2745 314
1540 2711 1639 2756 quid,
1663 2722 1758 2747 corr.

102 2763 287 2798 Acidalius
316 2765 414 2810 (quin
438 2766 494 2801 vel
515 2766 589 2811 qui)
704 2768 768 2801 315
791 2767 954 2811 ingratus
988 2766 1020 2800 V
1021 2764 1057 2800 E
1169 2770 1231 2802 317
1259 2766 1380 2811 ligatis
1412 2766 1453 2809 V,
1482 2767 1610 2812 legitas
1636 2767 1674 2803 Ε

103 2822 167 2855 318
191 2831 330 2856 uxoren
355 2820 512 2868 Pylades
604 2825 668 2857 320
692 2825 813 2858 aetate
846 2822 878 2857 V
880 2821 915 2857 Ε
1002 2822 1052 2867 cf.
1081 2823 1151 2858 973
