2018 3183
220 136 299 173 244
959 130 1135 165 PLAVTl
1661 127 1692 156 11
1704 129 1730 162 τ,
1749 128 1827 161 1-8.
1845 128 1878 156 15

900 243 1196 284 CHALINVS
1786 242 1831 281 H
1853 245 1874 282 7

477 315 516 354 Si
549 325 656 353 nunc
686 325 747 352 me
777 311 1027 364 suspendam,
1058 323 1183 350 meam
1214 322 1373 362 operam
1398 310 1557 350 luserim

480 387 518 421 et
547 386 704 432 praeter
735 391 895 432 operam
927 379 1061 418 restim
1091 378 1236 429 sumpti
1267 378 1424 416 fecerim
1891 390 1947 423 425

477 455 516 488 et
545 448 641 488 meis
672 447 840 487 inimicis
868 447 1107 498 voluptatem
1138 446 1362 484 creaverim.

477 517 569 568 quid
602 528 701 568 opus
732 522 800 561 est,
833 515 899 566 qui
930 515 986 554 sic
1015 511 1222 553 mortuos?
1253 513 1434 564 equidem
1466 520 1596 552 tamen

477 584 574 624 sorti
604 596 690 624 sum
722 584 857 630 victus,
889 582 1026 622 Casina
1057 581 1179 621 nubet
1208 581 1335 623 vilico.

477 659 593 703 atque
624 652 661 691 id
693 665 772 691 non
806 658 881 690 tam
913 657 1065 702 aegrest
1096 650 1183 694 iam,
1216 649 1350 689 vicisse
1381 648 1551 695 vilicum,

476 732 591 772 quam
622 720 658 759 id
691 719 920 771 expetivisse
952 731 1069 770 opere
1100 725 1177 757 tam
1209 730 1350 769 magno
1382 729 1530 763 senem,
1892 728 1949 760 430

477 800 527 827 ne
558 799 602 826 ea
632 787 725 826 mihi
756 787 913 826 daretur
943 794 1058 837 atque
1091 792 1132 825 ut
1161 785 1215 824 illi
1247 785 1425 824 nuberet.

477 861 521 894 ut
551 855 614 894 ille
644 853 874 906 trepidabat,
907 860 950 892 ut
980 852 1189 893 festinabat
1220 853 1357 901 miser3

477 929 521 962 ut
551 921 799 968 sussultabat,
830 928 1037 973 postquam
1068 921 1159 960 vicit
1192 921 1338 959 vilicus.

478 996 583 1038 attat,
614 990 827 1029 concedam
859 990 947 1036 huc,
980 989 1094 1027 audio
1125 989 1268 1040 aperiri
1298 988 1405 1034 foris,

476 1058 551 1097 mei
583 1057 863 1097 benevolentes
893 1064 1010 1108 atque
1041 1056 1153 1095 amici
1182 1056 1392 1107 prodeunt.
1893 1065 1950 1097 435

477 1125 570 1164 hinc
601 1138 646 1164 ex
678 1124 828 1164 insidiis
859 1124 966 1164 hisce
995 1136 1068 1175 ego
1100 1123 1260 1162 insidias
1292 1122 1406 1162 dabo.

918 1213 1181 1254 OLYMPIO
1791 1209 1836 1249 II
1857 1213 1881 1251 8

477 1282 572 1322 Sine
604 1282 719 1321 modo
750 1293 817 1320 rus
846 1282 993 1320 veniat:
1025 1293 1097 1332 ego
1129 1280 1321 1320 remittam
1353 1280 1399 1320 ad
1431 1286 1468 1319 te
1501 1279 1623 1319 virum

478 1362 567 1390 cum
598 1351 707 1389 furca
737 1349 777 1388 in
812 1349 946 1389 urbem
978 1356 1176 1400 tamqnam
1208 1348 1496 1389 carbonarium.

884 1437 1222 1480 LYSIDAMVS

479 1508 536 1548 Ita
565 1508 648 1547 fieri
680 1514 846 1559 oportet.
897 1508 972 1547 OL.
1019 1507 1177 1546 Factum
1209 1512 1247 1546 et
1277 1514 1455 1546 curatum
1486 1504 1597 1544 dabo.

478 1577 578 1617 Lxs.
627 1576 740 1615 Volui
772 1575 988 1623 Chalinum,
1019 1575 1051 1614 si
1082 1575 1187 1614 domi
1217 1581 1332 1623 esset,
1363 1574 1516 1614 mittere
1894 1583 1951 1617 440

477 1651 605 1684 tecum
637 1643 884 1691 obsonatum,
915 1649 959 1682 ut
989 1643 1104 1682 etiam
1136 1643 1174 1682 in
1206 1655 1384 1683 maerore
1414 1643 1576 1694 insuper

477 1712 636 1751 inimico
668 1717 803 1752 nostro
834 1711 1028 1751 miseriam
1059 1711 1160 1750 hanc
1190 1711 1458 1763 adiungerem.

478 1780 613 1821 CHAL.
664 1779 862 1820 Recessim
895 1779 1029 1819 cedam
1060 1780 1106 1818 ad
1138 1780 1339 1832 parietem,
1371 1777 1552 1818 imitabor
1582 1789 1744 1830 nepam3

479 1847 711 1900 captandust
739 1847 881 1886 horum
912 1847 1135 1887 clanculum
1165 1859 1293 1887 sermo
1325 1847 1432 1886 mihi.
1730 1839 1734 1843 ⁴

478 1928 567 1955 nam
599 1916 754 1955 illorum
787 1928 849 1955 me
879 1916 975 1955 alter
1006 1916 1165 1964 cruciat,
1196 1915 1293 1955 alter
1322 1921 1504 1955 macerat.
1895 1921 1951 1954 445

480 1990 519 2022 at
548 1983 774 2023 candidatus
805 1983 905 2023 cedit
934 1983 997 2023 hic
1029 1983 1216 2035 mastigia,

479 2051 725 2091 stimulorum
757 2051 887 2091 loculi.
919 2051 1088 2103 protollo
1119 2057 1286 2091 mortem
1317 2051 1431 2099 mihi;

479 2125 629 2159 certum
661 2126 730 2168 est,
761 2119 868 2159 hunc
899 2119 1163 2159 Acheruntem
1196 2119 1440 2172 praemittam
1470 2118 1591 2171 prius.

478 2187 554 2229 OL.
605 2187 652 2226 Vt
683 2187 751 2226 tibi
783 2200 854 2239 ego
886 2187 1069 2227 inventus
1099 2200 1184 2227 sum
1217 2187 1452 2239 obsequens.
1503 2186 1606 2238 quod
1638 2184 1802 2224 maxime

479 2254 678 2306 cupiebas,
709 2255 793 2294 eius
823 2255 975 2306 copiam
1006 2255 1080 2294 feci
1110 2255 1194 2294 tibi.
1893 2260 1952 2293 450

477 2322 550 2361 erit
581 2322 695 2361 hodie
725 2327 856 2362 tecum
886 2322 990 2373 quod
1021 2334 1125 2362 amas
1156 2322 1253 2361 clam
1287 2334 1462 2361 uxorem.
1520 2321 1621 2362 LYs.
1671 2320 1786 2360 Tace.

331 2448 399 2480 424
423 2455 560 2480 sznvvs
581 2443 692 2479 BVE
781 2454 879 2479 nunc
901 2444 953 2478 B:
976 2455 1049 2480 non
1068 2444 1112 2486 E,
1136 2455 1182 2480 ne
1208 2444 1239 2479 V
1331 2444 1549 2489 suspendam
1572 2453 1628 2479 me
1643 2442 1794 2478 Reizius

218 2504 282 2537 427
306 2502 396 2547 fort.
427 2503 605 2537 mortuom
635 2500 865 2546 aequiperem
896 2504 1016 2536 tamen
1049 2503 1133 2543 (non
1165 2501 1302 2536 dixerit
1334 2503 1495 2536 mortuos
1520 2503 1682 2545 aequem)
1705 2499 1756 2545 cf.
1783 2499 1816 2534 Τ
1812 2500 1882 2536 rin.

216 2560 313 2594 1126
405 2560 469 2593 433
495 2557 700 2592 susultabat
792 2560 858 2592 434
882 2559 959 2592 atat
985 2555 1069 2592 VE·
1150 2557 1284 2602 operiri
1303 2556 1365 2598 E1,
1391 2556 1535 2601 operari
1562 2555 1602 2597 V,
1628 2556 1788 2601 opperiri
1804 2555 1840 2591 B

217 2615 331 2655 foras,
362 2625 458 2650 corr.
491 2613 637 2649 Merula
752 2616 817 2649 435
849 2613 955 2657 mihi,
989 2623 1082 2648 corr.
1115 2612 1314 2648 Muellerus
1417 2612 1666 2648 beneuolentis
1700 2612 1757 2653 (-ti
1788 2610 1884 2654 VE2)

219 2672 326 2707 amici
346 2670 573 2707 Gulielmius:
596 2680 675 2705 ame
693 2669 780 2712 BV,
806 2681 864 2705 am
886 2680 942 2705 me
966 2669 997 2704 E
1087 2671 1154 2704 436
1178 2669 1280 2705 hisce
1297 2668 1546 2705 Camerarius:
1565 2668 1626 2705 hic
1650 2668 1686 2712 (ἰ.
1702 2679 1731 2704 e.
1749 2668 1840 2711 hisc)

218 2730 281 2762 437
301 2738 409 2763 snm
425 2746 433 2753 -
450 2727 486 2762 ΙΙ
501 2745 512 2753 .
527 2737 643 2762 suma-x
662 2726 695 2761 B
706 2725 775 2760 Vir
864 2725 1022 2771 eueniat,
1039 2736 1133 2761 corr.
1153 2725 1382 2762 Camerarius
1478 2728 1544 2760 443
1569 2729 1609 2759 ut
1626 2735 1742 2771 supra
1759 2724 1862 2760 codd.
1873 2739 1884 2757 .-

217 2787 463 2820 retrouorsum
488 2784 613 2818 cedam
637 2783 807 2819 imitabor
830 2793 962 2828 nepam
980 2782 1124 2818 Nonius
1140 2783 1222 2823 145,
1247 2782 1343 2817 dabo
1367 2792 1424 2817 me
1449 2782 1496 2818 ad
1519 2781 1694 2826 parietem
1716 2781 1886 2817 Imitabor

216 2851 346 2886 nepam
363 2839 504 2875 Paulus
518 2840 602 2881 164,
627 2843 778 2885 uterque
794 2850 822 2873 s.
838 2849 934 2884 nepa
1047 2841 1114 2874 444
1139 2839 1343 2884 captandus
1368 2841 1424 2874 est
1517 2841 1583 2873 446
1609 2838 1816 2874 canditatus
1833 2837 1886 2873 B²

217 2902 255 2931 ut
275 2896 356 2938 vid„
375 2895 410 2930 E
499 2898 564 2930 447
581 2899 733 2931 mortem
756 2895 913 2941 protollo
940 2895 1224 2942 Bruqmannus;
1247 2894 1297 2929 acl
1322 2895 1398 2930 357
1488 2897 1554 2930 449
1576 2894 1704 2930 maime
1728 2893 1781 2929 Β*
