1998 3179
103 75 117 103 1
130 76 154 109 1,
174 76 275 104 55—81
785 72 1073 108 AMPHITRVO
1708 74 1728 110 1
1736 73 1758 110 3

104 203 188 230 sese
219 189 338 240 igitur
366 201 515 228 summa
546 189 580 227 vi
611 188 779 239 virisque
810 200 946 226 eornm
978 187 1164 239 oppidum
1196 198 1501 238 oppugnassere.

104 257 200 297 haec
230 256 298 296 ubi
327 256 509 296 Telobois
540 256 677 295 ordine
791 256 984 294 iterarunt
1014 267 1112 306 quos
1141 256 1382 306 praefecerat

104 325 348 377 Amphitruo,
380 324 616 376 magnanimi
648 324 715 362 viri
832 323 920 362 freti
952 323 1092 362 virtute
1122 328 1160 361 et
1189 322 1335 361 viribus

105 391 274 445 superbe
305 392 420 431 nimis
451 392 636 430 ferociter
750 391 896 441 legatos
928 397 1084 430 nostros
1114 391 1332 442 increpant,

105 460 347 512 respondent
376 459 478 498 bello
509 471 550 498 se
582 465 620 498 et
648 470 740 497 suos
854 459 972 497 tutari
1003 470 1130 509 posse,
1161 458 1326 510 proinde
1357 458 1412 496 uti

105 539 272 579 propere
301 525 462 581 (irent),
492 526 540 565 de
570 526 650 565 suis
680 525 824 565 finibus
940 527 1134 565 exercitus
1164 527 1416 565 deducerent,

105 595 200 634 haec
230 594 296 633 ubi
327 595 441 645 legati
472 594 682 645 pertulere,
713 593 943 644 Amphitruo
975 595 1110 632 castris
1141 594 1230 632 ilico

104 662 286 713 producit
315 674 470 700 omnem
502 661 727 700 exercitum.
842 660 1037 700 Teloboae
1069 668 1205 699 contra
1236 673 1282 699 ex
1315 661 1457 712 oppido

104 729 279 780 legiones
309 729 483 768 educunt
512 741 601 768 suas
717 728 833 767 nimis
863 728 1009 779 pulcris
1040 729 1158 767 armis
1187 728 1392 779 praeditas.

273 800 478 848 postquam
510 797 707 847 utrimque
738 796 884 835 exitum
915 802 974 835 est
1002 796 1168 835 mexima
1200 796 1323 847 cepia,

273 864 464 916 dispertiti
494 864 576 910 viri,
608 864 798 915 dispertiti
831 864 1002 911 ordines,

274 944 346 971 nos
376 938 530 971 nostras
560 943 669 970 more
701 937 834 970 nostro
868 937 905 970 et
936 931 1050 970 modo
1082 931 1337 969 instruximus

105 999 290 1051 legiones,
322 1000 413 1038 item
445 1000 575 1038 hostes
606 1006 742 1038 contra
774 999 948 1049 legiones
979 1011 1067 1038 suas
1098 1001 1311 1037 instruont.

217 1065 357 1106 deinde
387 1068 544 1118 utrique
574 1071 830 1118 imperatores
860 1067 900 1105 in
932 1067 1102 1106 medium
1135 1070 1290 1113 exeunt,

274 1137 380 1174 extra
410 1135 564 1173 turbam
597 1135 778 1174 ordinum
810 1134 1088 1185 celloqnontur
1117 1135 1244 1173 simul.

273 1203 468 1249 convenit,
497 1203 586 1242 victi
618 1203 693 1242 utri
723 1203 802 1242 sint
832 1215 877 1241 eo
909 1203 1073 1253 proelio,

274 1270 409 1308 urbem
440 1283 577 1321 agrum
609 1282 692 1309 aras
723 1271 832 1309 socos
863 1282 981 1320 seque
1013 1270 1067 1308 uti
1099 1269 1298 1309 dederent.

273 1344 480 1388 postquam
510 1338 546 1376 id
578 1344 706 1376 actum
739 1344 807 1383 est,
839 1337 954 1376 tubae
985 1345 1122 1376 contra
1153 1338 1349 1388 utrimque
1380 1344 1586 1382 occanunt,

275 1412 466 1444 consonat
496 1413 612 1451 terra,
645 1405 853 1444 clamorem
887 1406 1082 1456 utrimque
1115 1406 1296 1444 efferunt.

272 1473 485 1524 imperator
515 1473 724 1524 utrimque,
755 1473 846 1512 hinc
878 1480 916 1511 et
946 1473 1065 1520 illinc,
1098 1473 1176 1512 lovi

271 1547 357 1579 vota
389 1541 600 1592 suscipere,
630 1538 877 1595 (utrimque)
907 1541 1054 1580 hortari
1086 1541 1311 1580 exercitum.

271 1606 403 1662 (tum)
433 1621 505 1660 pro
536 1622 577 1648 se
609 1609 774 1660 quisque
806 1608 841 1647 id
875 1609 977 1659 quod
1011 1609 1176 1660 quisque
1207 1614 1335 1660 potest
1365 1614 1404 1647 et
1434 1607 1529 1646 valet

274 1676 363 1723 edit,
395 1679 499 1715 ferro
531 1677 630 1723 ferit,
663 1676 737 1715 tela
768 1677 967 1728 frangunt,
1000 1676 1091 1715 boat

217 1744 362 1783 caelum
395 1745 549 1783 fremitu
580 1745 719 1791 virum,
751 1757 797 1783 ex
826 1745 964 1796 spiritu
995 1752 1111 1795 atque
1142 1744 1314 1784 anhelitu

275 1812 416 1851 nebula
447 1815 612 1859 constat,
644 1812 788 1851 cadunt
816 1812 1017 1851 velnerum
1049 1815 1084 1851 vi
1117 1812 1198 1850 riri.

271 1880 455 1931 denique,
486 1886 529 1919 ut
557 1880 760 1927 voluimus,
792 1886 925 1919 nostra
957 1888 1116 1931 superat
1146 1892 1304 1919 manus:

271 1948 403 1987 hostes
434 1948 560 1987 crebri
592 1948 748 1994 cadunt,
780 1948 902 1987 nostri
934 1955 1070 1987 contra
1103 1948 1293 1999 ingruont

215 2105 279 2136 210
291 2102 327 2136 ui
341 2102 513 2146 uirisque:
531 2103 696 2147 uiresque
711 2102 862 2145 Nonius,
878 2103 1062 2147 uirilisque
1075 2102 1241 2138 Donatus
1310 2113 1431 2138 eorum
1447 2114 1514 2137 om.
1530 2102 1696 2137 Donatus

101 2158 269 2203 oppidum
286 2168 551 2203 oppugnasset-e
564 2158 750 2193 Donatus:
764 2159 931 2204 oppidum
949 2169 1211 2204 expugnassere
1228 2162 1338 2201 (-asse
1352 2158 1434 2201 BE)
1447 2158 1563 2200 codd„
1581 2168 1762 2203 oppugna-

101 2219 158 2250 tus
175 2225 213 2249 se
230 2216 398 2260 oppidum
416 2215 568 2253 Nonius.
593 2226 688 2250 corr.
708 2215 978 2251 Lindemannus
1071 2219 1136 2251 213
1154 2216 1298 2261 superbi
1315 2229 1333 2253 ς
1427 2219 1490 2251 215
1507 2216 1673 2261 supplevi

100 2271 295 2306 exercitum
316 2271 559 2307 Boxllornius
650 2274 715 2307 216
739 2272 783 2307 de
801 2283 932 2318 paqna
956 2273 1006 2318 cf.
1034 2272 1081 2306 W
1081 2272 1334 2308 ilamowitzius
1354 2271 1441 2307 Eur.
1462 2272 1547 2307 Her.
1561 2274 1594 2315 2,
1606 2273 1673 2306 242

101 2331 146 2370 [e]
170 2328 298 2363 castris
317 2341 335 2365 ς
428 2331 490 2364 217
517 2331 644 2365 contra
659 2329 835 2370 theloboe‚
861 2339 954 2364 corr.
973 2328 1158 2374 Berqlcius
1179 2329 1241 2374 (cf.
1270 2328 1300 2363 V
1300 2340 1448 2364 seuerus
1464 2328 1537 2363 ina'.
1558 2327 1761 2375 Gryphisw.

102 2385 190 2419 1866
210 2396 246 2428 p.
272 2385 326 2420 10.
346 2385 399 2425 13)
516 2388 580 2420 218
606 2386 783 2421 reducunt
809 2385 868 2427 3¹,
893 2385 1069 2420 seducunt
1094 2385 1146 2420 Β2
1254 2388 1314 2420 221
1331 2397 1385 2430 sq.
1409 2386 1462 2420 sic
1489 2386 1675 2432 dispositi:
1697 2395 1762 2420 nos

100 2461 143 2465 —
166 2442 250 2476 item
270 2441 276 2486 1
296 2441 418 2476 hostes
443 2462 485 2466 —
515 2443 714 2484 instruent,
744 2453 838 2477 corr.
870 2441 1088 2488 Spenqeltus
1226 2445 1301 2477 223.
1336 2445 1399 2476 233
1432 2442 1506 2476 bini
1529 2443 1653 2478 cretici
1683 2453 1762 2477 cum

101 2496 278 2532 trochaeis
301 2497 395 2539 (clim.
422 2497 544 2540 catal.)
569 2499 751 2534 coniuncti
775 2499 826 2544 cf.
844 2499 921 2532 242.
946 2500 1023 2533 245.
1049 2500 1126 2533 237.
1151 2500 1218 2533 247
1356 2501 1419 2533 223
1445 2498 1540 2534 velat
1569 2498 1659 2533 Sall.
1688 2499 1762 2534 Cat.

99 2554 154 2596 30,
171 2555 192 2587 4
216 2554 248 2588 ei
271 2554 412 2599 utrique
436 2554 481 2589 ad
505 2555 628 2590 urbem
652 2555 884 2599 imperatores
909 2559 1010 2589 erant
1114 2558 1179 2590 224
1204 2556 1455 2600 colloquuntur
1547 2556 1610 2588 227
1638 2559 1763 2589 contra

99 2610 277 2655 utrimque
293 2614 472 2646 occanunt
488 2610 693 2657 Berqlcius:
717 2611 893 2656 utrimque
909 2614 1043 2646 canunt
1061 2615 1186 2647 contra
1279 2614 1342 2646 228
1362 2612 1620 2656 clamoremque
1639 2611 1672 2646 B

101 2669 165 2700 230
190 2667 407 2712 (utrimque)
424 2666 639 2713 Spenqele'as
655 2668 828 2712 reformo.
846 2669 867 2702 4
961 2669 1021 2702 231
1053 2667 1219 2714 supplevi
1308 2668 1344 2702 id
1367 2669 1458 2712 fort.
1484 2668 1672 2704 delendum

101 2724 164 2756 233
190 2732 251 2757 ex:
277 2723 311 2757 et
327 2721 469 2757 Nonius
492 2724 560 2758 272
673 2726 739 2758 234
763 2723 948 2758 uolnerum
965 2723 1002 2758 ui
1026 2724 1095 2758 uiri
1112 2722 1309 2758 Luclzsius:
1331 2725 1490 2758 uulneris
1516 2725 1552 2759 ui
1576 2729 1612 2760 et
1635 2726 1762 2760 uirium

99 2778 228 2819 (uirum
251 2778 330 2822 D¹);
355 2790 430 2814 -um
454 2780 503 2814 acl
526 2780 779 2827 corriqendum
803 2780 850 2815 ·is
875 2780 1074 2826 ascriptum
1097 2780 1174 2825 fuit
1280 2782 1344 2815 235
1370 2781 1534 2816 uolumus
1554 2780 1678 2816 B'DE

100 2836 175 2869 236.
202 2838 266 2869 237
290 2845 361 2870 uno
387 2847 490 2872 versu

1771 197 1827 229 210

1772 533 1827 566 215

1773 873 1829 905 220

1774 1210 1830 1243 225

1775 1547 1830 1580 230

1776 1886 1830 1918 235
