1998 3179
128 95 195 128 va.
213 96 291 129 3-4,
311 97 327 125 7
861 94 1055 130 CAPTIVI
1703 95 1784 132 219

126 209 330 250 PHILOCR.
376 209 499 255 Quam
524 209 586 248 diu
610 209 646 248 id
669 210 811 248 sactum
834 207 919 248 est?
965 209 1088 249 STAL.
1134 209 1206 248 Hic
1226 221 1354 248 annus
1375 208 1511 260 incipit
1539 210 1785 251 vicensimus.
1821 219 1878 253 980

127 276 331 316 PfflLocn.
367 276 476 316 Falsa
496 284 697 316 memorat.
749 277 871 317 STAL.
912 277 988 316 Aut
1009 289 1080 327 ego
1103 283 1169 316 aut
1190 284 1243 316 tu.
1291 289 1379 315 nam
1401 276 1470 316 tibi
1502 278 1787 328 quadrimulum

130 348 219 382 tuos
248 350 356 394 pater
386 345 621 395 peculiarem
651 344 810 396 parvolo
843 357 965 396 puero
997 344 1113 383 dedit.

129 410 333 450 PHILOCR.
383 409 481 456 Quid
514 415 594 448 erat
625 410 657 448 ei
690 407 864 448 nomen?
895 410 925 448 si
956 421 1043 447 vera
1076 409 1183 455 dicis,
1215 409 1481 449 memoradum
1512 410 1617 448 mihi.

130 476 254 518 STAL.
303 478 515 527 Paegnium
543 477 760 523 vocitatust,
791 482 879 527 post
908 489 975 515 vos
1005 476 1198 515 indidistis
1228 476 1422 528 Tyndaro.

130 544 333 585 PmLOCR.
376 545 453 583 Cur
474 556 545 594 ego
567 550 604 582 te
625 557 705 582 non
729 541 848 582 novi?
897 543 1020 582 STAL.
1062 543 1158 588 Quia
1181 555 1266 582 mos
1288 551 1343 582 est
1367 544 1538 583 oblivisci
1565 545 1789 585 hominibus
1824 552 1879 585 985

132 624 261 662 neque
292 612 444 651 novisse
476 611 585 650 cuius
617 611 726 649 nihili
757 610 806 649 sit
837 610 1015 648 faciunda
1048 610 1182 661 gratia.

130 679 333 720 PHILOCR.
384 679 452 718 Dic
484 678 587 725 mihi,
619 679 703 717 isne
733 678 821 716 istic
853 678 936 725 suit,
969 690 1085 728 quem
1116 677 1319 716 vendidisti
1350 690 1437 717 meo
1471 679 1579 730 patri,

132 746 196 796 qui
228 746 320 785 mihi
352 746 556 797 peculiaris
587 746 698 784 datus
729 743 814 784 est?
874 744 996 785 STAL.
1050 745 1175 784 Huius
1207 745 1318 784 filius.

128 813 243 853 Hm.
292 813 441 852 Vivitne
472 813 504 852 is
538 811 686 851 bomo?
744 812 867 852 STAL.
917 813 1134 863 Argentum
1166 812 1318 864 accepi,
1359 812 1412 851 nil
1444 814 1572 852 curavi
1604 821 1790 853 ceterum.

129 880 243 919 Hm.
294 880 396 925 Quid
432 887 472 919 tu
504 878 587 919 ais?
645 880 850 919 PfflLOCR.
902 880 1005 926 Quin
1050 880 1135 920 istic
1172 881 1295 931 ipsust
1326 880 1531 932 Tyndarus
1562 890 1649 920 tuos
1680 882 1791 928 filius,
1826 888 1882 920 990

129 954 172 986 ut
202 947 356 998 quidem
387 947 449 986 hic
479 950 707 998 argumenta
739 947 925 998 loquitur.
960 960 1046 986 nam
1081 949 1112 987 is
1144 960 1296 987 mecum
1329 960 1349 986 a
1380 961 1502 1000 puero
1535 962 1632 1000 puer

131 1014 231 1053 bene
261 1015 480 1067 pudiceque
512 1016 715 1054 educatust
746 1027 870 1065 usque
902 1015 948 1054 ad
980 1015 1295 1055 adulescentiam.

128 1083 242 1122 Hm.
292 1082 340 1121 Et
372 1083 491 1122 miser
520 1096 603 1122 sum
637 1090 675 1122 et
704 1084 940 1130 fortunatus,
972 1084 1002 1122 si
1033 1081 1147 1137 (vos)
1177 1096 1265 1122 vera
1296 1083 1440 1131 dicitis;

130 1163 175 1189 eo
208 1150 324 1190 miser
354 1163 438 1190 sum
471 1150 560 1201 quia
591 1150 687 1189 male
718 1151 773 1188 illi
805 1151 891 1197 feci,
924 1151 954 1190 si
985 1157 1142 1202 gnatust
1176 1163 1300 1190 meus.

130 1218 242 1263 eheu,
275 1221 391 1269 quom
424 1230 495 1268 ego
526 1218 612 1270 plus
643 1218 819 1257 minusve
850 1219 923 1257 feci
955 1231 1069 1269 quam
1100 1216 1210 1272 (me)
1240 1230 1406 1269 aequom
1439 1218 1521 1257 suit.
1827 1226 1883 1259 995

130 1276 232 1336 quod
264 1286 362 1324 male
393 1285 466 1324 feci
497 1286 672 1333 crucior;
703 1286 818 1325 modo
852 1287 883 1325 si
916 1287 1103 1325 infectum
1134 1287 1218 1325 fieri
1249 1286 1407 1338 possiet.

134 1354 199 1392 sed
232 1366 365 1392 eccum
398 1353 544 1393 incedit
574 1354 650 1392 huc
682 1360 843 1393 ornatus
874 1354 975 1392 haud
1008 1367 1053 1393 ex
1084 1355 1164 1393 suis
1195 1353 1414 1393 virtutibus.

803 1444 1116 1483 TYNDARVS
1706 1446 1747 1485 V
1767 1448 1794 1485 4

132 1508 215 1548 Vidi
246 1522 318 1561 ego
351 1511 469 1549 multa
500 1523 615 1562 saepe
645 1511 759 1562 picta,
793 1523 890 1561 quae
922 1511 1137 1550 Acherunti
1170 1512 1307 1549 fierent

132 1578 407 1626 cruciamenta,
437 1591 572 1618 verum
604 1579 709 1617 enim
740 1591 831 1617 vero
865 1579 970 1617 nulla
1001 1579 1175 1629 adaeque
1206 1585 1264 1617 est
1293 1578 1497 1617 Acheruns

132 1651 248 1696 atque
278 1645 344 1685 ubi
375 1658 446 1697 ego
477 1647 545 1693 fui,
576 1647 615 1685 in
649 1646 880 1698 lapicidinis.
913 1646 989 1685 illic
1021 1645 1074 1684 ibi
1105 1646 1298 1686 demumst
1328 1646 1449 1693 locus,
1814 1665 1887 1698 1000

132 1712 199 1752 ubi
229 1713 362 1753 labore
392 1714 579 1753 lassitudo
611 1721 667 1753 est
698 1715 892 1766 exigunda
924 1726 970 1753 ex
1001 1726 1181 1765 corpore.

131 1792 220 1819 nam
250 1781 317 1820 ubi
347 1782 412 1820 illo
444 1782 592 1828 adveni,
625 1783 733 1832 quasi
765 1782 937 1833 patriciis
967 1782 1099 1833 pueris
1130 1789 1196 1821 aut
1227 1782 1468 1829 monerulae,

132 1855 198 1887 aut
226 1850 350 1889 anites
379 1857 445 1889 aut
475 1851 698 1889 coturnices
728 1851 882 1896 dantur,
915 1850 1072 1900 quicum
1105 1850 1278 1896 lusitent,

131 1914 260 1955 itidem
293 1917 344 1956 mi
375 1918 469 1957 haec
499 1917 718 1956 advenienti
751 1930 894 1969 upupa,
927 1918 994 1968 qui
1026 1930 1086 1956 me
1117 1917 1320 1963 delectem,
1352 1918 1487 1957 datast.

244 2011 309 2044 982
334 2010 539 2055 paruulum,
565 2011 616 2055 cf.
634 2011 730 2045 1013
834 2014 899 2045 954
923 2011 1090 2055 pecnium
1115 2011 1298 2046 uocitatus
1324 2013 1379 2046 est
1487 2014 1551 2046 986
1577 2011 1678 2054 nihil,
1704 2022 1795 2046 corr.

131 2063 275 2100 Merula
408 2069 473 2101 988
498 2067 607 2102 huius
630 2066 726 2102 filius
752 2066 954 2101 Philocrati
977 2067 1223 2108 continuatur,
1248 2077 1351 2102 servo
1377 2067 1473 2102 dedit
1498 2067 1709 2102 Brunclsins

133 2122 198 2155 989
222 2121 348 2167 accipe
373 2121 440 2156 VE
530 2126 594 2157 992
619 2123 795 2158 educatus
821 2127 876 2158 est
967 2125 1031 2157 993
1050 2122 1244 2158 fortunatis
1273 2122 1305 2157 V
1306 2122 1341 2157 E
1426 2123 1540 2168 (uos)
1560 2123 1798 2165 CamerariuS,

132 2175 290 2223 (istaec)
306 2177 469 2213 Baebius
485 2179 521 2213 in
539 2177 778 2214 Studemmtdt‘
795 2179 888 2214 stud.
907 2180 943 2220 2,
960 2180 1041 2213 220
1126 2178 1254 2214 dicetis
1282 2178 1312 2212 V
1324 2178 1386 2222 (E)
1470 2185 1559 2225 post
1577 2182 1642 2214 994
1659 2190 1797 2214 versum

133 2233 389 2279 suppleverunt
409 2235 550 2280 qualem
576 2245 618 2270 eo
642 2235 849 2270 fortunatus
875 2235 970 2279 quod
993 2237 1141 2279 gnatum
1167 2245 1270 2279 quem
1290 2236 1519 2280 perdideram
1544 2235 1687 2280 repperi
1707 2234 1798 2282 Gep-

128 2294 258 2335 pcrtus
276 2295 311 2325 et
334 2290 545 2336 Vssin92·us,·
562 2302 668 2336 quam
688 2291 929 2326 coniecturam
946 2291 1143 2325 sententiae
1159 2291 1404 2335 conformatio
1425 2293 1508 2326 994.
1529 2293 1604 2326 995
1618 2303 1689 2327 non
1707 2303 1799 2327 com-

135 2345 278 2381 mendat
370 2350 434 2382 995
458 2346 659 2392 minusque,
684 2358 776 2382 corr.
805 2347 1006 2382 Gronovius
1029 2349 1107 2388 (aut
1119 2346 1205 2393 plus
1222 2346 1308 2381 mali
1326 2353 1390 2382 aut
1408 2348 1524 2382 minus
1540 2347 1636 2390 boni)
1729 2359 1800 2393 qua

134 2400 186 2436 B¹
276 2401 376 2447 (me)
393 2403 579 2438 Bentleius
671 2406 734 2439 997
758 2406 909 2439 ornatur
935 2401 1003 2437 ΥΕ
1091 2403 1190 2437 haud
1214 2413 1259 2438 ex
1283 2403 1463 2439 Muretus:
1488 2405 1624 2448 audax3
1650 2405 1700 2450 cf.
1721 2405 1799 2440 Ter.

134 2457 199 2492 Ad.
223 2459 306 2493 176.
330 2458 485 2503 Rufinus
517 2462 584 2506 (qr.
616 2460 676 2495 lat.
705 2461 738 2501 6)
765 2461 832 2494 561
859 2460 1034 2501 (Sisenna)
1067 2459 1106 2493 in
1131 2458 1293 2503 Captiuis
1326 2460 1396 2495 sic:
1427 2461 1488 2495 hic
1516 2464 1657 2496 ornatu.
1683 2472 1711 2496 s.
1737 2463 1802 2503 (sic

135 2513 256 2550 Paris.
273 2515 317 2555 Α,
334 2518 482 2551 ornatus
501 2516 594 2552 alter
610 2516 813 2559 Parisinus,
832 2519 992 2552 ornatur.
1011 2526 1039 2551 s.
1059 2515 1136 2551 cod.
1156 2515 1328 2562 Reqimte,
1349 2517 1400 2562 cf.
1426 2516 1505 2559 ΓΕ)
1522 2516 1679 2552 litteram
1695 2517 1802 2553 metri

136 2579 247 2606 causa.
262 2572 391 2607 amisit.
410 2571 508 2617 quod
525 2577 661 2607 tantum
679 2572 748 2608 huc
764 2575 850 2615 (non
867 2573 916 2607 acl
932 2584 960 2608 v.
975 2573 1024 2606 44
1032 2574 1064 2614 7)
1080 2572 1216 2616 referri
1230 2583 1338 2618 posse
1353 2572 1441 2607 vidit
1455 2573 1685 2608 Hermannus
1701 2573 1804 2619 apud

136 2624 370 2662 Ritsclzelium
388 2639 542 2676 parerq.
570 2630 668 2670 334,·
693 2629 948 2675 pronuntiavit
974 2627 1127 2662 Sisenna
1153 2630 1283 2663 ornatu
1307 2629 1407 2663 haud
1431 2629 1475 2663 ex
1613 2631 1677 2664 998
1703 2629 1801 2664 Tm-

135 2691 265 2734 Dmys.
289 2694 402 2719 mzfflo
426 2688 525 2726 (nmo
551 2685 599 2728 B)
622 2695 884 2720 PmocBA'rEs
908 2687 1019 2725 (rm.
1055 2683 1097 2726 V)
1203 2685 1390 2720 acheronti
1423 2684 1493 2720 VE
1604 2688 1669 2720 999
1694 2686 1801 2721 ache-

135 2747 220 2773 rons
246 2738 290 2782 E,
315 2739 456 2775 Nonius
477 2742 545 2776 191
642 2745 725 2776 1000
751 2741 981 2786 lapricidinis.
1011 2739 1041 2774 V
1042 2739 1086 2781 E,
1111 2739 1345 2784 lapricidinas
1372 2740 1407 2775 B
1501 2744 1585 2776 1001
1611 2743 1667 2776 est
1691 2742 1802 2777 Bent-

138 2793 247 2830 leius:
271 2798 326 2831 est:
351 2797 463 2832 omnis
557 2799 643 2832 1002
668 2798 831 2842 patricus
862 2797 919 2837 6¹,
943 2796 1099 2841 patritus
1125 2795 1158 2830 V
1160 2795 1194 2830 E
1288 2799 1372 2831 1003
1401 2800 1466 2833 aut
1490 2798 1691 2834 cotornices
1726 2798 1802 2841 VE,

140 2859 164 2885 a
186 2851 388 2887 coturnices
411 2855 448 2894 (u
471 2863 521 2888 ex
545 2852 607 2895 οῗ)
632 2852 668 2888 Β
763 2855 849 2888 1004
874 2854 964 2887 haec
986 2852 1074 2886 mihi
1101 2851 1134 2886 B
1226 2852 1393 2896 delectet,
1418 2864 1512 2889 corr.
1538 2853 1736 2890 Lambinus
