2018 3183
247 101 328 140 356
986 89 1168 125 PLAVTI
1669 86 1699 114 11
1716 86 1866 119 3101-3.
1879 85 1913 114 ιο

247 219 351 259 PER.
402 213 495 253 Sine
526 223 588 250 me
609 209 723 250 scire.
781 209 856 248 ΕΡ.
906 205 1044 252 Scibis,
1076 203 1177 243 audi.
1236 203 1315 243 ΑΡ.
1365 202 1475 254 Sapit
1503 200 1570 241 hic
1590 200 1709 253 pleno
1739 206 1912 253 pectore.

247 286 323 326 EP.
374 283 484 335 Opus
513 286 572 320 est
601 277 762 318 homine
794 276 861 327 qui
892 274 958 314 illo
989 278 1198 326 argentum
1228 272 1379 311 deferat
1406 282 1479 322 pro
1511 269 1689 316 fidicina;

249 365 340 393 nam
370 358 408 390 te
441 348 533 389 nolo
555 359 686 398 neque
719 356 818 397 opus
840 344 991 383 factost.
1050 342 1151 381 PER.
1201 338 1302 386 Quid
1332 337 1438 378 iam?
1476 338 1551 379 EP.
1600 337 1658 377 Ne
1687 342 1726 376 te
1755 343 1914 375 censeat

248 421 302 461 fili
333 430 447 459 causa
477 418 618 463 facere,
647 414 752 454 PER.
802 413 936 452 Docte.
996 411 1072 450 EP.
1122 408 1210 455 Quo
1240 407 1349 447 illum
1379 406 1427 446 ab
1459 406 1523 446 illa
1554 403 1784 457 prohibeas:

251 501 301 528 ne
332 498 408 539 qua
439 484 489 524 ob
522 495 606 523 eam
637 481 902 534 suspicionem
934 478 1142 518 difficultas
1172 482 1322 516 evenat.

249 557 352 596 PER.
370 554 495 601 Quem
505 551 707 592 hominem
723 548 968 589 inveniemus
984 546 1030 586 ad
1048 557 1132 585 eam
1149 556 1230 584 rem
1248 543 1410 583 utilem.
1396 540 1415 570 9
1455 542 1531 582 ΕΡ.
1553 540 1626 580 Η10
1644 539 1718 579 erit
1733 538 1918 591 optimus,

251 625 313 663 hic
345 621 490 675 poterit
519 631 655 660 cavere
685 623 806 664 reete,
837 616 922 655 iura
955 615 1021 666 qui
1052 620 1092 653 et
1119 613 1225 664 leges
1254 617 1377 651 tenet.

249 692 350 731 PER.
401 688 564 742 Epidico
595 686 739 726 habeas
768 684 944 736 31311301.
1004 683 1079 723 ΕΡ.
1131 680 1206 720 Sed
1237 692 1310 732 ego
1342 679 1443 718 istuc
1474 677 1611 716 faciam
1642 674 1799 716 sedulo:

252 772 324 812 ego
356 758 465 798 illum
497 755 729 795 conveniam
760 761 876 804 atque
907 750 1094 790 adducam
1125 750 1233 788 hunc
1263 748 1309 787 ad
1341 759 1430 786 eum
1462 745 1615 797 quoiast
1645 743 1813 789 fidicina,

251 831 583 879 atqueargentum
595 835 667 874 ego
679 834 768 861 cum
782 821 1001 860 hocferam.
1032 818 1077 858 Ρ.
1088 816 1461 867 Quantiemipotest
1472 810 1662 853 minimo?
1693 811 1767 851 ΕΡ.
1778 807 1921 850 1113009
1934 812 2007 859 295,

253 896 299 936 ad
331 892 588 946 quadraginta
619 891 782 930 sortasse
813 900 898 928 eam
929 899 1046 939 posse
1076 885 1151 924 emi
1183 884 1346 923 minimo
1377 882 1505 922 minis.
1995 871 2006 883 “

252 975 387 1003 verum
417 962 449 1002 si
479 961 568 1013 plus
598 958 764 1004 dederis,
796 957 977 1003 referam,
1010 954 1106 993 nihil
1137 953 1176 992 iu
1209 965 1255 992 ea
1285 964 1328 991 1-0
1359 951 1538 1002 captiost.

254 1039 372 1083 atque
403 1030 439 1069 id
472 1041 553 1067 non
586 1027 722 1066 decem
753 1031 988 1076 occupatum
1018 1021 1088 1061 tibi
1120 1021 1194 1060 erit
1223 1026 1429 1072 argentum
1459 1018 1553 1057 dies.

252 1101 353 1140 PER.
394 1094 596 1144 Quidum?
655 1095 730 1134 ΕΡ.
772 1093 871 1139 Quia
894 1092 999 1131 enim
1028 1090 1234 1129 mulierem
1265 1088 1362 1127 alius
1383 1087 1486 1126 illam
1509 1084 1739 1124 adulescens
1759 1080 1923 1134 deperit,

255 1180 350 1207 auro
383 1164 606 1218 opulentus,
639 1173 805 1212 magnus
836 1160 946 1199 miles
977 1158 1165 1204 Rhodius,
1198 1161 1334 1208 raptor
1364 1154 1548 1200 hostium,
1932 1157 1990 1190 300

254 1235 469 1288 gloriosus:
501 1232 533 1271 is
563 1237 668 1270 emet
697 1229 802 1268 illam
833 1229 879 1268 de
910 1234 948 1267 te
979 1234 1017 1266 et
1047 1226 1153 1265 dabit
1185 1236 1324 1264 aurum
1355 1223 1508 1262 lubens.

254 1305 338 1343 face
360 1300 489 1347 modo,
511 1305 571 1339 est
586 1299 672 1338 1001
677 1309 741 1337 um
755 1296 818 1336 hic
836 1296 904 1335 tibi
921 1295 1107 1347 amplum
1152 1294 1196 1333 P.
1219 1293 1322 1332 Deos
1344 1290 1503 1342 quidem
1525 1301 1608 1328 oro.
1652 1287 1702 1326 E.
1727 1286 1925 1338 Impetras.

257 1373 334 1412 AP.
375 1369 480 1416 Quin
511 1375 552 1407 tu
585 1368 617 1406 is
638 1367 742 1405 intro
764 1372 880 1416 atque
901 1364 992 1403 huic
1013 1369 1220 1414 argentum
1243 1357 1422 1412 promis?
1453 1370 1526 1410 ego
1558 1357 1674 1396 visam
1707 1355 1754 1394 ad
1785 1354 1926 1394 forum.

256 1440 432 1493 Epidice‚
463 1450 509 1477 eo
540 1435 641 1474 veni.
700 1432 879 1474 ΕΡ.Νο
909 1431 1031 1471 abitas
1061 1430 1171 1482 plius
1202 1440 1319 1480 quam
1351 1439 1423 1479 ego
1454 1425 1501 1465 ad
1530 1431 1569 1464 te
1599 1435 1757 1463 venero.

256 1508 308 1550 A.
325 1508 454 1559 Vsque
466 1503 661 1557 opperiar.
677 1525 732 1529 -—
763 1502 807 1541 P.
825 1499 1183 1552 Sequeietuintro.
1194 1520 1249 1526 —
1279 1497 1327 1536 E.
1350 1495 1378 1543 1,
1392 1505 1569 1541 numera,
1582 1492 1638 1532 011
1651 1497 1928 1544 eootemoror
1941 1497 1996 1532 θῶ

532 1607 683 1647 0011001
715 1604 973 1656 esseopinor
1004 1615 1076 1654 ego
1109 1613 1246 1653 agrum
1277 1600 1317 1639 in
1349 1611 1442 1650 agro
1474 1597 1599 1637 Attico
1836 1593 1882 1632 Π
1903 1594 1927 1632 3

531 1687 655 1727 aeque
686 1674 853 1713 feracem
888 1674 1004 1723 quam
1034 1671 1097 1709 hic
1129 1676 1188 1708 est
1219 1673 1355 1707 noster
1384 1666 1646 1717 Periphanes:

531 1743 626 1795 quin
660 1755 705 1781 ex
737 1740 894 1780 occluso
925 1746 1041 1790 atque
1074 1737 1279 1789 obsignato
1311 1735 1476 1774 armario

533 1810 687 1851 decutio
719 1808 870 1860 argenti
903 1814 1055 1847 tantum
1088 1812 1280 1857 quantum
1313 1803 1405 1842 mihi
1436 1801 1557 1842 lubet.

528 1879 634 1931 quod
664 1878 731 1930 pol
762 1890 834 1929 ego
867 1882 997 1915 metuo
1029 1875 1060 1914 si
1091 1886 1212 1913 senex
1242 1871 1455 1918 resciverit,
1941 1883 1999 1917 310

534 1960 582 1987 ne
613 1946 742 1986 ulmos
772 1944 963 1997 parasitos
994 1943 1120 1989 saciat,
1154 1953 1252 1993 quae
1284 1951 1409 1991 usque
1440 1936 1683 1978 attondeant.

529 2016 594 2055 sed
628 2027 689 2053 me
720 2026 799 2052 una
829 2012 961 2052 turbat
991 2023 1053 2051 res
1085 2010 1276 2060 ratioque,
1309 2006 1495 2059 Apoecidi

536 2095 652 2134 quam
684 2082 886 2122 ostendam
919 2080 1116 2119 fidicinam
1149 2078 1317 2129 aliquam
1351 2073 1651 2115 conducticiam.

535 2158 650 2202 atque
682 2151 717 2189 id
750 2162 908 2201 quoque
940 2148 1086 2187 habeo:
1120 2158 1235 2186 mane
1267 2157 1329 2184 me
1359 2143 1470 2183 iussit
1499 2153 1620 2182 senex

535 2218 758 2259 conducere
789 2217 957 2268 aliquam
989 2216 1184 2255 fidicinam
1216 2213 1289 2253 sibi
1320 2212 1398 2252 huc
1430 2211 1603 2257 domum,
1946 2177 2018 2331 ῃξ

378 2368 441 2402 288
467 2375 550 2400 nam
581 2363 655 2400 telo
684 2373 759 2398 non
783 2372 873 2406 eque
897 2371 988 2406 opus
1012 2363 1076 2401 (n*
1103 2359 1178 2396 tolo
1205 2368 1307 2394 000
1339 2367 1431 2401 eque
1463 2365 1555 2401 opus
1583 2353 1657 2398 13¹),
1682 2362 1777 2388 corr.
1810 2347 1933 2385 Vssin-

263 2434 347 2469 qzus
437 2432 500 2457 00·
530 2431 599 2456 nec
627 2418 699 2454 BE
800 2420 865 2453 290
890 2417 1037 2453 eueniat
1142 2417 1205 2450 293
1233 2414 1392 2459 epidico,
1417 2422 1511 2448 corr
1545 2409 1735 2457 Vssinyius
1824 2405 1933 2447 istuc,
1989 2415 2001 2457 ².

265 2480 372 2526 quasi
395 2477 622 2525 Periphanes
645 2475 814 2516 iusserim
844 2472 1020 2521 Apoecndi
1051 2483 1096 2506 ne
1121 2471 1349 2511 tribuantur,
1375 2470 1439 2505 sed
1464 2468 1583 2503 obstat
1676 2467 1742 2500 294
1765 2464 1864 2499 110110
1886 2460 1934 2496 ad
1987 2495 1989 2497 ,

265 2547 347 2572 eum
378 2534 588 2580 Vssinqius:
618 2534 691 2569 huc
723 2532 772 2568 ad
795 2534 832 2568 te
925 2529 1083 2575 quoiiast
1174 2526 1324 2562 fidicina
1356 2526 1408 2561 Β.·
1442 2524 1592 2560 fidicina
1621 2522 1715 2568 epid.
1750 2524 1866 2565 (apoc.
1891 2515 1934 2558 I)
1987 2508 1998 2533 ¹*

264 2593 376 2628 illane
409 2590 478 2626 VE
567 2592 632 2625 295
657 2589 768 2624 illane
794 2588 865 2624 B2:
899 2597 984 2627 om„
1007 2586 1057 2630 cf.
1075 2585 1153 2619 294
1269 2585 1334 2618 296
1358 2582 1495 2622 minas,
1519 2590 1615 2615 corr.
1642 2577 1846 2615 Gronovius
1991 2606 2001 2619 ,

268 2651 333 2685 298
359 2649 474 2693 decet,
499 2648 581 2683 item
607 2646 750 2682 Nonius
774 2646 850 2680 355
948 2645 1013 2678 299
1038 2641 1124 2686 quid
1148 2641 1233 2676 dum
1258 2639 1309 2675 B¹
1401 2638 1493 2674 alius
1517 2637 1616 2672 illam
1640 2634 1816 2671 Botkius:
1838 2631 1937 2667 illam
1995 2637 2003 2646 ’

268 2705 362 2741 alius
431 2704 645 2740 adolescens
740 2705 801 2737 301
818 2701 850 2737 is
865 2699 1043 2736 Briaeius:
1059 2698 1120 2734 hic
1190 2697 1319 2733 lubens
1334 2693 1528 2730 Gruterus:
1543 2693 1671 2729 iubeas
1764 2691 1830 2726 302
1841 2691 1936 2728 tace.

269 2773 362 2797 corr.
389 2760 593 2796 Palmerius
684 2759 851 2803 impetra,
875 2767 969 2793 corr.
995 2754 1202 2790 Palmmz'us
1318 2754 1382 2787 303
1406 2751 1467 2787 1110
1492 2749 1567 2786 ΒΕ
1679 2749 1745 2784 306
1768 2753 1936 2782 ammove

270 2828 406 2854 snnvvs
423 2815 523 2853 BEI
611 2815 767 2861 oppinor
784 2814 820 2849 B
909 2813 950 2849 in
973 2811 1110 2859 (omni)
1133 2810 1318 2847 Lomanus
1410 2809 1475 2843 308
1499 2816 1656 2843 armano
1679 2803 1857 2852 Pylades:
1879 2803 1935 2837 at-

271 2884 340 2918 que
363 2874 519 2909 armario
612 2875 678 2908 309
696 2874 886 2916 argentum
902 2870 950 2912 B,
967 2879 1061 2905 corr.
1079 2869 1099 2903 1
1117 2879 1162 2903 m.
1257 2868 1321 2901 311
1339 2864 1491 2901 attonde
1507 2862 1570 2906 B¹,
1589 2861 1782 2899 attondeat
1797 2856 1874 2895 E¹I
