1998 3179
115 94 161 122 111
173 95 200 128 2,
219 94 314 127 12r-4,
332 93 348 120 2
846 90 1040 126 CAPTIVI
1688 91 1767 128 201

116 219 204 246 eum
235 206 308 246 sibi
338 212 381 245 ut
410 205 524 245 liceat
552 205 703 244 videre:

170 273 264 312 iussi
294 273 383 311 ilico
414 273 521 312 hunc
552 273 708 312 exsolvi.
768 285 875 311 nunc
905 278 945 311 tu
977 285 1142 323 sequere
1172 285 1246 321 me,

112 346 156 379 ut
187 339 291 391 quod
320 352 383 379 me
414 340 569 380 oravisti
597 343 797 392 impetres,
829 352 917 378 eum
949 340 1146 378 hominem
1176 341 1231 379 uti
1263 340 1485 380 convenias.
1517 363 1571 368 —
1698 346 1766 379 514.
1781 347 1838 380 515

782 429 1095 469 TYNDARVS
1656 429 1724 468 ΠΙ
1745 432 1768 469 3

112 497 227 537 Nunc
257 497 352 536 illud
383 503 454 543 est,
485 509 574 536 cum
605 499 666 536 me
698 497 815 536 fuisse
847 509 960 547 quam
992 499 1075 536 esse
1108 497 1227 536 nimio
1260 497 1455 536 mavelim:

112 577 220 604 nunc
251 577 340 617 spes
371 577 467 616 opes
496 564 714 615 auxiliaque
744 576 765 603 a
796 576 858 602 me
889 571 1097 615 segregant
1127 571 1399 615 spernuntque
1431 576 1484 603 se.

111 632 173 671 hic
204 632 304 671 illest
333 632 427 678 dies,
464 644 552 671 cum
585 631 691 670 nulla
721 631 819 670 vitae
850 643 959 670 meae
989 631 1091 670 salus
1120 631 1361 682 sperabilest,

109 712 240 750 neque
259 707 286 741 ÷
308 699 466 738 exilium
487 699 602 738 exitio
625 704 684 738 est
705 701 832 749 neque
853 699 948 737 adeo
970 711 1071 749 spes,
1104 711 1202 749 quae
1223 699 1275 737 mi
1297 699 1404 736 hunc
1427 698 1587 749 aspellat
1607 705 1768 745 metum,

110 779 183 806 nec
213 765 388 806 subdolis
417 766 631 806 mendaciis
660 766 754 805 mihi
785 778 950 817 usquam
982 767 1207 805 mantellum
1240 772 1299 805 est
1327 766 1435 813 meis,
1778 775 1837 807 520

111 831 201 889 [nec
231 835 495 886 sycophantiis
526 846 599 873 nec
630 834 730 873 fucis
762 834 883 873 ullum
916 834 1143 874 mantellum
1176 834 1326 872 obviam
1359 831 1431 888 est]

108 915 236 953 neque
267 902 489 953 deprecatio
519 902 693 953 perfidiis
725 902 819 941 meis
851 913 925 940 nec
956 901 1054 940 male
1085 902 1194 941 factis
1226 903 1316 953 suga
1348 908 1419 948 est,

108 982 182 1009 nec
212 969 472 1009 confidentiae
503 982 666 1020 usquam
699 969 909 1021 hospitium
940 976 999 1008 est
1030 982 1104 1008 nec
1135 969 1414 1008 deverticulum
1444 969 1563 1009 dolis:

108 1043 243 1088 operta
275 1049 373 1088 quae
403 1038 513 1076 fuere
544 1044 676 1088 aperta
709 1045 813 1083 sunt,
846 1043 982 1089 patent
1012 1038 1256 1089 praestigiae,

164 1105 290 1144 omnis
320 1118 381 1144 res
411 1105 536 1156 palam
568 1112 638 1151 est,
756 1107 885 1156 neque
916 1106 962 1144 de
991 1105 1064 1143 liae
1095 1118 1136 1144 re
1169 1105 1371 1156 negotium
1402 1112 1473 1152 est,
1778 1111 1833 1143 525

106 1175 200 1222 quin
234 1172 331 1210 male
363 1173 535 1211 occidam
567 1179 827 1223 oppetamque
859 1179 1006 1224 pestem
1039 1174 1093 1211 eri
1124 1174 1247 1212 vicem
1279 1186 1494 1224 meamque.

105 1240 272 1291 perdidit
302 1252 364 1279 me
395 1240 694 1291 Aristophontes
725 1241 788 1279 hic
819 1241 883 1291 qui
915 1242 1019 1280 venit
1051 1241 1166 1280 modo
1198 1241 1303 1280 intro
1333 1251 1359 1283 ÷

161 1307 193 1346 is
223 1319 285 1345 nie
317 1308 434 1356 novit,
466 1308 498 1347 is
529 1309 668 1347 sodalis
700 1308 906 1347 Philocrati
939 1315 977 1348 et
1008 1314 1197 1359 cognatus
1228 1315 1298 1349 est.

105 1387 235 1426 neque
265 1375 339 1414 iam
371 1376 481 1415 Salus
511 1389 675 1423 servare,
707 1377 737 1416 si
769 1377 860 1422 volt,
893 1389 953 1415 me
985 1383 1125 1427 potest,
1158 1390 1231 1416 nec
1263 1377 1375 1428 copia
1407 1383 1476 1425 est,

218 1443 292 1482 nisi
321 1443 353 1482 si
384 1443 551 1494 aliquam
582 1444 700 1483 corde
730 1444 934 1483 machinor
964 1445 1154 1483 astutiam.
1776 1448 1833 1480 530

160 1512 288 1560 quam,
318 1509 494 1550 malum?
526 1511 618 1562 quid
650 1510 881 1550 machiner?
912 1512 1003 1562 quid
1036 1509 1340 1551 comminiscar?
1371 1522 1569 1550 maxumas

216 1581 339 1627 nugAs
369 1578 526 1630 ineptus
556 1579 756 1630 incipisso.
797 1580 952 1619 haereo.

845 1670 1030 1709 HEGIO
1649 1669 1715 1708 ΙΙΙ
1737 1671 1762 1707 4

101 1734 188 1781 Quo
218 1734 327 1774 illum
358 1748 466 1775 nunc
496 1736 697 1776 hominem
727 1738 967 1789 proripuisse
999 1739 1101 1777 l'oras
1132 1750 1172 1777 se
1204 1737 1328 1776 dicam
1360 1749 1405 1776 ex
1438 1734 1627 1776 aedibus?

100 1803 236 1843 TYND.
285 1802 399 1842 Nunc
430 1804 533 1843 enim
566 1817 656 1842 vero
688 1818 759 1856 ego
792 1805 934 1844 occidi:
969 1807 1065 1844 eunt
1094 1804 1140 1843 aa
1172 1810 1208 1843 te
1240 1804 1385 1851 hostes,
1418 1804 1609 1856 Tymlare.

212 1948 288 1982 512.
306 1948 370 1980 513
390 1957 460 1980 uno
478 1957 582 1981 versu
664 1950 740 1982 514.
761 1950 824 1980 515
844 1948 1035 1993 utrubique
1052 1950 1092 1982 ut
1179 1949 1356 1982 516—523
1375 1957 1440 1980 om.
1463 1946 1491 1981 O
1571 1949 1634 1981 516
1654 1946 1762 1982 nimio

100 2005 134 2045 (ο
159 2013 208 2038 ea:
232 2002 342 2047 corr.)
369 2002 423 2037 B:
445 2013 548 2038 nemo
581 2002 652 2037 VE
740 2007 802 2038 517
831 2014 868 2038 se
896 2003 1044 2038 Douza:
1068 2014 1125 2038 me
1223 2005 1287 2037 518
1314 2003 1502 2047 sperabilis
1527 2005 1583 2038 est
1607 2002 1640 2037 B
1666 2008 1762 2043 (con-

100 2056 312 2092 trahendum
336 2062 376 2093 ut
399 2059 509 2103 feci).·
535 2059 725 2104 sperabilis
747 2062 802 2094 est
825 2070 962 2094 mecum
989 2059 1065 2101 VE,
1091 2064 1200 2105 acque
1224 2071 1253 2095 v.
1273 2061 1342 2094 519
1365 2062 1497 2094 metum
1515 2071 1582 2094 om.
1611 2059 1678 2094 VE

99 2117 162 2149 519
187 2114 337 2150 exitium
361 2115 471 2150 exitio
496 2114 697 2158 Pantanus,
721 2116 908 2151 Acidalius
932 2117 996 2161 (cf.
1017 2116 1048 2150 T
1044 2127 1094 2151 er.
1116 2115 1263 2151 Pleorm.
1281 2117 1398 2158 200„
1421 2116 1485 2151 sed
1507 2116 1618 2151 exitio
1642 2116 1761 2157 (Trito.

99 2172 173 2213 511,
205 2171 258 2216 of.
286 2172 362 2205 622
386 2171 493 2206 Most.
520 2173 596 2207 377
626 2172 703 2207 Ter.
736 2171 829 2206 Eun.
858 2174 936 2213 671)
973 2184 1052 2208 cnm
1077 2174 1284 2207 accusativo
1317 2184 1387 2207 non
1412 2173 1503 2207 salis
1520 2172 1659 2218 probat
1685 2173 1763 2208 Ter.

97 2226 186 2262 Hec.
219 2227 294 2262 378
318 2227 407 2268 (Mil.
438 2229 537 2262 1432
561 2230 616 2269 Α).
657 2229 775 2274 fuisse
805 2235 900 2275 puto
933 2229 1063 2273 (hine)
1100 2230 1155 2265 vel
1185 2229 1376 2275 (usquam)
1400 2229 1546 2264 exitiost
1570 2234 1605 2264 et
1635 2240 1762 2275 snper-

96 2283 268 2329 scriplum
286 2284 471 2327 auxilium,
489 2286 538 2329 cf.
554 2286 624 2320 517
710 2287 773 2320 520
791 2286 982 2320 mendatiis
999 2288 1084 2327 (-tus
1111 2285 1143 2320 V
1146 2285 1190 2328 E)
1208 2285 1380 2329 subdolis,
1399 2296 1492 2319 corr.
1512 2284 1672 2331 Pylades

98 2341 158 2375 521
186 2339 318 2376 delevit
335 2345 425 2386 post
456 2340 551 2376 alios
573 2341 768 2387 Lanqenus
798 2348 843 2376 se.
870 2341 926 2376 Pl.
951 2343 1014 2376 26.
1040 2344 1118 2377 276
1267 2343 1344 2378 Nec
1370 2355 1409 2379 ςε
1439 2342 1509 2377 Nei
1533 2342 1615 2384 BE,
1640 2342 1695 2377 Ne
1721 2341 1762 2384 V,

96 2407 163 2432 nec
194 2397 233 2432 hi
260 2396 373 2432 schol.
407 2397 513 2443 Verq.
537 2408 664 2444 qeorq.
691 2399 726 2440 4,
752 2399 827 2433 377
961 2402 1025 2433 522
1059 2399 1221 2443 precatio
1262 2398 1330 2433 VE
1465 2401 1528 2433 523
1563 2399 1761 2434 diuerticu-

96 2452 170 2487 lum
195 2453 229 2487 B
322 2455 500 2488 525—554
525 2454 629 2488 initia
653 2465 817 2489 versuum
838 2455 1028 2500 perierunt
1051 2455 1079 2490 0
1172 2458 1235 2490 525
1262 2460 1327 2490 aut
1349 2456 1592 2501 septenarium
1615 2455 1762 2500 faciunt

97 2509 264 2554 (palamst
285 2510 394 2554 <quae
412 2509 504 2545 clam
527 2512 628 2552 erat>
647 2511 815 2553 Briaee’us)
841 2515 904 2545 aut
924 2512 1106 2546 senarium
1131 2512 1300 2556 (palamst
1322 2522 1380 2547 res
1408 2511 1591 2554 Botlcz‘us),
1615 2511 1679 2546 sed
1701 2521 1761 2545 res

95 2564 234 2600 incerta
372 2568 436 2601 526
468 2577 653 2612 meamque
681 2567 802 2611 facete
834 2567 986 2610 dictum,
1015 2568 1093 2602 scil.
1124 2569 1181 2603 eri
1207 2570 1334 2610 vicem,
1363 2568 1427 2603 sed
1449 2569 1555 2603 etiam
1587 2578 1655 2602 sua
1686 2568 1761 2603 vice

93 2620 225 2666 peribit
349 2625 411 2657 527
439 2623 699 2668 aristophontis
727 2624 760 2658 B
881 2624 976 2659 intro
1001 2624 1102 2659 uenit
1132 2625 1238 2660 modo
1266 2624 1510 2665 Camerarius5
1532 2626 1622 2668 fort.
1647 2624 1759 2668 (huc)

95 2678 200 2712 modo
292 2680 355 2714 531
383 2690 489 2724 quam
514 2679 542 2713 V
546 2680 580 2713 ²:
606 2690 678 2724 qua.
770 2682 833 2714 532
858 2680 1027 2725 ineptias,
1053 2681 1201 2716 correxi
1224 2681 1374 2726 (ineptia
1391 2680 1499 2715 Mero.
1517 2681 1570 2715 26
1593 2680 1628 2714 in
1652 2683 1760 2725 parte

95 2733 282 2776 addicioz'a)
373 2735 546 2781 incipisse
562 2735 637 2770 BV
639 2735 684 2778 E,
708 2737 886 2780 incepisse
906 2736 944 2778 0,
969 2748 1063 2772 corr.
1085 2737 1334 2778 Camerarius;
1358 2736 1486 2771 deinde
1508 2736 1603 2781 <em>
1627 2737 1758 2772 haereo

96 2788 308 2832 Schoellius,
331 2791 422 2836 fort.
446 2792 599 2838 (enim),
625 2793 676 2837 cf.
692 2792 804 2828 Mero.
828 2794 900 2828 740
992 2793 1125 2829 HEGIO.
1144 2793 1344 2829 TYNDARvs
1368 2802 1667 2829 ARISTOPHONTES

97 2847 160 2879 533
185 2845 236 2890 cf.
263 2845 360 2882 Trin.
386 2848 464 2882 276
