2018 3183
249 67 301 104 74
987 65 1169 100 PLAVTI
1729 67 1811 102 1112,
1830 68 1915 97 1-22

953 179 1206 220 LIBANVS
1798 181 1866 221 III
1887 185 1910 222 2

249 260 439 300 Perfidiae
469 260 601 298 laudes
630 258 852 309 gratiasque
883 257 1072 297 habemus
1103 258 1242 297 merito
1272 260 1442 308 magnas,

250 340 368 378 quom
401 327 545 366 nostris
575 325 853 378 sycophantiis,
886 325 983 364 dolis
1014 325 1256 376 astutiisque,

251 392 511 449 [scapularum
545 393 794 440 confidentia,
825 393 967 432 virtute
999 393 1195 433 ulmorum
1227 390 1328 448 freti]

249 462 315 513 qui
345 462 551 501 advorsum
581 461 772 508 stimulos,
805 461 1020 508 lamminas,
1053 473 1269 512 crucesque
1300 461 1602 513 compedesque,

250 541 401 576 nervos,
434 536 603 576 catenas,
635 541 825 576 carceres,
859 529 1060 575 numellas,
1093 529 1260 580 pedicas,
1292 529 1402 568 boias
1841 538 1910 571 519.

247 606 272 637 -t-
297 596 600 647 indoctoresque
631 608 855 636 acerrumos
885 609 1107 648 gnarosque
1139 597 1263 636 nostri
1296 597 1406 647 tergi,

250 661 333 718 [qui
363 677 479 716 saepe
510 671 600 703 ante
630 664 670 703 in
704 671 859 703 nostras
888 664 1066 715 scapulas
1097 664 1296 704 cicatrices
1327 661 1570 718 indiderunt]

550 745 572 770 *
782 746 803 769 *
1013 747 1034 768 a:

247 811 315 838 eae
346 802 455 838 nunc
484 799 671 851 legiones,
702 800 838 851 copiae
867 800 1139 851 exercitusque
1170 812 1306 839 eorum

247 867 281 905 vi
313 866 527 918 pugnando
558 867 742 918 periuriis
773 868 918 907 nostris
948 868 1063 919 fugae
1094 868 1219 919 potiti.

247 934 284 972 id
317 934 455 973 virtute
486 934 601 973 huius
630 943 655 975 -ι-
680 935 851 986 collegae
880 947 1044 985 meaque
1075 935 1256 973 comitate

248 1004 442 1041 factumst.
493 1003 559 1053 qui
591 1015 651 1041 me
682 1003 738 1041 vir
769 1003 908 1041 sortior
937 1002 983 1041 ad
1014 1002 1263 1041 sufferundas
1293 1000 1453 1053 plagas?

247 1069 383 1110 Lnox.
434 1068 583 1121 Edepol
612 1070 774 1109 virtutes
805 1070 870 1121 qui
901 1077 987 1109 tuas
1017 1082 1100 1108 non
1130 1069 1257 1120 possis
1287 1069 1522 1108 conlaudare

247 1138 302 1176 sic
334 1144 376 1176 ut
405 1150 477 1188 ego
508 1138 666 1189 possim,
699 1150 797 1189 quae
827 1137 932 1176 domi
963 1137 1158 1188 duellique
1191 1136 1289 1175 male
1320 1137 1456 1176 fecisti.

250 1218 298 1244 ne
329 1204 391 1243 illa
423 1203 562 1255 edepol
591 1216 662 1255 pro
693 1203 833 1241 merito
864 1209 931 1241 tuo
963 1202 1172 1241 memorari
1203 1202 1322 1241 multa
1352 1208 1537 1253 possunt:

251 1271 315 1311 ubi
347 1273 531 1311 fidentem
562 1270 810 1318 fraudaveris,
843 1269 911 1309 ubi
943 1282 1009 1309 ero
1042 1269 1209 1308 infidelis
1239 1269 1373 1317 fueris,

249 1339 314 1378 ubi
345 1339 472 1379 verbis
502 1339 706 1390 conceptis
736 1338 867 1378 sciens
897 1337 1068 1377 libenter
1099 1337 1323 1389 periuraris,

246 1408 313 1447 ubi
344 1408 512 1460 parietes
540 1406 770 1459 perfoderis,
802 1407 841 1445 in
875 1407 978 1444 furto
1010 1405 1076 1445 ubi
1109 1406 1161 1445 sis
1191 1405 1424 1457 prehensus,

246 1476 312 1515 ubi
343 1488 458 1527 saepe
489 1487 645 1514 causam
676 1474 819 1513 dixeris
851 1474 1029 1525 pendeus
1060 1474 1244 1514 adversus
1275 1480 1361 1513 octo

245 1550 407 1591 artutos,
439 1543 594 1583 audacis
623 1543 738 1588 viros,
772 1542 936 1581 valentis
965 1543 1194 1591 virgatores.

245 1611 339 1652 LIB.
388 1611 529 1650 Fateor
558 1612 734 1663 profecto
767 1618 808 1650 ut
840 1611 1052 1662 praedicas,
1086 1610 1271 1657 Leonida,
1304 1622 1387 1649 esse
1418 1621 1527 1657 vera3

248 1692 383 1719 verum
415 1679 554 1732 edepol
585 1693 635 1719 ne
666 1679 781 1718 etiam
811 1681 877 1718 tua
909 1692 1066 1731 quoque
1096 1679 1299 1718 malefacta
1328 1678 1459 1717 iterari
1489 1678 1609 1717 multa

248 1756 286 1788 et
316 1761 407 1788 vero
440 1755 625 1799 possunt:
657 1747 723 1786 ubi
754 1748 882 1786 sciens
913 1747 1016 1786 fideli
1047 1747 1192 1786 infidus
1224 1746 1356 1792 fueris,

363 1873 426 1905 545
441 1870 613 1905 LIBAst.
628 1881 789 1905 LEONIDA
803 1880 908 1904 SERW
920 1880 1006 1904 nvo.
1022 1869 1068 1911 B,
1083 1880 1189 1904 SERVI
1201 1872 1277 1905 1)νὸ
1293 1868 1330 1903 Ε
1395 1871 1461 1903 546
1474 1879 1583 1912 quum
1598 1867 1679 1910 BD,
1697 1877 1779 1902 cum
1791 1865 1828 1901 E

248 1926 484 1972 sicophantiis
506 1926 550 1969 B,
573 1927 833 1971 sichophantus
854 1925 887 1960 Ε
976 1928 1188 1970 astutusque
1206 1925 1305 1967 B¹E‚
1330 1928 1542 1970 astatusque
1559 1923 1593 1960 D
1685 1928 1748 1959 547
1768 1924 1852 1960 freti
1870 1923 1916 1966 E,

248 1983 390 2019 Nonius
412 1985 511 2018 262:
541 1983 631 2018 freci
656 1983 727 2018 BD
733 1995 748 2024 ;
771 1985 893 2028 spreta
927 1982 1133 2029 Vssinssius,
1163 1993 1234 2028 quo
1260 1986 1405 2028 recepto
1429 1983 1464 2017 si
1493 1981 1542 2017 ad
1563 1982 1752 2028 sequentia
1775 1992 1915 2017 versum

249 2040 386 2082 trahas,
404 2041 654 2087 perspicuitas
676 2040 873 2075 sententiae
899 2039 1058 2081 tollatur,
1082 2041 1116 2074 si
1131 2051 1208 2075 cum
1227 2039 1518 2075 antecedentibus
1535 2039 1748 2085 coniunqa5‚
1771 2037 1916 2074 verbum

248 2097 339 2132 desit
356 2101 391 2132 et
414 2096 472 2131 liic
487 2100 523 2131 et
538 2102 625 2142 post
641 2107 672 2131 v.
688 2099 760 2131 553
785 2101 893 2141 (quae
915 2096 992 2141 fuit
1008 2096 1233 2131 Fleckeiseni
1251 2097 1388 2143 opinio)
1396 2108 1411 2137 ;
1434 2101 1590 2141 utroque
1605 2095 1712 2131 modo
1730 2095 1816 2131 ulmi
1833 2102 1917 2131 aute

249 2165 282 2190 v.
298 2154 488 2189 548—451
513 2153 606 2188 male
630 2152 896 2199 an'lecipcmtur.
935 2164 1060 2188 versus
1089 2152 1235 2188 aliunde
1265 2153 1448 2199 ascriptus
1476 2152 1618 2188 videtur
1640 2152 1730 2198 (fuit
1755 2153 1918 2198 fortasse

247 2210 417 2246 virtutem
442 2211 620 2245 ulmorum
644 2209 758 2252 fregi),
787 2209 1009 2245 constructio
1034 2208 1155 2255 qualis
1179 2209 1248 2244 Cic.
1274 2210 1311 2244 in
1345 2208 1463 2244 Vatin.
1478 2210 1531 2244 29
1554 2211 1681 2245 nostra
1703 2211 1798 2252 acta,
1825 2218 1916 2254 quos

247 2269 423 2312 tyrannos
446 2276 554 2302 vocas
579 2270 613 2301 et
635 2265 768 2300 similia
862 2268 938 2300 549.
957 2268 1022 2300 550
1045 2276 1178 2300 neruus
1195 2265 1337 2301 Il'onius
1352 2266 1422 2300 144
1515 2265 1671 2300 carceris
1695 2264 1813 2308 codd„
1836 2275 1916 2300 car-

249 2334 368 2358 cerem
387 2322 528 2358 Nonius
620 2326 680 2358 551
709 2322 982 2368 uirgatoresque
1006 2332 1080 2357 non
1103 2323 1253 2358 multum
1277 2321 1370 2357 absit
1394 2334 1416 2356 α
1442 2321 1586 2357 traditis
1609 2322 1749 2364 litteris,
1772 2321 1838 2357 sed
1859 2322 1914 2356 in-

246 2384 448 2415 strumenta
471 2383 746 2422 enumerantur,
782 2378 883 2424 quod
913 2378 958 2413 de
989 2378 1058 2414 hoc
1089 2389 1193 2413 versu
1218 2379 1408 2423 confirmat
1438 2389 1562 2414 versus
1584 2377 1825 2423 interpolatus

249 2439 314 2471 552
332 2435 460 2471 delevit
485 2435 643 2470 Botlu‘us
733 2435 931 2470 sententiae
955 2434 1098 2470 verbum
1123 2434 1244 2470 deesse
1268 2434 1529 2480 (pugnavimus)
1554 2435 1701 2480 aqnovit
1717 2433 1915 2470 Fleckeise-

248 2504 317 2528 nus
431 2495 498 2527 554
521 2503 644 2528 eorum
678 2491 922 2527 Camerarius:
955 2490 1072 2526 forum
1188 2494 1253 2526 555
1278 2491 1385 2534 fugae
1414 2490 1671 2526 Buechelerus:
1695 2501 1808 2535 eugae
1834 2490 1916 2533 BD,

249 2560 338 2594 euge
356 2548 394 2584 E
483 2551 548 2584 556
563 2549 656 2594 fort.
672 2548 805 2584 virtute
820 2547 929 2582 huius
947 2547 1105 2591 collegae
1121 2548 1238 2591 (mei)
1330 2547 1467 2592 collega
1481 2552 1617 2582 tantum
1631 2546 1735 2582 hicet
1753 2548 1825 2583 576

249 2609 312 2640 557
339 2605 469 2641 fortior
492 2604 653 2641 Merula:
675 2604 806 2640 fortior
821 2607 877 2640 est:
968 2603 1192 2639 sufferandas
1214 2604 1261 2646 B,
1285 2603 1508 2640 sufferendas
1534 2602 1608 2638 DE
1697 2606 1762 2639 558
1786 2603 1915 2650 edepol

249 2662 310 2706 qui
340 2662 508 2697 Loemius
533 2660 702 2697 Goetzius
793 2671 867 2696 non
893 2659 1076 2695 Gertzius:
1099 2671 1195 2695 nunc
1287 2660 1338 2705 cf.
1363 2659 1567 2706 Seyffertus
1589 2659 1682 2695 stud.
1708 2659 1764 2694 Pl.
1779 2661 1829 2696 17

250 2721 314 2754 559
338 2729 486 2764 possum
510 2732 528 2756 ς
631 2721 696 2753 560
733 2721 796 2754 tuo
833 2717 998 2753 Guietus:
1037 2727 1133 2752 nunc
1163 2720 1226 2753 tuo
1327 2719 1391 2752 563
1423 2717 1572 2762 parietis
1665 2720 1730 2752 565
1761 2719 1914 2762 astutos,

249 2785 344 2810 corr.
379 2774 634 2811 Fleckeisenus
668 2775 810 2817 (artitos
848 2773 1046 2815 Turnebus)
1185 2776 1248 2809 567
1282 2773 1321 2808 ni
1457 2775 1521 2809 tuo
1552 2773 1588 2808 B
1728 2775 1793 2808 568
1829 2783 1913 2809 vero

249 2832 299 2876 cf.
331 2830 380 2866 ad
412 2831 511 2877 Capi.
547 2832 623 2867 960
768 2831 826 2866 hic
855 2840 979 2866 versus
1008 2829 1204 2876 respondet
1234 2829 1284 2865 ad
1311 2841 1342 2866 v.
1365 2831 1432 2864 561
1455 2830 1621 2876 priorem
1651 2833 1814 2875 partem,
1847 2830 1913 2865 571

1923 280 1980 314 545

1925 538 1984 571 550

1925 877 1983 908 555

1924 1213 1981 1246 560
