2018 3183
191 128 244 166 86
929 125 988 159 PL
995 123 1054 159 AV
1060 123 1110 158 TI
1664 122 1693 148 v
1705 123 1731 155 2,
1750 121 1852 149 25-52

191 246 223 284 is
253 245 370 284 etiam
402 247 611 292 corruptus
645 252 762 291 porro
794 252 906 278 suom
939 238 1155 289 corrumpit
1187 237 1321 276 filium.
1863 242 1919 275 875

190 313 294 353 PAR.
326 312 498 362 Sequere
520 309 590 346 hac
607 320 668 346 me
685 307 814 353 modo,
838 308 911 345 iam
934 307 1019 345 saxo
1041 306 1169 357 ipsum
1191 305 1389 344 hominem
1412 304 1616 344 manifesto
1639 305 1849 356 opprimas.

189 379 297 419 ART.
327 377 429 417 Nihil
451 383 602 416 ecastor
623 381 681 414 est
701 374 805 425 quod
828 375 955 413 facere
978 373 1165 412 mavelim.
1208 373 1254 413 P.
1287 373 1398 411 Mane
1419 372 1523 410 dum.
1567 371 1619 412 A.
1642 372 1743 418 Quid
1764 370 1850 412 est?

190 447 294 486 PAR.
343 444 486 490 Possis,
517 443 548 481 si
579 443 680 481 forte
709 441 966 481 accubantem
997 448 1104 480 tuom
1136 442 1260 480 virum
1292 439 1546 490 conspexeris

191 526 280 553 cum
310 524 455 551 corona
487 510 707 562 amplexum
737 510 914 557 amicam,
945 509 976 548 si
1007 508 1148 555 videas,
1180 505 1449 559 cognoscere?

190 580 241 622 A.
273 580 436 619 Possum
459 584 620 618 ecastor.
670 578 715 619 P.
747 577 818 616 Em
837 578 904 616 tibi
926 577 1139 616 hominem.
1184 575 1236 616 A.
1268 575 1381 615 Perii.
1426 574 1470 615 P.
1503 575 1704 627 Paulisper
1725 581 1921 615 mane.880

192 660 433 699 aucupemus
465 659 511 686 ex
543 645 694 685 insidiis
725 645 947 685 clanculum
979 657 1093 696 quain
1126 657 1208 683 rem
1239 650 1389 694 gerant.

191 716 300 756 ABG.
340 715 440 761 Quid
464 714 583 761 modi,
613 719 737 765 pater,
769 712 1024 764 amplexando
1052 709 1199 751 facies?
1247 711 1364 751 Dm.
1405 710 1556 756 Fateor,
1588 717 1704 762 gnate
1726 709 1779 748 mi
1800 733 1853 738 —

191 784 301 824 ARG.
352 783 452 829 Quid
483 779 635 821 fatere?
692 780 809 821 Dm.
859 779 920 819 Me
951 792 997 819 ex
1029 792 1159 819 amore
1192 779 1309 818 liuius
1340 786 1568 831 corruptum
1600 777 1757 830 oppido.

189 851 296 891 PAR.
326 852 452 890 Audin
477 850 569 901 quid
591 847 673 888 ait?
710 848 818 888 Am.
849 848 987 886 Audio.
1029 847 1145 887 Dm.
1178 846 1288 898 Egon
1313 853 1355 885 ut
1376 859 1455 886 non
1478 846 1593 885 domo
1616 846 1727 885 uxori
1745 858 1852 885 meae

191 919 402 970 subripiam
435 918 473 956 in
506 916 653 956 deliciis
683 917 821 968 pallam
853 927 970 966 quam
1002 914 1130 961 habet,
1162 921 1277 965 atquc
1309 914 1354 953 ad
1386 921 1423 953 te
1454 914 1638 959 deseram„
1863 916 1919 950 885

192 999 273 1026 non
306 985 445 1037 edepol
476 985 642 1024 conduci
674 995 832 1036 possum
865 983 936 1022 vita
968 982 1101 1021 uxoris
1132 994 1275 1022 annua.

190 1055 294 1093 PAR.
345 1053 497 1093 Censen
528 1059 570 1092 tu
601 1052 709 1091 illum
739 1051 852 1090 hodie
884 1050 1053 1102 primum
1085 1051 1141 1090 ire
1171 1051 1374 1090 adsuetum
1405 1061 1489 1088 esse
1519 1049 1559 1089 in
1591 1047 1788 1101 ganeum?

190 1122 297 1161 ART.
348 1121 415 1160 llle
447 1126 600 1159 ecastor
630 1118 850 1171 suppilabat
881 1130 955 1165 me,
989 1118 1092 1168 quod
1123 1118 1282 1157 ancillas
1313 1130 1418 1157 meas

190 1188 418 1241 suspicabar
447 1194 563 1239 atque
594 1187 762 1226 insontis
791 1186 953 1224 miseras
984 1185 1218 1224 cruciabam.
1277 1184 1388 1226 ARG.
1442 1185 1568 1233 Pater,

191 1256 280 1296 iube
312 1257 393 1295 dari
425 1256 578 1308 vinum3
610 1254 685 1292 iam
718 1254 864 1292 dudum
896 1255 1038 1292 sactum
1070 1260 1129 1293 est
1159 1266 1248 1293 cum
1279 1254 1450 1305 primum
1481 1252 1573 1292 bibi.
1863 1255 1920 1288 890

189 1324 306 1365 ΒΕΜ.
357 1325 423 1372 Da,
454 1335 589 1375 liuere,
620 1322 667 1361 ab
698 1334 864 1361 summo.
914 1324 984 1373 age
1016 1329 1057 1360 tu
1089 1320 1244 1360 interibi
1276 1321 1323 1360 ab
1355 1322 1489 1360 infimo
1521 1321 1566 1360 da
1596 1321 1754 1361 savium.

190 1393 297 1433 ΛΒΤ.
347 1392 447 1430 Perii
480 1391 632 1438 misera,
664 1398 707 1429 ut
737 1389 935 1428 osculatur
966 1390 1167 1435 carnufex‚
1198 1389 1325 1440 capuli
1357 1389 1487 1429 decus.

189 1459 306 1501 Dm.
356 1458 506 1510 Edepol
537 1458 705 1497 animam
736 1458 954 1497 suaviorem
985 1457 1184 1507 aliquanto
1216 1469 1329 1508 quam
1364 1458 1495 1496 uxoris
1530 1468 1651 1496 meae.

189 1527 313 1568 Pan..
363 1527 431 1566 Dic
461 1526 612 1573 amabo,
643 1538 692 1565 an
723 1526 815 1564 fetet
846 1525 973 1563 anima
1006 1525 1138 1564 uxoris
1169 1523 1279 1563 tuae?
1343 1525 1460 1565 DEM.
1509 1524 1695 1564 Nauteam

191 1594 326 1633 bibere
357 1594 498 1641 malim,
530 1594 561 1633 si
594 1606 800 1633 necessum
831 1594 890 1640 sit,
923 1605 1038 1644 quam
1071 1592 1172 1630 illam
1205 1592 1428 1631 oscularier.
1651 1608 1655 1610 ἡ
1865 1593 1922 1627 895

190 1662 297 1702 ART.
344 1663 415 1701 Ain
448 1660 634 1701 tandem?
665 1662 802 1714 edepol
836 1675 884 1700 ne
916 1668 955 1700 tu
987 1662 1085 1700 istuc
1117 1673 1204 1699 cum
1237 1661 1336 1699 malo
1368 1672 1509 1712 magno
1541 1667 1608 1699 tuo

191 1731 326 1769 Dixisti
358 1731 395 1769 in
429 1743 503 1769 me.
554 1730 651 1776 sine,
683 1729 860 1768 revenias
890 1729 1007 1768 modo
1039 1728 1209 1775 domum,
1242 1730 1327 1767 l'axo
1361 1735 1402 1768 ut
1429 1729 1528 1768 scias

191 1798 282 1849 quid
314 1798 449 1849 pericli
480 1798 530 1837 sit
559 1798 711 1836 dotatae
740 1797 853 1835 uxori
884 1797 1017 1835 vitium
1049 1796 1190 1835 dicere.

190 1866 313 1905 Pan..
354 1865 472 1905 Miser
488 1871 639 1904 ecastor
655 1877 708 1904 es.
750 1863 860 1905 Am.
899 1864 1063 1903 Ecastor
1079 1864 1220 1914 dignus
1236 1871 1306 1903 est.
1350 1863 1462 1904 ABG.
1502 1863 1601 1910 Quid
1625 1864 1692 1912 ais,
1714 1861 1855 1916 pater?

192 1933 330 1984 ecquid
353 1940 515 1972 matrem
547 1931 679 1972 amas?
737 1931 855 1972 Dm.
901 1931 1036 1983 Egone
1068 1930 1199 1971 illam?
1233 1944 1339 1971 nunc
1369 1943 1469 1980 amo,
1501 1932 1591 1983 quia
1623 1944 1702 1971 non
1735 1931 1926 1971 adest.900

192 2000 303 2041 ABG.
326 2000 426 2047 Quid
445 2013 533 2040 cum
551 1998 687 2039 adest?
707 2000 759 2040 D.
778 2000 941 2039 Periisse
959 2000 1088 2051 cupio.
1119 2000 1163 2040 P.
1182 2002 1292 2038 Amat
1309 2000 1425 2038 homo
1443 1999 1505 2039 hic
1519 2006 1569 2047 te,
1587 2006 1630 2039 ut
1646 1999 1855 2052 praedicat.

190 2068 298 2109 ART.
349 2068 405 2107 Ne
435 2068 497 2107 illa
528 2074 678 2108 ecastor
710 2068 906 2106 faenerato
940 2068 1126 2107 funditat:
1160 2080 1248 2106 nam
1280 2067 1311 2107 si
1342 2067 1501 2106 domum

305 2215 369 2247 875
395 2212 557 2257 corrupit
580 2211 616 2246 B
753 2214 818 2246 8ῖὸ
842 2222 898 2246 me
925 2222 993 2246 om.
1021 2211 1069 2246 B¹
1220 2213 1284 2245 880
1308 2212 1390 2246 hem
1529 2213 1592 2246 882
1617 2210 1857 2256 amplexandi,

191 2279 284 2304 corr.
303 2268 489 2304 Acidalius
580 2270 644 2303 883
661 2267 768 2303 huius
786 2268 910 2313 (esse)
923 2267 958 2302 F
957 2267 1178 2303 lech-essenus
1269 2269 1334 2302 884
1351 2278 1404 2313 sq.
1417 2268 1468 2313 cf.
1482 2266 1531 2302 M.
1555 2267 1709 2303 Warren
1722 2266 1858 2314 ephem.

188 2324 316 2370 philol.
342 2325 493 2360 Americ.
518 2325 557 2366 2,
574 2325 597 2358 4
691 2327 756 2359 888
774 2328 809 2360 et
827 2327 947 2359 castor
965 2323 1037 2359 DE
1126 2327 1190 2359 889
1207 2324 1413 2359 cruciebam
1430 2323 1465 2358 B
1558 2327 1622 2359 890
1639 2325 1738 2368 dare,
1763 2336 1857 2361 corr.

192 2381 377 2416 Acidalius
468 2383 533 2416 892
550 2381 628 2426 peri
648 2381 788 2416 Nonius
803 2382 827 2415 4
921 2384 986 2415 894
1006 2382 1098 2415 inter
1117 2382 1194 2415 898
1207 2386 1240 2416 et
1260 2382 1338 2416 900
1356 2380 1496 2426 leyitur,
1514 2391 1608 2416 corr.
1625 2393 1666 2423 ς,’
1684 2383 1748 2416 899
1765 2382 1860 2418 inter

194 2438 269 2472 895
284 2443 319 2473 et
336 2439 424 2480 896,
441 2448 536 2473 corr.
554 2438 759 2479 Ace'dalius,·
786 2441 862 2472 895.
889 2440 953 2472 899
976 2442 1061 2484 post
1080 2439 1156 2471 906
1176 2438 1214 2471 in
1230 2449 1344 2484 marq.
1368 2440 1537 2483 repetunt
1565 2436 1649 2479 BD,
1674 2438 1768 2472 inter
1783 2448 1860 2474 ver-

190 2505 293 2528 suum
318 2500 526 2530 contextum
544 2493 599 2537 E,·
622 2505 653 2528 v.
670 2494 720 2529 ad
742 2505 771 2530 v.
789 2495 866 2529 908
959 2496 1026 2528 894
1050 2497 1134 2529 tuae
1151 2495 1256 2529 uxori
1283 2493 1422 2529 Nonius
1437 2493 1525 2536 233,
1551 2493 1602 2539 cf.
1618 2493 1747 2540 Amph.
1763 2494 1861 2530 1106

192 2553 256 2584 895
280 2561 429 2586 necesse
453 2551 501 2586 sit
526 2551 668 2586 Nonius
686 2552 721 2594 8,
745 2561 935 2586 necessum
957 2554 1013 2586 est
1037 2551 1140 2585 codd.
1244 2552 1423 2585 896-898
1448 2561 1527 2585 cum
1547 2550 1636 2585 902.
1651 2551 1728 2585 903
1744 2551 1862 2586 locum

189 2611 330 2641 mutare
354 2606 450 2641 iubet
473 2607 743 2649 Fleckeisenus‚·
766 2606 901 2642 Plauto
925 2606 1111 2643 abiudioat
1133 2607 1330 2653 Lanqemzs
1351 2606 1462 2653 symb.
1487 2607 1563 2642 120
1586 2606 1746 2642 versibus
1772 2608 1862 2644 902.

195 2662 271 2696 903
293 2661 363 2698 hnc
386 2663 566 2698 revocatis
683 2666 746 2699 896
771 2664 929 2699 tamdem
954 2663 1000 2706 B,
1026 2666 1168 2699 tantum
1192 2663 1225 2698 D
1332 2666 1373 2698 tu
1395 2663 1548 2709 (hodie)
1573 2661 1771 2699 Muellerus

190 2728 318 2762 magno
354 2720 448 2755 malo
475 2719 513 2754 Ε
647 2723 711 2756 897
749 2720 892 2764 uenias,
928 2731 1022 2755 corr.
1059 2719 1224 2755 Loervius
1258 2717 1430 2754 Goetzius
1567 2722 1608 2754 ut
1638 2719 1707 2755 del.
1732 2719 1861 2756 Fleck-

191 2775 332 2809 eisemaes
424 2779 488 2810 899
505 2777 612 2811 Pm.
631 2777 833 2812 Aciclale'us:
850 2777 943 2812 Am.
1035 2772 1129 2811 Am.
1147 2775 1351 2810 Acidalius:
1366 2775 1456 2810 PAR.
1551 2778 1614 2811 901
1633 2776 1771 2821 perisse

191 2831 243 2876 cf.
266 2830 395 2867 Luchs.
422 2843 545 2867 comm.
575 2843 675 2880 pros.
700 2835 732 2876 1,
761 2835 784 2868 7
918 2836 983 2868 902
1011 2833 1074 2868 illa.
1106 2836 1249 2868 ecastor
1282 2831 1457 2868 Botleius:
1490 2832 1550 2867 ille
1575 2835 1697 2868 castor
1722 2831 1864 2868 Nonius

194 2887 276 2930 312,
302 2888 362 2924 ille
386 2892 529 2925 ecastor
554 2890 655 2925 codd.
749 2890 870 2925 fundit
894 2889 1037 2926 Nouius
1060 2900 1086 2924 s.
1105 2900 1135 2924 v.
