<?xml version="1.0" encoding="UTF-8"?>
<!DOCTYPE html PUBLIC "-//W3C//DTD XHTML 1.0 Transitional//EN"
    "http://www.w3.org/TR/xhtml1/DTD/xhtml1-transitional.dtd">
<html xmlns="http://www.w3.org/1999/xhtml" xml:lang="en" lang="en">
 <head>
  <title>
</title>
<meta http-equiv="Content-Type" content="text/html;charset=utf-8" />
  <meta name='ocr-system' content='tesseract 3.04.00' />
  <meta name='ocr-capabilities' content='ocr_page ocr_carea ocr_par ocr_line ocrx_word'/>
</head>
<body>
  <div class='ocr_page' id='page_1' title='image "./comoediaerecensu01plauuoft_0038.png"; bbox 0 0 2003 3188; ppageno 0'>
   <div class='ocr_carea' id='block_1_1' title="bbox 222 80 1881 131">
    <p class='ocr_par' dir='ltr' id='par_1_1' title="bbox 222 80 1881 131">
     <span class='ocr_line' id='line_1_1' title="bbox 222 80 1881 131; baseline -0.013 0"><span class='ocrx_word' id='word_1_1' title='bbox 222 95 274 131; x_wconf 80' lang='lat'>26</span> <span class='ocrx_word' id='word_1_2' title='bbox 957 84 1138 121; x_wconf 84' lang='lat' dir='ltr'>PLAVTI</span> <span class='ocrx_word' id='word_1_3' title='bbox 1694 81 1722 108; x_wconf 87' lang='lat'>11</span> <span class='ocrx_word' id='word_1_4' title='bbox 1735 83 1761 115; x_wconf 87' lang='lat'>1,</span> <span class='ocrx_word' id='word_1_5' title='bbox 1779 80 1881 110; x_wconf 73' lang='lat'>22—45</span> 
     </span>
    </p>
   </div>
   <div class='ocr_carea' id='block_1_2' title="bbox 305 197 1544 383">
    <p class='ocr_par' dir='ltr' id='par_1_2' title="bbox 305 197 1544 383">
     <span class='ocr_line' id='line_1_2' title="bbox 310 197 1505 248; baseline -0.008 0"><span class='ocrx_word' id='word_1_6' title='bbox 310 208 398 248; x_wconf 80' lang='lat' dir='ltr'>Sos.</span> <span class='ocrx_word' id='word_1_7' title='bbox 448 205 584 246; x_wconf 81' lang='lat' dir='ltr'>Merito</span> <span class='ocrx_word' id='word_1_8' title='bbox 615 202 819 242; x_wconf 75' lang='lat' dir='ltr'>maledicas</span> <span class='ocrx_word' id='word_1_9' title='bbox 850 201 957 247; x_wconf 81' lang='lat' dir='ltr'>mihi,</span> <span class='ocrx_word' id='word_1_10' title='bbox 986 200 1017 239; x_wconf 89' lang='lat' dir='ltr'>si</span> <span class='ocrx_word' id='word_1_11' title='bbox 1049 199 1085 238; x_wconf 88' lang='lat' dir='ltr'>id</span> <span class='ocrx_word' id='word_1_12' title='bbox 1117 198 1169 236; x_wconf 88' lang='lat' dir='ltr'>ita</span> <span class='ocrx_word' id='word_1_13' title='bbox 1199 197 1345 236; x_wconf 81' lang='lat' dir='ltr'>sactum</span> <span class='ocrx_word' id='word_1_14' title='bbox 1376 202 1447 236; x_wconf 88' lang='lat' dir='ltr'>est.</span> <span class='ocrx_word' id='word_1_15' title='bbox 1479 205 1505 238; x_wconf 71' lang='grc' dir='ltr'>-ί-</span> 
     </span>
     <span class='ocr_line' id='line_1_3' title="bbox 305 265 1302 318; baseline -0.011 -5"><span class='ocrx_word' id='word_1_16' title='bbox 305 287 440 314; x_wconf 74' lang='lat' dir='ltr'>verum</span> <span class='ocrx_word' id='word_1_17' title='bbox 470 273 571 312; x_wconf 91' lang='lat' dir='ltr'>haud</span> <span class='ocrx_word' id='word_1_18' title='bbox 603 271 784 315; x_wconf 85' lang='lat' dir='ltr'>mentior,</span> <span class='ocrx_word' id='word_1_19' title='bbox 816 280 956 318; x_wconf 88' lang='lat' dir='ltr'>resque</span> <span class='ocrx_word' id='word_1_20' title='bbox 986 267 1042 305; x_wconf 90' lang='lat' dir='ltr'>uti</span> <span class='ocrx_word' id='word_1_21' title='bbox 1073 267 1170 304; x_wconf 85' lang='lat' dir='ltr'>sacta</span> <span class='ocrx_word' id='word_1_22' title='bbox 1200 265 1302 304; x_wconf 85' lang='lat' dir='ltr'>dieo.</span> 
     </span>
     <span class='ocr_line' id='line_1_4' title="bbox 603 332 1544 383; baseline -0.007 -6"><span class='ocrx_word' id='word_1_23' title='bbox 603 339 749 377; x_wconf 81' lang='lat' dir='ltr'>AMPH.</span> <span class='ocrx_word' id='word_1_24' title='bbox 800 335 924 374; x_wconf 89' lang='lat' dir='ltr'>Homo</span> <span class='ocrx_word' id='word_1_25' title='bbox 956 334 1020 372; x_wconf 82' lang='lat' dir='ltr'>hic</span> <span class='ocrx_word' id='word_1_26' title='bbox 1049 332 1183 372; x_wconf 80' lang='lat' dir='ltr'>ebrius</span> <span class='ocrx_word' id='word_1_27' title='bbox 1213 338 1285 379; x_wconf 83' lang='lat' dir='ltr'>est,</span> <span class='ocrx_word' id='word_1_28' title='bbox 1314 338 1358 370; x_wconf 90' lang='lat' dir='ltr'>ut</span> <span class='ocrx_word' id='word_1_29' title='bbox 1388 333 1544 383; x_wconf 87' lang='lat' dir='ltr'><strong>opinor.</strong></span> 
     </span>
    </p>
   </div>
   <div class='ocr_carea' id='block_1_3' title="bbox 361 389 1957 1064">
    <p class='ocr_par' dir='ltr' id='par_1_3' title="bbox 361 389 1952 524">
     <span class='ocr_line' id='line_1_5' title="bbox 361 389 1952 451; baseline -0.008 -2"><span class='ocrx_word' id='word_1_30' title='bbox 361 409 450 449; x_wconf 72' lang='lat' dir='ltr'>Sos.</span> <span class='ocrx_word' id='word_1_31' title='bbox 500 389 653 444; x_wconf 50' lang='lat' dir='ltr'>Vtinam</span> <span class='ocrx_word' id='word_1_32' title='bbox 686 405 736 442; x_wconf 87' lang='lat' dir='ltr'>ita</span> <span class='ocrx_word' id='word_1_33' title='bbox 767 413 904 441; x_wconf 86' lang='lat' dir='ltr'>essem.</span> <span class='ocrx_word' id='word_1_34' title='bbox 962 400 1110 440; x_wconf 81' lang='lat' dir='ltr'><strong>AMPH.</strong></span> <span class='ocrx_word' id='word_1_35' title='bbox 1161 399 1281 451; x_wconf 75' lang='lat' dir='ltr'>Optas</span> <span class='ocrx_word' id='word_1_36' title='bbox 1313 411 1412 450; x_wconf 86' lang='lat' dir='ltr'>quae</span> <span class='ocrx_word' id='word_1_37' title='bbox 1443 399 1553 438; x_wconf 86' lang='lat' dir='ltr'>sacta.</span> <span class='ocrx_word' id='word_1_38' title='bbox 1896 405 1952 437; x_wconf 79' lang='lat'>575</span> 
     </span>
     <span class='ocr_line' id='line_1_6' title="bbox 361 465 1425 524; baseline -0.009 -8"><span class='ocrx_word' id='word_1_39' title='bbox 361 476 450 516; x_wconf 81' lang='lat' dir='ltr'>Sos.</span> <span class='ocrx_word' id='word_1_40' title='bbox 499 465 662 524; x_wconf 77' lang='lat' dir='ltr'>Egone?</span> <span class='ocrx_word' id='word_1_41' title='bbox 721 470 868 509; x_wconf 82' lang='grc' dir='ltr'><strong>ΑΜΡΗ.</strong></span> <span class='ocrx_word' id='word_1_42' title='bbox 919 468 977 507; x_wconf 91' lang='lat' dir='ltr'>Tu</span> <span class='ocrx_word' id='word_1_43' title='bbox 1009 469 1107 509; x_wconf 85' lang='lat' dir='ltr'>istic.</span> <span class='ocrx_word' id='word_1_44' title='bbox 1167 468 1233 506; x_wconf 81' lang='lat' dir='ltr'>ubi</span> <span class='ocrx_word' id='word_1_45' title='bbox 1265 465 1425 506; x_wconf 77' lang='lat' dir='ltr'>bibisti?</span> 
     </span>
    </p>

    <p class='ocr_par' dir='ltr' id='par_1_4' title="bbox 361 533 1953 655">
     <span class='ocr_line' id='line_1_7' title="bbox 361 533 1953 591; baseline -0.008 -8"><span class='ocrx_word' id='word_1_46' title='bbox 361 543 449 583; x_wconf 82' lang='lat' dir='ltr'>Sos.</span> <span class='ocrx_word' id='word_1_47' title='bbox 499 541 698 591; x_wconf 82' lang='lat' dir='ltr'><strong>Nusquam</strong></span> <span class='ocrx_word' id='word_1_48' title='bbox 729 537 908 588; x_wconf 81' lang='lat' dir='ltr'>equidem</span> <span class='ocrx_word' id='word_1_49' title='bbox 940 535 1034 575; x_wconf 89' lang='lat' dir='ltr'>bibi.</span> <span class='ocrx_word' id='word_1_50' title='bbox 1093 535 1240 576; x_wconf 83' lang='lat' dir='ltr'><strong>AMPH.</strong></span> <span class='ocrx_word' id='word_1_51' title='bbox 1291 535 1392 581; x_wconf 87' lang='lat' dir='ltr'>Quid</span> <span class='ocrx_word' id='word_1_52' title='bbox 1424 534 1498 573; x_wconf 85' lang='lat' dir='ltr'>hoo</span> <span class='ocrx_word' id='word_1_53' title='bbox 1529 533 1579 573; x_wconf 88' lang='lat' dir='ltr'>sit</span> <span class='ocrx_word' id='word_1_54' title='bbox 1896 539 1953 572; x_wconf 81' lang='grc'>576</span> 
     </span>
     <span class='ocr_line' id='line_1_8' title="bbox 363 603 1207 655; baseline -0.008 -7"><span class='ocrx_word' id='word_1_55' title='bbox 363 606 561 648; x_wconf 76' lang='lat' dir='ltr'>hominis?</span> <span class='ocrx_word' id='word_1_56' title='bbox 620 607 709 647; x_wconf 79' lang='lat' dir='ltr'>Sos.</span> <span class='ocrx_word' id='word_1_57' title='bbox 740 605 920 655; x_wconf 84' lang='lat' dir='ltr'><strong>equidem</strong></span> <span class='ocrx_word' id='word_1_58' title='bbox 951 603 1080 642; x_wconf 86' lang='lat' dir='ltr'>decies</span> <span class='ocrx_word' id='word_1_59' title='bbox 1109 603 1207 642; x_wconf 83' lang='lat' dir='ltr'>dixi:</span> 
     </span>
    </p>

    <p class='ocr_par' dir='ltr' id='par_1_5' title="bbox 362 669 1954 795">
     <span class='ocr_line' id='line_1_9' title="bbox 364 669 1954 726; baseline -0.006 -11"><span class='ocrx_word' id='word_1_60' title='bbox 364 677 467 715; x_wconf 91' lang='lat' dir='ltr'>domi</span> <span class='ocrx_word' id='word_1_61' title='bbox 499 688 569 726; x_wconf 84' lang='lat' dir='ltr'>ego</span> <span class='ocrx_word' id='word_1_62' title='bbox 600 686 698 719; x_wconf 86' lang='lat' dir='ltr'>sum,</span> <span class='ocrx_word' id='word_1_63' title='bbox 731 673 904 723; x_wconf 83' lang='lat' dir='ltr'>inquam,</span> <span class='ocrx_word' id='word_1_64' title='bbox 936 671 1076 722; x_wconf 73' lang='lat' dir='ltr'>ecquid</span> <span class='ocrx_word' id='word_1_65' title='bbox 1107 669 1244 710; x_wconf 73' lang='lat' dir='ltr'>audis?</span> <span class='ocrx_word' id='word_1_66' title='bbox 1898 675 1954 706; x_wconf 78' lang='grc'>577</span> 
     </span>
     <span class='ocr_line' id='line_1_10' title="bbox 362 738 1049 795; baseline -0.007 -13"><span class='ocrx_word' id='word_1_67' title='bbox 362 750 399 783; x_wconf 89' lang='lat' dir='ltr'>et</span> <span class='ocrx_word' id='word_1_68' title='bbox 428 743 529 795; x_wconf 87' lang='lat' dir='ltr'>apud</span> <span class='ocrx_word' id='word_1_69' title='bbox 560 749 597 781; x_wconf 91' lang='lat' dir='ltr'>te</span> <span class='ocrx_word' id='word_1_70' title='bbox 627 741 760 780; x_wconf 82' lang='lat' dir='ltr'>adsum</span> <span class='ocrx_word' id='word_1_71' title='bbox 794 739 902 778; x_wconf 85' lang='lat' dir='ltr'>Sosia</span> <span class='ocrx_word' id='word_1_72' title='bbox 934 738 1049 777; x_wconf 89' lang='lat' dir='ltr'>idem.</span> 
     </span>
    </p>

    <p class='ocr_par' dir='ltr' id='par_1_6' title="bbox 363 806 1953 925">
     <span class='ocr_line' id='line_1_11' title="bbox 363 806 1953 860; baseline -0.008 -9"><span class='ocrx_word' id='word_1_73' title='bbox 363 812 459 851; x_wconf 84' lang='lat' dir='ltr'>satin</span> <span class='ocrx_word' id='word_1_74' title='bbox 492 811 567 848; x_wconf 85' lang='lat' dir='ltr'>hoc</span> <span class='ocrx_word' id='word_1_75' title='bbox 598 809 726 860; x_wconf 86' lang='lat' dir='ltr'>plane,</span> <span class='ocrx_word' id='word_1_76' title='bbox 757 807 858 847; x_wconf 86' lang='lat' dir='ltr'>satin</span> <span class='ocrx_word' id='word_1_77' title='bbox 889 806 1045 853; x_wconf 75' lang='lat' dir='ltr'>diserte,</span> <span class='ocrx_word' id='word_1_78' title='bbox 1897 809 1953 842; x_wconf 76' lang='lat'>578</span> 
     </span>
     <span class='ocr_line' id='line_1_12' title="bbox 363 876 746 925; baseline -0.01 -8"><span class='ocrx_word' id='word_1_79' title='bbox 363 891 441 925; x_wconf 78' lang='lat' dir='ltr'>ere,</span> <span class='ocrx_word' id='word_1_80' title='bbox 474 890 582 917; x_wconf 86' lang='lat' dir='ltr'>nunc</span> <span class='ocrx_word' id='word_1_81' title='bbox 612 876 746 915; x_wconf 84' lang='lat' dir='ltr'>videor</span> 
     </span>
    </p>

    <p class='ocr_par' dir='ltr' id='par_1_7' title="bbox 362 940 1957 1064">
     <span class='ocr_line' id='line_1_13' title="bbox 362 940 1956 989; baseline -0.008 -4"><span class='ocrx_word' id='word_1_82' title='bbox 362 946 430 985; x_wconf 85' lang='lat' dir='ltr'>tibi</span> <span class='ocrx_word' id='word_1_83' title='bbox 461 946 613 984; x_wconf 86' lang='lat' dir='ltr'>locutus</span> <span class='ocrx_word' id='word_1_84' title='bbox 643 941 757 983; x_wconf 76' lang='lat' dir='ltr'>esse?</span> <span class='ocrx_word' id='word_1_85' title='bbox 816 943 962 982; x_wconf 83' lang='lat' dir='ltr'>AMPH.</span> <span class='ocrx_word' id='word_1_86' title='bbox 1004 940 1097 989; x_wconf 83' lang='lat' dir='ltr'>Vah,</span> <span class='ocrx_word' id='word_1_87' title='bbox 1899 945 1956 978; x_wconf 74' lang='lat'>579</span> 
     </span>
     <span class='ocr_line' id='line_1_14' title="bbox 362 1006 1957 1064; baseline -0.007 -12"><span class='ocrx_word' id='word_1_88' title='bbox 362 1017 482 1064; x_wconf 76' lang='lat' dir='ltr'>apage</span> <span class='ocrx_word' id='word_1_89' title='bbox 514 1021 550 1052; x_wconf 90' lang='lat' dir='ltr'>te</span> <span class='ocrx_word' id='word_1_90' title='bbox 581 1025 601 1051; x_wconf 88' lang='lat' dir='ltr'>a</span> <span class='ocrx_word' id='word_1_91' title='bbox 632 1024 705 1050; x_wconf 91' lang='lat' dir='ltr'>me.</span> <span class='ocrx_word' id='word_1_92' title='bbox 765 1010 855 1050; x_wconf 75' lang='lat' dir='ltr'>Sos.</span> <span class='ocrx_word' id='word_1_93' title='bbox 906 1009 1006 1055; x_wconf 86' lang='lat' dir='ltr'>Quid</span> <span class='ocrx_word' id='word_1_94' title='bbox 1039 1015 1097 1048; x_wconf 87' lang='lat' dir='ltr'>est</span> <span class='ocrx_word' id='word_1_95' title='bbox 1130 1006 1290 1059; x_wconf 76' lang='lat' dir='ltr'>negoti?</span> <span class='ocrx_word' id='word_1_96' title='bbox 1899 1013 1957 1046; x_wconf 75' lang='lat'>580</span> 
     </span>
    </p>
   </div>
   <div class='ocr_carea' id='block_1_4' title="bbox 361 1075 1456 1199">
    <p class='ocr_par' dir='ltr' id='par_1_8' title="bbox 361 1075 1456 1199">
     <span class='ocr_line' id='line_1_15' title="bbox 361 1075 1456 1127; baseline -0.006 -6"><span class='ocrx_word' id='word_1_97' title='bbox 361 1082 507 1122; x_wconf 83' lang='lat' dir='ltr'><strong>AMPH.</strong></span> <span class='ocrx_word' id='word_1_98' title='bbox 560 1080 682 1119; x_wconf 80' lang='lat' dir='ltr'>Pestis</span> <span class='ocrx_word' id='word_1_99' title='bbox 711 1085 748 1118; x_wconf 92' lang='lat' dir='ltr'>te</span> <span class='ocrx_word' id='word_1_100' title='bbox 778 1084 899 1117; x_wconf 85' lang='lat' dir='ltr'>tenet.</span> <span class='ocrx_word' id='word_1_101' title='bbox 958 1077 1048 1117; x_wconf 80' lang='lat' dir='ltr'>Sos.</span> <span class='ocrx_word' id='word_1_102' title='bbox 1098 1077 1195 1116; x_wconf 71' lang='lat' dir='ltr'>Nam</span> <span class='ocrx_word' id='word_1_103' title='bbox 1226 1088 1326 1127; x_wconf 92' lang='lat' dir='ltr'>quor</span> <span class='ocrx_word' id='word_1_104' title='bbox 1356 1075 1456 1115; x_wconf 89' lang='lat' dir='ltr'>istuc</span> 
     </span>
     <span class='ocr_line' id='line_1_16' title="bbox 362 1144 1056 1199; baseline -0.007 -11"><span class='ocrx_word' id='word_1_105' title='bbox 362 1148 485 1188; x_wconf 77' lang='lat' dir='ltr'>dicis?</span> <span class='ocrx_word' id='word_1_106' title='bbox 516 1148 696 1199; x_wconf 87' lang='lat' dir='ltr'>equidem</span> <span class='ocrx_word' id='word_1_107' title='bbox 725 1146 832 1184; x_wconf 87' lang='lat' dir='ltr'>valeo</span> <span class='ocrx_word' id='word_1_108' title='bbox 865 1151 903 1185; x_wconf 85' lang='lat' dir='ltr'>et</span> <span class='ocrx_word' id='word_1_109' title='bbox 932 1144 1056 1184; x_wconf 88' lang='lat' dir='ltr'>salvos</span> 
     </span>
    </p>
   </div>
   <div class='ocr_carea' id='block_1_5' title="bbox 361 1210 1977 1601">
    <p class='ocr_par' dir='ltr' id='par_1_9' title="bbox 361 1210 1957 1336">
     <span class='ocr_line' id='line_1_17' title="bbox 362 1210 1957 1266; baseline -0.006 -10"><span class='ocrx_word' id='word_1_110' title='bbox 362 1229 446 1257; x_wconf 90' lang='lat' dir='ltr'>sum</span> <span class='ocrx_word' id='word_1_111' title='bbox 477 1223 597 1262; x_wconf 80' lang='lat' dir='ltr'>recte,</span> <span class='ocrx_word' id='word_1_112' title='bbox 628 1214 875 1266; x_wconf 87' lang='lat' dir='ltr'>Amphitruo.</span> <span class='ocrx_word' id='word_1_113' title='bbox 936 1212 1085 1252; x_wconf 80' lang='lat' dir='ltr'>AMPH.</span> <span class='ocrx_word' id='word_1_114' title='bbox 1135 1211 1183 1250; x_wconf 85' lang='lat' dir='ltr'>At</span> <span class='ocrx_word' id='word_1_115' title='bbox 1213 1217 1252 1250; x_wconf 89' lang='lat' dir='ltr'>te</span> <span class='ocrx_word' id='word_1_116' title='bbox 1284 1223 1356 1263; x_wconf 88' lang='lat' dir='ltr'>ego</span> <span class='ocrx_word' id='word_1_117' title='bbox 1387 1210 1522 1249; x_wconf 82' lang='lat' dir='ltr'>faciam</span> <span class='ocrx_word' id='word_1_118' title='bbox 1901 1217 1957 1250; x_wconf 78' lang='lat'>583</span> 
     </span>
     <span class='ocr_line' id='line_1_18' title="bbox 361 1281 1028 1336; baseline -0.007 -12"><span class='ocrx_word' id='word_1_119' title='bbox 361 1285 476 1324; x_wconf 89' lang='lat' dir='ltr'>hodie</span> <span class='ocrx_word' id='word_1_120' title='bbox 506 1283 673 1336; x_wconf 86' lang='lat' dir='ltr'>proinde</span> <span class='ocrx_word' id='word_1_121' title='bbox 703 1294 749 1321; x_wconf 86' lang='lat' dir='ltr'>ac</span> <span class='ocrx_word' id='word_1_122' title='bbox 780 1281 943 1320; x_wconf 87' lang='lat' dir='ltr'>meritus</span> <span class='ocrx_word' id='word_1_123' title='bbox 974 1293 1028 1328; x_wconf 88' lang='lat' dir='ltr'>es,</span> 
     </span>
    </p>

    <p class='ocr_par' dir='ltr' id='par_1_10' title="bbox 362 1349 1977 1601">
     <span class='ocr_line' id='line_1_19' title="bbox 364 1349 1975 1396; baseline -0.002 -5"><span class='ocrx_word' id='word_1_124' title='bbox 364 1359 407 1391; x_wconf 90' lang='lat' dir='ltr'>ut</span> <span class='ocrx_word' id='word_1_125' title='bbox 436 1353 567 1391; x_wconf 85' lang='lat' dir='ltr'>minus</span> <span class='ocrx_word' id='word_1_126' title='bbox 598 1351 722 1389; x_wconf 87' lang='lat' dir='ltr'>valeas</span> <span class='ocrx_word' id='word_1_127' title='bbox 753 1356 791 1389; x_wconf 87' lang='lat' dir='ltr'>et</span> <span class='ocrx_word' id='word_1_128' title='bbox 821 1349 941 1388; x_wconf 87' lang='lat' dir='ltr'>miser</span> <span class='ocrx_word' id='word_1_129' title='bbox 971 1349 1035 1396; x_wconf 79' lang='lat' dir='ltr'>sis⁷</span> <span class='ocrx_word' id='word_1_130' title='bbox 1901 1354 1975 1388; x_wconf 70' lang='lat'>584²</span> 
     </span>
     <span class='ocr_line' id='line_1_20' title="bbox 362 1413 1977 1461; baseline -0.004 0"><span class='ocrx_word' id='word_1_131' title='bbox 362 1421 485 1461; x_wconf 89' lang='lat' dir='ltr'>salvos</span> <span class='ocrx_word' id='word_1_132' title='bbox 515 1421 672 1459; x_wconf 93' lang='lat' dir='ltr'>domum</span> <span class='ocrx_word' id='word_1_133' title='bbox 703 1419 734 1458; x_wconf 93' lang='lat' dir='ltr'>si</span> <span class='ocrx_word' id='word_1_134' title='bbox 765 1417 940 1457; x_wconf 83' lang='lat' dir='ltr'>rediero:</span> <span class='ocrx_word' id='word_1_135' title='bbox 973 1417 1049 1456; x_wconf 81' lang='lat' dir='ltr'>iam</span> <span class='ocrx_word' id='word_1_136' title='bbox 1901 1413 1977 1455; x_wconf 76' lang='lat' dir='ltr'>584b</span> 
     </span>
     <span class='ocr_line' id='line_1_21' title="bbox 363 1485 1976 1539; baseline -0.003 -12"><span class='ocrx_word' id='word_1_137' title='bbox 363 1501 527 1539; x_wconf 86' lang='lat' dir='ltr'>sequere</span> <span class='ocrx_word' id='word_1_138' title='bbox 557 1488 621 1533; x_wconf 84' lang='lat' dir='ltr'>sis,</span> <span class='ocrx_word' id='word_1_139' title='bbox 653 1498 763 1525; x_wconf 88' lang='lat' dir='ltr'>erum</span> <span class='ocrx_word' id='word_1_140' title='bbox 795 1485 862 1537; x_wconf 87' lang='lat' dir='ltr'>qui</span> <span class='ocrx_word' id='word_1_141' title='bbox 891 1485 1067 1525; x_wconf 83' lang='lat' dir='ltr'>ludificas</span> <span class='ocrx_word' id='word_1_142' title='bbox 1903 1489 1976 1523; x_wconf 68' lang='lat'>585²</span> 
     </span>
     <span class='ocr_line' id='line_1_22' title="bbox 363 1551 1977 1601; baseline -0.002 -6"><span class='ocrx_word' id='word_1_143' title='bbox 363 1556 475 1595; x_wconf 87' lang='lat' dir='ltr'>dictis</span> <span class='ocrx_word' id='word_1_144' title='bbox 505 1554 773 1601; x_wconf 82' lang='lat' dir='ltr'>delirantibus,</span> <span class='ocrx_word' id='word_1_145' title='bbox 1901 1551 1977 1592; x_wconf 72' lang='lat'>5851’</span> 
     </span>
    </p>
   </div>
   <div class='ocr_carea' id='block_1_6' title="bbox 223 1617 1958 2081">
    <p class='ocr_par' dir='ltr' id='par_1_11' title="bbox 223 1617 1454 1676">
     <span class='ocr_line' id='line_1_23' title="bbox 223 1617 1454 1676; baseline -0.006 -12"><span class='ocrx_word' id='word_1_146' title='bbox 223 1626 288 1676; x_wconf 86' lang='lat' dir='ltr'>qui</span> <span class='ocrx_word' id='word_1_147' title='bbox 320 1623 503 1676; x_wconf 91' lang='lat' dir='ltr'>quoniam</span> <span class='ocrx_word' id='word_1_148' title='bbox 535 1634 624 1661; x_wconf 91' lang='lat' dir='ltr'>erus</span> <span class='ocrx_word' id='word_1_149' title='bbox 655 1621 759 1673; x_wconf 92' lang='lat' dir='ltr'>quod</span> <span class='ocrx_word' id='word_1_150' title='bbox 790 1621 994 1672; x_wconf 89' lang='lat' dir='ltr'>imperavit</span> <span class='ocrx_word' id='word_1_151' title='bbox 1026 1619 1226 1671; x_wconf 82' lang='lat' dir='ltr'>neglexisti</span> <span class='ocrx_word' id='word_1_152' title='bbox 1257 1617 1454 1670; x_wconf 86' lang='lat' dir='ltr'>persequi,</span> 
     </span>
    </p>

    <p class='ocr_par' dir='ltr' id='par_1_12' title="bbox 223 1683 1607 1737">
     <span class='ocr_line' id='line_1_24' title="bbox 223 1683 1607 1737; baseline -0.007 -5"><span class='ocrx_word' id='word_1_153' title='bbox 223 1705 331 1732; x_wconf 86' lang='lat' dir='ltr'>nunc</span> <span class='ocrx_word' id='word_1_154' title='bbox 360 1691 468 1731; x_wconf 87' lang='lat' dir='ltr'>venis</span> <span class='ocrx_word' id='word_1_155' title='bbox 499 1690 615 1729; x_wconf 85' lang='lat' dir='ltr'>etiam</span> <span class='ocrx_word' id='word_1_156' title='bbox 647 1689 749 1728; x_wconf 91' lang='lat' dir='ltr'>ultro</span> <span class='ocrx_word' id='word_1_157' title='bbox 782 1688 944 1727; x_wconf 86' lang='lat' dir='ltr'>inrisum</span> <span class='ocrx_word' id='word_1_158' title='bbox 975 1687 1197 1727; x_wconf 86' lang='lat' dir='ltr'>dominum:</span> <span class='ocrx_word' id='word_1_159' title='bbox 1231 1698 1330 1737; x_wconf 92' lang='lat' dir='ltr'>quae</span> <span class='ocrx_word' id='word_1_160' title='bbox 1363 1697 1491 1736; x_wconf 89' lang='lat' dir='ltr'>neque</span> <span class='ocrx_word' id='word_1_161' title='bbox 1521 1683 1607 1723; x_wconf 87' lang='lat' dir='ltr'>fieri</span> 
     </span>
    </p>

    <p class='ocr_par' dir='ltr' id='par_1_13' title="bbox 223 1751 1753 1813">
     <span class='ocr_line' id='line_1_25' title="bbox 223 1751 1753 1813; baseline -0.006 -14"><span class='ocrx_word' id='word_1_162' title='bbox 223 1766 389 1813; x_wconf 88' lang='lat' dir='ltr'>possunt</span> <span class='ocrx_word' id='word_1_163' title='bbox 420 1771 547 1810; x_wconf 89' lang='lat' dir='ltr'>neque</span> <span class='ocrx_word' id='word_1_164' title='bbox 578 1757 694 1796; x_wconf 86' lang='lat' dir='ltr'>fando</span> <span class='ocrx_word' id='word_1_165' title='bbox 725 1768 912 1807; x_wconf 88' lang='lat' dir='ltr'>umquam</span> <span class='ocrx_word' id='word_1_166' title='bbox 944 1755 1095 1807; x_wconf 83' lang='lat' dir='ltr'>accepit</span> <span class='ocrx_word' id='word_1_167' title='bbox 1125 1755 1330 1806; x_wconf 86' lang='lat' dir='ltr'>quisquam</span> <span class='ocrx_word' id='word_1_168' title='bbox 1361 1753 1527 1805; x_wconf 83' lang='lat' dir='ltr'>profers,</span> <span class='ocrx_word' id='word_1_169' title='bbox 1559 1751 1753 1798; x_wconf 83' lang='lat' dir='ltr'>carnisex;</span> 
     </span>
    </p>

    <p class='ocr_par' dir='ltr' id='par_1_14' title="bbox 224 1821 1548 1880">
     <span class='ocr_line' id='line_1_26' title="bbox 224 1821 1548 1880; baseline -0.006 -13"><span class='ocrx_word' id='word_1_170' title='bbox 224 1829 363 1880; x_wconf 89' lang='lat' dir='ltr'>quoius</span> <span class='ocrx_word' id='word_1_171' title='bbox 394 1839 466 1878; x_wconf 85' lang='lat' dir='ltr'>ego</span> <span class='ocrx_word' id='word_1_172' title='bbox 499 1826 612 1864; x_wconf 87' lang='lat' dir='ltr'>hodie</span> <span class='ocrx_word' id='word_1_173' title='bbox 643 1826 682 1864; x_wconf 90' lang='lat' dir='ltr'>in</span> <span class='ocrx_word' id='word_1_174' title='bbox 715 1832 868 1876; x_wconf 84' lang='lat' dir='ltr'>tergum</span> <span class='ocrx_word' id='word_1_175' title='bbox 899 1825 986 1863; x_wconf 85' lang='lat' dir='ltr'>faxo</span> <span class='ocrx_word' id='word_1_176' title='bbox 1018 1824 1090 1863; x_wconf 88' lang='lat' dir='ltr'>ista</span> <span class='ocrx_word' id='word_1_177' title='bbox 1120 1828 1306 1875; x_wconf 82' lang='lat' dir='ltr'>expetant</span> <span class='ocrx_word' id='word_1_178' title='bbox 1336 1821 1548 1860; x_wconf 85' lang='lat' dir='ltr'>mendacia.</span> 
     </span>
    </p>

    <p class='ocr_par' dir='ltr' id='par_1_15' title="bbox 223 1888 1958 2017">
     <span class='ocr_line' id='line_1_27' title="bbox 223 1888 1958 1946; baseline -0.006 -11"><span class='ocrx_word' id='word_1_179' title='bbox 223 1897 312 1937; x_wconf 79' lang='lat' dir='ltr'>Sos.</span> <span class='ocrx_word' id='word_1_180' title='bbox 361 1895 606 1946; x_wconf 82' lang='lat' dir='ltr'>Amphitruo,</span> <span class='ocrx_word' id='word_1_181' title='bbox 637 1894 855 1933; x_wconf 85' lang='lat' dir='ltr'>miserrima</span> <span class='ocrx_word' id='word_1_182' title='bbox 886 1893 1003 1932; x_wconf 84' lang='lat' dir='ltr'>istaec</span> <span class='ocrx_word' id='word_1_183' title='bbox 1035 1891 1188 1930; x_wconf 89' lang='lat' dir='ltr'>miseria</span> <span class='ocrx_word' id='word_1_184' title='bbox 1220 1897 1280 1930; x_wconf 88' lang='lat' dir='ltr'>est</span> <span class='ocrx_word' id='word_1_185' title='bbox 1309 1902 1419 1929; x_wconf 84' lang='lat' dir='ltr'>servo</span> <span class='ocrx_word' id='word_1_186' title='bbox 1450 1888 1571 1935; x_wconf 86' lang='lat' dir='ltr'>hono,</span> <span class='ocrx_word' id='word_1_187' title='bbox 1901 1891 1958 1924; x_wconf 84' lang='lat'>590</span> 
     </span>
     <span class='ocr_line' id='line_1_28' title="bbox 223 1958 1472 2017; baseline -0.006 -14"><span class='ocrx_word' id='word_1_188' title='bbox 223 1964 324 2017; x_wconf 83' lang='lat' dir='ltr'>apud</span> <span class='ocrx_word' id='word_1_189' title='bbox 356 1975 466 2003; x_wconf 90' lang='lat' dir='ltr'>erum</span> <span class='ocrx_word' id='word_1_190' title='bbox 497 1963 563 2014; x_wconf 90' lang='lat' dir='ltr'>qui</span> <span class='ocrx_word' id='word_1_191' title='bbox 592 1974 680 2001; x_wconf 87' lang='lat' dir='ltr'>vera</span> <span class='ocrx_word' id='word_1_192' title='bbox 713 1962 898 2012; x_wconf 79' lang='lat' dir='ltr'>loquitur,</span> <span class='ocrx_word' id='word_1_193' title='bbox 930 1961 961 2000; x_wconf 88' lang='lat' dir='ltr'>si</span> <span class='ocrx_word' id='word_1_194' title='bbox 992 1960 1029 1999; x_wconf 90' lang='lat' dir='ltr'>id</span> <span class='ocrx_word' id='word_1_195' title='bbox 1062 1960 1096 1997; x_wconf 94' lang='lat' dir='ltr'>vi</span> <span class='ocrx_word' id='word_1_196' title='bbox 1126 1971 1262 1998; x_wconf 88' lang='lat' dir='ltr'>verum</span> <span class='ocrx_word' id='word_1_197' title='bbox 1293 1958 1472 1997; x_wconf 84' lang='lat' dir='ltr'>vincitur.</span> 
     </span>
    </p>

    <p class='ocr_par' dir='ltr' id='par_1_16' title="bbox 224 2022 1804 2081">
     <span class='ocr_line' id='line_1_29' title="bbox 224 2022 1804 2081; baseline -0.007 -9"><span class='ocrx_word' id='word_1_198' title='bbox 224 2034 365 2072; x_wconf 82' lang='grc' dir='ltr'><strong>ΑΜΡΗ.</strong></span> <span class='ocrx_word' id='word_1_199' title='bbox 417 2031 503 2076; x_wconf 89' lang='lat' dir='ltr'>Quo</span> <span class='ocrx_word' id='word_1_200' title='bbox 535 2031 586 2077; x_wconf 81' lang='lat' dir='ltr'>id,</span> <span class='ocrx_word' id='word_1_201' title='bbox 618 2030 776 2075; x_wconf 83' lang='lat' dir='ltr'>malum,</span> <span class='ocrx_word' id='word_1_202' title='bbox 807 2036 922 2081; x_wconf 88' lang='lat' dir='ltr'>pacto</span> <span class='ocrx_word' id='word_1_203' title='bbox 953 2034 1083 2081; x_wconf 87' lang='lat' dir='ltr'>potest</span> <span class='ocrx_word' id='word_1_204' title='bbox 1104 2040 1195 2067; x_wconf 89' lang='lat' dir='ltr'>nam</span> <span class='ocrx_word' id='word_1_205' title='bbox 1225 2029 1395 2077; x_wconf 86' lang='lat' dir='ltr'>(meeum</span> <span class='ocrx_word' id='word_1_206' title='bbox 1425 2024 1666 2076; x_wconf 85' lang='lat' dir='ltr'>argumentis</span> <span class='ocrx_word' id='word_1_207' title='bbox 1696 2022 1804 2074; x_wconf 84' lang='lat' dir='ltr'>puta)</span> 
     </span>
    </p>
   </div>
   <div class='ocr_carea' id='block_1_7' title="bbox 245 2119 1834 2131">
    <p class='ocr_par' dir='ltr' id='par_1_17' title="bbox 245 2119 1834 2131">
     <span class='ocr_line' id='line_1_30' title="bbox 245 2119 1834 2131; baseline 0 0"><span class='ocrx_word' id='word_1_208' title='bbox 245 2119 1834 2131; x_wconf 95' lang='lat' dir='ltr'> </span> 
     </span>
    </p>
   </div>
   <div class='ocr_carea' id='block_1_8' title="bbox 454 2120 1834 2130">
    <p class='ocr_par' dir='ltr' id='par_1_18' title="bbox 454 2120 1834 2130">
     <span class='ocr_line' id='line_1_31' title="bbox 454 2120 1834 2130; baseline 0 0"><span class='ocrx_word' id='word_1_209' title='bbox 454 2120 1834 2130; x_wconf 95' lang='lat' dir='ltr'> </span> 
     </span>
    </p>
   </div>
   <div class='ocr_carea' id='block_1_9' title="bbox 216 2166 1892 2499">
    <p class='ocr_par' dir='ltr' id='par_1_19' title="bbox 216 2166 1892 2499">
     <span class='ocr_line' id='line_1_32' title="bbox 338 2166 1891 2215; baseline -0.006 -5"><span class='ocrx_word' id='word_1_210' title='bbox 338 2178 402 2210; x_wconf 86' lang='grc'>572</span> <span class='ocrx_word' id='word_1_211' title='bbox 426 2175 465 2210; x_wconf 87' lang='lat' dir='ltr'>id</span> <span class='ocrx_word' id='word_1_212' title='bbox 488 2174 557 2209; x_wconf 85' lang='lat' dir='ltr'>ita:</span> <span class='ocrx_word' id='word_1_213' title='bbox 582 2173 635 2209; x_wconf 82' lang='lat' dir='ltr'>ita</span> <span class='ocrx_word' id='word_1_214' title='bbox 658 2173 696 2207; x_wconf 85' lang='lat' dir='ltr'>id</span> <span class='ocrx_word' id='word_1_215' title='bbox 721 2172 757 2208; x_wconf 89' lang='lat' dir='ltr'><em>E</em></span> <span class='ocrx_word' id='word_1_216' title='bbox 777 2178 861 2208; x_wconf 81' lang='lat' dir='ltr'>ante</span> <span class='ocrx_word' id='word_1_217' title='bbox 884 2184 994 2215; x_wconf 66' lang='lat' dir='ltr'>corr„</span> <span class='ocrx_word' id='word_1_218' title='bbox 1019 2172 1057 2207; x_wconf 83' lang='lat' dir='ltr'>id</span> <span class='ocrx_word' id='word_1_219' title='bbox 1079 2171 1114 2207; x_wconf 89' lang='lat' dir='ltr'><em>B</em></span> <span class='ocrx_word' id='word_1_220' title='bbox 1138 2174 1222 2206; x_wconf 81' lang='lat' dir='ltr'>ante</span> <span class='ocrx_word' id='word_1_221' title='bbox 1245 2181 1364 2213; x_wconf 61' lang='lat' dir='ltr'>corr„</span> <span class='ocrx_word' id='word_1_222' title='bbox 1391 2180 1466 2205; x_wconf 90' lang='lat' dir='ltr'>non</span> <span class='ocrx_word' id='word_1_223' title='bbox 1488 2168 1526 2203; x_wconf 91' lang='lat' dir='ltr'>id</span> <span class='ocrx_word' id='word_1_224' title='bbox 1550 2168 1604 2203; x_wconf 79' lang='lat' dir='ltr'>ita</span> <span class='ocrx_word' id='word_1_225' title='bbox 1627 2166 1891 2207; x_wconf 80' lang='lat' dir='ltr'>Londinense’s;</span> 
     </span>
     <span class='ocr_line' id='line_1_33' title="bbox 223 2221 1891 2278; baseline -0.006 -10"><span class='ocrx_word' id='word_1_226' title='bbox 223 2237 477 2278; x_wconf 66' lang='lat' dir='ltr'>est-spectamus</span> <span class='ocrx_word' id='word_1_227' title='bbox 501 2230 532 2266; x_wconf 82' lang='lat' dir='ltr'>si</span> <span class='ocrx_word' id='word_1_228' title='bbox 554 2230 593 2264; x_wconf 91' lang='lat' dir='ltr'>id</span> <span class='ocrx_word' id='word_1_229' title='bbox 609 2233 650 2265; x_wconf 83' lang='lat' dir='ltr'>ut</span> <span class='ocrx_word' id='word_1_230' title='bbox 672 2230 762 2265; x_wconf 84' lang='lat' dir='ltr'>dicis</span> <span class='ocrx_word' id='word_1_231' title='bbox 787 2229 959 2265; x_wconf 81' lang='lat' dir='ltr'>factumst</span> <span class='ocrx_word' id='word_1_232' title='bbox 1052 2231 1128 2264; x_wconf 88' lang='grc'>573.</span> <span class='ocrx_word' id='word_1_233' title='bbox 1154 2230 1220 2262; x_wconf 80' lang='grc'>574</span> <span class='ocrx_word' id='word_1_234' title='bbox 1236 2226 1433 2263; x_wconf 77' lang='lat' dir='ltr'>cohaerent</span> <span class='ocrx_word' id='word_1_235' title='bbox 1524 2227 1589 2260; x_wconf 88' lang='grc'>573</span> <span class='ocrx_word' id='word_1_236' title='bbox 1606 2224 1665 2261; x_wconf 88' lang='lat' dir='ltr'>die</span> <span class='ocrx_word' id='word_1_237' title='bbox 1682 2223 1743 2266; x_wconf 79' lang='lat' dir='ltr'>D2,</span> <span class='ocrx_word' id='word_1_238' title='bbox 1767 2223 1826 2258; x_wconf 88' lang='lat' dir='ltr'>dic</span> <span class='ocrx_word' id='word_1_239' title='bbox 1844 2221 1891 2265; x_wconf 82' lang='lat' dir='ltr'>E,</span> 
     </span>
     <span class='ocr_line' id='line_1_34' title="bbox 224 2279 1892 2330; baseline -0.006 -7"><span class='ocrx_word' id='word_1_240' title='bbox 224 2289 341 2324; x_wconf 82' lang='lat' dir='ltr'>dicam</span> <span class='ocrx_word' id='word_1_241' title='bbox 366 2288 414 2323; x_wconf 87' lang='lat' dir='ltr'>D²</span> <span class='ocrx_word' id='word_1_242' title='bbox 549 2289 615 2321; x_wconf 78' lang='lat'>574</span> <span class='ocrx_word' id='word_1_243' title='bbox 631 2286 691 2321; x_wconf 88' lang='lat' dir='ltr'>hio</span> <span class='ocrx_word' id='word_1_244' title='bbox 715 2288 821 2322; x_wconf 87' lang='lat' dir='ltr'>homo</span> <span class='ocrx_word' id='word_1_245' title='bbox 845 2285 1038 2327; x_wconf 58' lang='lat' dir='ltr'>Luchsffls,</span> <span class='ocrx_word' id='word_1_246' title='bbox 1061 2285 1113 2330; x_wconf 84' lang='lat' dir='ltr'>cf.</span> <span class='ocrx_word' id='word_1_247' title='bbox 1139 2295 1263 2319; x_wconf 84' lang='lat' dir='ltr'>comm.</span> <span class='ocrx_word' id='word_1_248' title='bbox 1282 2293 1390 2330; x_wconf 81' lang='lat' dir='ltr'>pros.</span> <span class='ocrx_word' id='word_1_249' title='bbox 1417 2285 1449 2324; x_wconf 85' lang='lat'>1,</span> <span class='ocrx_word' id='word_1_250' title='bbox 1472 2283 1493 2316; x_wconf 88' lang='lat'><em>6</em></span> <span class='ocrx_word' id='word_1_251' title='bbox 1622 2279 1787 2315; x_wconf 81' lang='lat' dir='ltr'>clausula</span> <span class='ocrx_word' id='word_1_252' title='bbox 1803 2290 1892 2315; x_wconf 86' lang='lat' dir='ltr'><em>ana-</em></span> 
     </span>
     <span class='ocr_line' id='line_1_35' title="bbox 216 2335 1891 2392; baseline -0.005 -13"><span class='ocrx_word' id='word_1_253' title='bbox 216 2346 383 2392; x_wconf 74' lang='lat' dir='ltr'>paestico</span> <span class='ocrx_word' id='word_1_254' title='bbox 476 2346 654 2378; x_wconf 80' lang='grc'>575-579</span> <span class='ocrx_word' id='word_1_255' title='bbox 673 2342 765 2389; x_wconf 74' lang='lat' dir='ltr'>disp.</span> <span class='ocrx_word' id='word_1_256' title='bbox 792 2342 846 2377; x_wconf 86' lang='lat' dir='ltr'>B:</span> <span class='ocrx_word' id='word_1_257' title='bbox 870 2342 1009 2377; x_wconf 82' lang='lat' dir='ltr'>utinam</span> <span class='ocrx_word' id='word_1_258' title='bbox 1025 2341 1168 2376; x_wconf 85' lang='lat' dir='ltr'>—istic</span> <span class='ocrx_word' id='word_1_259' title='bbox 1190 2342 1194 2384; x_wconf 90' lang='grc' dir='ltr'>Ι</span> <span class='ocrx_word' id='word_1_260' title='bbox 1214 2340 1278 2376; x_wconf 84' lang='lat' dir='ltr'>ubi</span> <span class='ocrx_word' id='word_1_261' title='bbox 1295 2360 1336 2365; x_wconf 91' lang='lat'><strong>—</strong></span> <span class='ocrx_word' id='word_1_262' title='bbox 1354 2338 1508 2375; x_wconf 87' lang='lat' dir='ltr'>hominis</span> <span class='ocrx_word' id='word_1_263' title='bbox 1529 2338 1535 2381; x_wconf 90' lang='grc' dir='ltr'>Ι</span> <span class='ocrx_word' id='word_1_264' title='bbox 1555 2336 1720 2381; x_wconf 83' lang='lat' dir='ltr'>equidem</span> <span class='ocrx_word' id='word_1_265' title='bbox 1736 2355 1780 2360; x_wconf 85' lang='lat'>——</span> <span class='ocrx_word' id='word_1_266' title='bbox 1795 2335 1891 2371; x_wconf 88' lang='lat' dir='ltr'>idem</span> 
     </span>
     <span class='ocr_line' id='line_1_36' title="bbox 225 2391 1890 2446; baseline -0.006 -10"><span class='ocrx_word' id='word_1_267' title='bbox 225 2404 230 2446; x_wconf 91' lang='grc' dir='ltr'>Ι</span> <span class='ocrx_word' id='word_1_268' title='bbox 258 2401 353 2436; x_wconf 75' lang='lat' dir='ltr'>satin</span> <span class='ocrx_word' id='word_1_269' title='bbox 377 2421 420 2425; x_wconf 89' lang='lat'><strong>—</strong></span> <span class='ocrx_word' id='word_1_270' title='bbox 443 2401 513 2435; x_wconf 86' lang='lat' dir='ltr'>vah</span> <span class='ocrx_word' id='word_1_271' title='bbox 611 2405 766 2445; x_wconf 69' lang='lat' dir='ltr'>systema</span> <span class='ocrx_word' id='word_1_272' title='bbox 796 2403 850 2435; x_wconf 80' lang='lat' dir='ltr'>est</span> <span class='ocrx_word' id='word_1_273' title='bbox 878 2397 1004 2434; x_wconf 82' lang='lat' dir='ltr'><em>XVII</em></span> <span class='ocrx_word' id='word_1_274' title='bbox 1022 2402 1216 2433; x_wconf 67' lang='lat' dir='ltr'>metrorum</span> <span class='ocrx_word' id='word_1_275' title='bbox 1240 2407 1320 2432; x_wconf 81' lang='lat' dir='ltr'>cum</span> <span class='ocrx_word' id='word_1_276' title='bbox 1344 2394 1527 2435; x_wconf 75' lang='lat' dir='ltr'>catalexi;</span> <span class='ocrx_word' id='word_1_277' title='bbox 1549 2393 1714 2439; x_wconf 82' lang='lat' dir='ltr'>sequitur</span> <span class='ocrx_word' id='word_1_278' title='bbox 1737 2391 1890 2427; x_wconf 81' lang='lat' dir='ltr'>alterum</span> 
     </span>
     <span class='ocr_line' id='line_1_37' title="bbox 225 2448 1890 2499; baseline -0.006 -7"><span class='ocrx_word' id='word_1_279' title='bbox 225 2458 270 2498; x_wconf 80' lang='lat' dir='ltr'>X,</span> <span class='ocrx_word' id='word_1_280' title='bbox 297 2458 440 2492; x_wconf 79' lang='lat' dir='ltr'>tertium</span> <span class='ocrx_word' id='word_1_281' title='bbox 473 2454 575 2491; x_wconf 89' lang='lat' dir='ltr'><em>VIII</em></span> <span class='ocrx_word' id='word_1_282' title='bbox 593 2461 788 2491; x_wconf 79' lang='lat' dir='ltr'>metrorum</span> <span class='ocrx_word' id='word_1_283' title='bbox 882 2458 946 2490; x_wconf 87' lang='grc'>576</span> <span class='ocrx_word' id='word_1_284' title='bbox 971 2455 1023 2499; x_wconf 81' lang='lat' dir='ltr'>cf.</span> <span class='ocrx_word' id='word_1_285' title='bbox 1050 2456 1115 2489; x_wconf 86' lang='lat'>769</span> <span class='ocrx_word' id='word_1_286' title='bbox 1139 2453 1240 2489; x_wconf 82' lang='lat' dir='ltr'>Asin.</span> <span class='ocrx_word' id='word_1_287' title='bbox 1265 2453 1331 2487; x_wconf 78' lang='lat'>407</span> <span class='ocrx_word' id='word_1_288' title='bbox 1423 2450 1562 2486; x_wconf 82' lang='lat' dir='ltr'>Donati</span> <span class='ocrx_word' id='word_1_289' title='bbox 1582 2448 1632 2485; x_wconf 87' lang='lat' dir='ltr'>ad</span> <span class='ocrx_word' id='word_1_290' title='bbox 1655 2448 1751 2484; x_wconf 80' lang='lat' dir='ltr'>Eun.</span> <span class='ocrx_word' id='word_1_291' title='bbox 1768 2449 1802 2491; x_wconf 83' lang='lat'>2,</span> <span class='ocrx_word' id='word_1_292' title='bbox 1819 2449 1852 2490; x_wconf 82' lang='lat'>2,</span> <span class='ocrx_word' id='word_1_293' title='bbox 1867 2450 1890 2483; x_wconf 92' lang='grc'><strong><em>6</em></strong></span> 
     </span>
    </p>
   </div>
   <div class='ocr_carea' id='block_1_10' title="bbox 224 2504 1894 2727">
    <p class='ocr_par' dir='ltr' id='par_1_20' title="bbox 224 2504 1894 2727">
     <span class='ocr_line' id='line_1_38' title="bbox 224 2504 1891 2558; baseline -0.006 -9"><span class='ocrx_word' id='word_1_294' title='bbox 224 2514 414 2549; x_wconf 73' lang='lat' dir='ltr'>adnotatio</span> <span class='ocrx_word' id='word_1_295' title='bbox 438 2512 508 2548; x_wconf 80' lang='lat' dir='ltr'>huc</span> <span class='ocrx_word' id='word_1_296' title='bbox 535 2523 607 2547; x_wconf 77' lang='lat' dir='ltr'>non</span> <span class='ocrx_word' id='word_1_297' title='bbox 627 2512 806 2558; x_wconf 77' lang='lat' dir='ltr'>pertinet,</span> <span class='ocrx_word' id='word_1_298' title='bbox 836 2512 887 2558; x_wconf 82' lang='lat' dir='ltr'>cf.</span> <span class='ocrx_word' id='word_1_299' title='bbox 914 2510 1009 2546; x_wconf 79' lang='lat' dir='ltr'>Eun.</span> <span class='ocrx_word' id='word_1_300' title='bbox 1028 2513 1096 2546; x_wconf 75' lang='lat'>546</span> <span class='ocrx_word' id='word_1_301' title='bbox 1211 2512 1275 2544; x_wconf 86' lang='grc'>577</span> <span class='ocrx_word' id='word_1_302' title='bbox 1306 2508 1453 2553; x_wconf 83' lang='lat' dir='ltr'>inquam</span> <span class='ocrx_word' id='word_1_303' title='bbox 1475 2505 1584 2553; x_wconf 86' lang='lat' dir='ltr'>(ere)</span> <span class='ocrx_word' id='word_1_304' title='bbox 1609 2505 1778 2541; x_wconf 79' lang='lat' dir='ltr'>Goetzius</span> <span class='ocrx_word' id='word_1_305' title='bbox 1802 2504 1891 2540; x_wconf 81' lang='lat' dir='ltr'>Loe-</span> 
     </span>
     <span class='ocr_line' id='line_1_39' title="bbox 226 2560 1892 2614; baseline -0.006 -9"><span class='ocrx_word' id='word_1_306' title='bbox 226 2572 314 2605; x_wconf 79' lang='lat' dir='ltr'>wius</span> <span class='ocrx_word' id='word_1_307' title='bbox 405 2573 441 2606; x_wconf 85' lang='lat' dir='ltr'>et</span> <span class='ocrx_word' id='word_1_308' title='bbox 465 2569 552 2614; x_wconf 90' lang='lat' dir='ltr'>quid</span> <span class='ocrx_word' id='word_1_309' title='bbox 645 2571 720 2604; x_wconf 81' lang='lat'>580.</span> <span class='ocrx_word' id='word_1_310' title='bbox 748 2572 809 2604; x_wconf 78' lang='lat'>581</span> <span class='ocrx_word' id='word_1_311' title='bbox 831 2568 1017 2603; x_wconf 78' lang='lat' dir='ltr'>coniuncti</span> <span class='ocrx_word' id='word_1_312' title='bbox 1108 2570 1169 2603; x_wconf 85' lang='lat'>581</span> <span class='ocrx_word' id='word_1_313' title='bbox 1197 2577 1265 2611; x_wconf 90' lang='lat' dir='ltr'>qur</span> <span class='ocrx_word' id='word_1_314' title='bbox 1283 2564 1365 2607; x_wconf 89' lang='lat' dir='ltr'>BD,</span> <span class='ocrx_word' id='word_1_315' title='bbox 1390 2565 1470 2610; x_wconf 88' lang='lat' dir='ltr'>quir</span> <span class='ocrx_word' id='word_1_316' title='bbox 1493 2563 1530 2598; x_wconf 98' lang='grc' dir='ltr'><em>Ε</em></span> <span class='ocrx_word' id='word_1_317' title='bbox 1619 2565 1696 2598; x_wconf 83' lang='lat'>582.</span> <span class='ocrx_word' id='word_1_318' title='bbox 1715 2564 1780 2596; x_wconf 88' lang='lat'>583</span> <span class='ocrx_word' id='word_1_319' title='bbox 1797 2560 1892 2608; x_wconf 78' lang='lat' dir='ltr'>disp.</span> 
     </span>
     <span class='ocr_line' id='line_1_40' title="bbox 226 2619 1893 2671; baseline -0.005 -9"><span class='ocrx_word' id='word_1_320' title='bbox 226 2626 280 2662; x_wconf 90' lang='lat' dir='ltr'>B:</span> <span class='ocrx_word' id='word_1_321' title='bbox 303 2627 393 2662; x_wconf 87' lang='lat' dir='ltr'>dicis</span> <span class='ocrx_word' id='word_1_322' title='bbox 412 2646 454 2651; x_wconf 85' lang='lat'><strong>—</strong></span> <span class='ocrx_word' id='word_1_323' title='bbox 471 2626 664 2671; x_wconf 82' lang='lat' dir='ltr'>amphitrio</span> <span class='ocrx_word' id='word_1_324' title='bbox 687 2628 691 2669; x_wconf 92' lang='grc' dir='ltr'>Ι</span> <span class='ocrx_word' id='word_1_325' title='bbox 713 2628 751 2661; x_wconf 81' lang='lat' dir='ltr'>at</span> <span class='ocrx_word' id='word_1_326' title='bbox 767 2645 810 2651; x_wconf 90' lang='lat'>-—</span> <span class='ocrx_word' id='word_1_327' title='bbox 827 2636 866 2660; x_wconf 87' lang='lat' dir='ltr'>es</span> <span class='ocrx_word' id='word_1_328' title='bbox 1004 2627 1070 2659; x_wconf 83' lang='lat'>583</span> <span class='ocrx_word' id='word_1_329' title='bbox 1087 2635 1110 2660; x_wconf 84' lang='lat' dir='ltr'>a</span> <span class='ocrx_word' id='word_1_330' title='bbox 1130 2626 1167 2660; x_wconf 82' lang='lat' dir='ltr'>te</span> <span class='ocrx_word' id='word_1_331' title='bbox 1192 2625 1240 2666; x_wconf 86' lang='lat' dir='ltr'>(te</span> <span class='ocrx_word' id='word_1_332' title='bbox 1264 2623 1288 2658; x_wconf 78' lang='lat' dir='ltr'>i.</span> <span class='ocrx_word' id='word_1_333' title='bbox 1313 2633 1384 2656; x_wconf 86' lang='lat' dir='ltr'>ras.</span> <span class='ocrx_word' id='word_1_334' title='bbox 1403 2621 1451 2663; x_wconf 88' lang='lat' dir='ltr'>B)</span> <span class='ocrx_word' id='word_1_335' title='bbox 1470 2619 1543 2656; x_wconf 86' lang='lat' dir='ltr'>BE</span> <span class='ocrx_word' id='word_1_336' title='bbox 1675 2619 1830 2664; x_wconf 86' lang='lat' dir='ltr'>proinde</span> <span class='ocrx_word' id='word_1_337' title='bbox 1852 2621 1893 2654; x_wconf 82' lang='lat' dir='ltr'>ut</span> 
     </span>
     <span class='ocr_line' id='line_1_41' title="bbox 227 2674 1894 2727; baseline -0.004 -10"><span class='ocrx_word' id='word_1_338' title='bbox 227 2682 488 2723; x_wconf 56' lang='lat' dir='ltr'>Hechisenus,</span> <span class='ocrx_word' id='word_1_339' title='bbox 513 2682 564 2727; x_wconf 84' lang='lat' dir='ltr'>cf.</span> <span class='ocrx_word' id='word_1_340' title='bbox 593 2681 690 2717; x_wconf 80' lang='lat' dir='ltr'>Trz&#39;n.</span> <span class='ocrx_word' id='word_1_341' title='bbox 715 2684 782 2716; x_wconf 81' lang='lat'>659</span> <span class='ocrx_word' id='word_1_342' title='bbox 936 2681 1041 2717; x_wconf 51' lang='lat'>584⁸&gt;</span> <span class='ocrx_word' id='word_1_343' title='bbox 1068 2679 1261 2722; x_wconf 82' lang='lat' dir='ltr'>coniuncti,</span> <span class='ocrx_word' id='word_1_344' title='bbox 1286 2680 1369 2714; x_wconf 83' lang='lat' dir='ltr'>item</span> <span class='ocrx_word' id='word_1_345' title='bbox 1392 2676 1506 2712; x_wconf 69' lang='lat'>585‘2&#39;³</span> <span class='ocrx_word' id='word_1_346' title='bbox 1645 2678 1710 2711; x_wconf 85' lang='lat'>585</span> <span class='ocrx_word' id='word_1_347' title='bbox 1735 2675 1803 2711; x_wconf 87' lang='lat' dir='ltr'>siss</span> <span class='ocrx_word' id='word_1_348' title='bbox 1829 2674 1894 2719; x_wconf 80' lang='lat'>13¹,</span> 
     </span>
    </p>
   </div>
   <div class='ocr_carea' id='block_1_11' title="bbox 226 2731 1895 2896">
    <p class='ocr_par' dir='ltr' id='par_1_21' title="bbox 226 2731 1895 2896">
     <span class='ocr_line' id='line_1_42' title="bbox 228 2731 1895 2783; baseline -0.004 -10"><span class='ocrx_word' id='word_1_349' title='bbox 228 2739 279 2774; x_wconf 86' lang='lat' dir='ltr'>sir</span> <span class='ocrx_word' id='word_1_350' title='bbox 296 2738 332 2772; x_wconf 88' lang='lat' dir='ltr'><em>E</em></span> <span class='ocrx_word' id='word_1_351' title='bbox 421 2741 485 2773; x_wconf 77' lang='lat'>589</span> <span class='ocrx_word' id='word_1_352' title='bbox 510 2748 579 2783; x_wconf 92' lang='lat' dir='ltr'>quo</span> <span class='ocrx_word' id='word_1_353' title='bbox 600 2738 656 2773; x_wconf 89' lang='lat' dir='ltr'>uis</span> <span class='ocrx_word' id='word_1_354' title='bbox 675 2738 748 2773; x_wconf 89' lang='lat' dir='ltr'>BE</span> <span class='ocrx_word' id='word_1_355' title='bbox 836 2741 949 2782; x_wconf 87' lang='lat' dir='ltr'>tergo,</span> <span class='ocrx_word' id='word_1_356' title='bbox 975 2748 1068 2773; x_wconf 80' lang='lat' dir='ltr'>corr.</span> <span class='ocrx_word' id='word_1_357' title='bbox 1094 2736 1284 2772; x_wconf 81' lang='lat' dir='ltr'>Acidalius</span> <span class='ocrx_word' id='word_1_358' title='bbox 1375 2735 1569 2779; x_wconf 78' lang='lat' dir='ltr'>expectant</span> <span class='ocrx_word' id='word_1_359' title='bbox 1594 2731 1630 2767; x_wconf 92' lang='grc' dir='ltr'><em>Ε</em></span> <span class='ocrx_word' id='word_1_360' title='bbox 1720 2734 1782 2767; x_wconf 83' lang='lat'>591</span> <span class='ocrx_word' id='word_1_361' title='bbox 1809 2741 1895 2767; x_wconf 81' lang='lat' dir='ltr'>vera</span> 
     </span>
     <span class='ocr_line' id='line_1_43' title="bbox 226 2789 1893 2840; baseline -0.004 -12"><span class='ocrx_word' id='word_1_362' title='bbox 226 2794 405 2840; x_wconf 68' lang='lat' dir='ltr'>Pylades.-</span> <span class='ocrx_word' id='word_1_363' title='bbox 431 2795 541 2829; x_wconf 84' lang='lat' dir='ltr'>verba</span> <span class='ocrx_word' id='word_1_364' title='bbox 657 2797 720 2829; x_wconf 85' lang='lat'>592</span> <span class='ocrx_word' id='word_1_365' title='bbox 753 2797 874 2840; x_wconf 83' lang='lat' dir='ltr'>potest</span> <span class='ocrx_word' id='word_1_366' title='bbox 897 2794 1041 2830; x_wconf 80' lang='lat' dir='ltr'>Nonius</span> <span class='ocrx_word' id='word_1_367' title='bbox 1063 2795 1149 2828; x_wconf 81' lang='lat'><em>369.-</em></span> <span class='ocrx_word' id='word_1_368' title='bbox 1181 2795 1284 2838; x_wconf 86' lang='lat' dir='ltr'>potes</span> <span class='ocrx_word' id='word_1_369' title='bbox 1317 2793 1434 2836; x_wconf 82' lang='lat' dir='ltr'>(putes</span> <span class='ocrx_word' id='word_1_370' title='bbox 1460 2789 1524 2834; x_wconf 56' lang='grc' dir='ltr'>ΒΞ)</span> <span class='ocrx_word' id='word_1_371' title='bbox 1645 2798 1763 2824; x_wconf 83' lang='lat' dir='ltr'>meum</span> <span class='ocrx_word' id='word_1_372' title='bbox 1786 2798 1893 2833; x_wconf 86' lang='lat' dir='ltr'>argu-</span> 
     </span>
     <span class='ocr_line' id='line_1_44' title="bbox 226 2850 881 2896; baseline 0 -11"><span class='ocrx_word' id='word_1_373' title='bbox 226 2850 354 2886; x_wconf 80' lang='lat' dir='ltr'>mentis</span> <span class='ocrx_word' id='word_1_374' title='bbox 381 2852 481 2893; x_wconf 87' lang='lat' dir='ltr'>(-tus)</span> <span class='ocrx_word' id='word_1_375' title='bbox 505 2853 610 2896; x_wconf 84' lang='lat' dir='ltr'>putet</span> <span class='ocrx_word' id='word_1_376' title='bbox 634 2853 714 2893; x_wconf 84' lang='lat' dir='ltr'>(-at)</span> <span class='ocrx_word' id='word_1_377' title='bbox 740 2851 881 2887; x_wconf 66' lang='lat' dir='ltr'>Nonius</span> 
     </span>
    </p>
   </div>
  </div>
 </body>
</html>
