2018 3183
230 81 311 118 460
969 95 1150 132 PLAVTI
1690 113 1734 140 111
1752 114 1894 148 4.1o-34

230 197 335 246 quod
367 198 484 238 nimis
515 201 647 241 tardus
678 211 735 243 est
765 204 971 247 advorsum
1002 211 1078 249 mei
1110 213 1229 253 animi
1259 218 1506 259 sententiam.

225 264 291 302 sed
323 265 363 304 in
397 272 467 311 est,
499 280 615 318 quem
648 278 873 312 currentem
905 275 1047 316 video?
1078 281 1186 331 ipsus
1217 289 1287 322 est.
1347 283 1412 324 ibo
1444 286 1609 329 obviam.

224 343 344 378 nunc,
376 332 481 383 quod
510 341 643 384 restat,
674 338 709 377 ei
740 339 917 391 disperii:
948 344 1076 385 voltus
1107 348 1334 400 neutiquam
1365 351 1482 394 huius
1511 356 1657 407 placet;

220 398 340 437 tristis
370 399 515 440 incedit
545 403 698 454 (pectus
728 406 848 454 ardet,
880 409 1051 462 haereo),
1083 423 1241 465 quassat
1269 426 1397 470 caput.
1897 445 1957 479 600

219 463 408 517 Eutyche.

691 552 1003 597 EVTYCHVS

389 612 460 661 Eu,
494 614 674 657 Charine.
735 620 872 663 CHAR.
922 624 1035 665 Prius
1066 639 1181 678 quam
1213 631 1377 683 recipias
1408 630 1634 686 anhHitum,

215 691 296 717 uno
328 680 447 721 verbo
479 682 685 735 eloquere:
717 688 784 727 ubi
816 693 888 741 ego
921 692 1036 732 sum?
1066 694 1197 736 hicine
1229 710 1277 737 an
1309 701 1411 752 apud
1442 705 1650 747 mortuos?

212 746 318 787 EVT.
358 747 493 800 Neque
516 753 619 804 apud
640 762 818 797 mortuos
840 771 969 810 neque
992 761 1053 801 hic
1083 775 1136 803 es.
1168 764 1306 808 CHAR.
1338 768 1471 811 Salvos
1492 785 1592 822 sum,
1614 775 1882 822 immortalitas

213 815 306 854 mihi
339 816 423 856 data
456 825 532 858 est:
565 820 629 860 hic
661 823 753 862 emit
784 824 901 874 illam,
933 828 1097 879 pulchre
1128 844 1172 871 os
1203 833 1369 875 sublevit
1399 840 1512 889 patri.

210 881 494 934 impetrabilior
526 889 592 938 qui
622 890 721 929 vivat
752 892 884 933 nullus
915 902 984 935 est.
1045 897 1143 946 dice,
1176 900 1363 941 obsecro:
1890 929 1947 962 605

213 949 242 986 si
278 963 407 1002 neque
437 953 500 992 hic
534 968 663 1007 neque
684 959 900 1000 Acherunti
932 975 1030 1009 sum,
1062 965 1130 1004 ubi
1162 968 1280 1007 sum?
1330 971 1435 1013 Evr.
1469 974 1667 1028 Nusquam
1684 983 1875 1032 gentium.

209 1016 347 1058 CHAP..
397 1019 577 1073 Disperii,
609 1024 719 1065 illaec
750 1027 952 1070 interemit
982 1044 1044 1071 me
1074 1034 1191 1074 modo
1224 1039 1361 1078 oratio.

207 1083 312 1125 Evtr.
365 1086 546 1129 Odiosast
577 1093 716 1142 oratio,
748 1107 836 1135 cum
869 1100 951 1137 rem
984 1112 1074 1151 agas
1105 1102 1364 1156 longinquom
1395 1108 1516 1160 loqui.

205 1152 343 1195 CHAR.
384 1155 581 1209 Quidquid
614 1168 684 1208 est,
716 1163 762 1202 ad
787 1165 911 1216 capita
932 1179 1064 1207 rerum
1096 1173 1272 1221 perveni.
1331 1175 1436 1217 EVT.
1477 1178 1654 1221 Primum
1676 1186 1871 1226 omnium:

202 1221 403 1270 periimus.
463 1225 602 1269 CHAR.
652 1229 756 1275 Quin
789 1238 831 1271 tu
862 1234 956 1274 illud
988 1237 1118 1287 potius
1149 1241 1306 1282 nuntias
1337 1244 1441 1295 quod
1474 1248 1639 1288 nescio?
1882 1269 1941 1302 610

200 1287 304 1330 Evr.
354 1291 494 1332 Mulier
523 1295 687 1336 alienata
720 1307 778 1339 est
807 1300 875 1341 abs
908 1310 955 1341 te.
1015 1304 1152 1347 Cam.
1202 1308 1390 1361 Eutyche,
1422 1315 1559 1365 capital
1590 1318 1696 1358 facis.

199 1354 304 1397 EVT.
355 1357 458 1403 Qui?
517 1362 654 1406 CHAR.
705 1366 802 1413 Quia
834 1372 1034 1421 aequalem
1066 1380 1104 1413 et
1134 1375 1326 1426 sodalem,
1357 1380 1524 1422 liberum
1556 1385 1692 1436 civem,
1725 1390 1868 1430 enicas.

198 1423 302 1465 Evr.
353 1426 409 1466 Ne
440 1429 476 1468 di
508 1431 659 1473 sierint.
719 1435 856 1478 CHAR.
897 1439 1090 1481 Demisisti
1113 1443 1282 1494 gladium
1315 1447 1353 1486 in
1386 1448 1583 1501 iugulum:
1614 1454 1689 1494 iam
1721 1458 1867 1498 cadam.

198 1491 305 1534 EVT.
323 1494 477 1540 Quaeso
489 1498 634 1549 hercle,
645 1502 820 1544 animum
833 1519 883 1545 ne
894 1506 1106 1559 desponde.
1136 1511 1272 1553 CHAR.
1290 1514 1444 1556 Nullust
1459 1530 1575 1569 quem
1588 1522 1865 1576 despondeam.

196 1559 359 1612 loquere
390 1576 509 1615 porro
540 1568 653 1608 aliam
684 1571 821 1612 malam
854 1587 951 1614 rem.
1013 1577 1074 1616 cui
1107 1585 1164 1618 est
1195 1581 1353 1633 empta?
1410 1585 1516 1627 Ev‘r.
1567 1589 1720 1631 Nescio.
1876 1609 1933 1642 615

196 1627 271 1667 iam
293 1630 445 1671 addicta
466 1639 581 1685 atque
603 1636 769 1678 abducta
792 1648 885 1688 erat,
919 1655 1036 1694 quom
1055 1645 1098 1684 ad
1121 1653 1279 1697 portum
1303 1652 1429 1691 venio.
1468 1654 1617 1697 ‘CHAR
1658 1657 1735 1699 Vae
1756 1661 1862 1708 mihi,

194 1697 340 1737 montis
370 1704 413 1738 tu
444 1701 601 1752 quidem
633 1706 722 1745 mali
753 1707 793 1747 in
825 1721 887 1748 me
918 1712 1090 1752 ardentis
1122 1713 1196 1753 iam
1228 1716 1375 1758 dudum
1406 1721 1511 1762 iacis.

192 1776 325 1815 perge,
357 1769 550 1817 excrucia,
583 1774 784 1822 carnusex,
816 1778 1135 1831 quandoquidem
1167 1785 1354 1836 occepisti
1387 1789 1520 1829 semel.

195 1831 313 1882 [Ex-T.
363 1834 450 1874 Non
483 1837 553 1876 tibi
585 1839 685 1879 istuc
717 1843 839 1893 magis
870 1844 1080 1896 dividiaest,
1113 1862 1228 1901 quam
1260 1853 1354 1892 mihi
1385 1855 1499 1896 hodie
1529 1858 1614 1898 suit.

302 1948 365 1980 597
391 1947 460 1982 mei
486 1960 553 1984 om.
577 1949 614 1985 B
730 1956 794 1989 598
819 1955 858 1990 in
883 1956 934 1990 P.-
963 1958 1043 1993 isne
1067 1961 1118 2002 A,
1149 1962 1202 2006 cf.
1225 1962 1368 2000 Pareus
1473 1973 1564 2014 post
1592 1970 1688 2006 lzune
1718 1983 1858 2009 versum

188 2012 310 2036 versus
336 2003 422 2038 842.
450 2006 525 2039 843
550 2009 713 2044 inserunt
728 2009 796 2045 ΑΡ
887 2016 952 2048 599
977 2025 1074 2051 nunc
1099 2019 1195 2062 quod
1211 2019 1295 2056 BC:
1318 2031 1414 2058 nunc
1439 2025 1524 2068 quid
1542 2025 1587 2068 D,
1611 2037 1708 2064 nunc
1730 2040 1795 2074 q—
1813 2035 1859 2076 A,

184 2058 359 2103 numquid
381 2059 527 2096 Merula
619 2064 679 2099 hei
704 2064 930 2103 Saracenas:
954 2073 990 2106 et
1014 2072 1048 2107 ei
1072 2072 1128 2115 P,-
1152 2076 1230 2120 spei
1263 2076 1454 2124 Vssa‘nqius
1545 2082 1582 2116 in
1605 2083 1638 2117 A
1659 2084 1726 2120 sub
1747 2086 1857 2130 finem

185 2125 278 2158 qu—
370 2116 408 2150 in
426 2116 458 2151 A
473 2128 598 2154 versus
613 2122 778 2165 sequitur
793 2124 845 2158 sic
862 2125 1055 2171 incipiens:
1079 2139 1118 2174 se
1132 2150 1139 2156 ·
1152 2142 1174 2176 q
1191 2131 1332 2172 (deinde
1348 2145 1378 2170 v.
1399 2137 1478 2171 600
1493 2139 1585 2181 tr—)
1678 2143 1743 2176 600
1761 2143 1858 2180 cedit

187 2169 364 2213 Botlzius;
387 2172 437 2217 cf.
464 2173 513 2208 ad
527 2175 628 2209 Asin.
645 2177 725 2211 405
814 2183 944 2225 pectus
968 2184 1073 2219 ardet
1097 2187 1147 2231 cf.
1167 2188 1243 2223 590
1258 2200 1314 2234 sq.
1407 2199 1492 2228 ante
1516 2195 1575 2229 601
1606 2205 1699 2231 nova
1722 2209 1856 2236 scaena

184 2231 221 2260 αι
246 2226 316 2262 viti.
341 2229 372 2263 A
466 2231 645 2267 601—619
675 2244 798 2279 pauca
827 2242 973 2273 servata
996 2242 1028 2274 A
1122 2245 1184 2278 601
1212 2245 1358 2281 eutiche
1383 2247 1419 2282 P
1508 2252 1574 2285 604
1598 2252 1771 2297 pulchros
1795 2265 1854 2291 su·

182 2283 297 2319 bleuit
313 2283 349 2319 B
434 2287 498 2320 605
525 2287 583 2322 d2'c
604 2288 637 2322 B
653 2300 703 2324 ea:
719 2301 813 2326 corr.
823 2303 836 2325 .·
852 2292 934 2329 dico
1021 2299 1086 2332 606
1104 2299 1156 2341 sei
1172 2301 1204 2334 A
1289 2303 1479 2340 acheronti
1499 2305 1559 2341 OD
1640 2311 1704 2344 607
1729 2312 1854 2356 potius

180 2339 295 2375 istaec
380 2342 486 2377 modo
510 2342 630 2390 <una)
651 2344 682 2379 V
681 2346 861 2393 ssinqius;
875 2350 966 2394 fort.
985 2362 1057 2388 uno
1074 2355 1157 2398 <uer
1165 2355 1239 2398 >bo,
1257 2358 1310 2401 cf.
1332 2360 1410 2394 602
1494 2364 1558 2398 608
1579 2362 1738 2408 Charini,
1755 2378 1850 2403 corr.

189 2395 380 2443 Vssinqe'us
450 2399 576 2435 odiosa
589 2403 644 2437 est
660 2401 905 2440 Camerarius:
921 2407 1004 2443 odio
1023 2419 1111 2445 sane
1126 2410 1197 2453 CD,
1210 2413 1318 2450 hodie
1330 2418 1387 2451 sat
1399 2419 1433 2451 st
1443 2417 1488 2460 B,
1505 2419 1643 2455 oti-A
1711 2422 1850 2469 longin-

179 2462 285 2496 quam
299 2452 334 2487 B
426 2459 623 2501 arqutatur
641 2457 830 2505 Eutychus
852 2466 893 2496 ut
912 2464 998 2499 603.
1020 2466 1106 2500 628.
1134 2469 1208 2503 649
1223 2480 1291 2515 sq„
1316 2471 1367 2515 cf.
1389 2473 1464 2507 629
1534 2477 1599 2511 609
1625 2479 1781 2515 omnium
1798 2483 1849 2518 B.-

178 2508 350 2551 iomnium
366 2511 410 2552 A,
428 2521 496 2547 om.
518 2512 578 2548 CD
648 2516 714 2550 610
730 2516 890 2561 perimus
961 2523 1023 2556 611
1045 2523 1190 2559 eutiche
1209 2523 1280 2567 CD,
1298 2527 1443 2564 eutiche
1458 2531 1526 2566 hec
1545 2531 1580 2566 B
1650 2536 1715 2569 612
1732 2536 1849 2573 ciuem

177 2563 327 2600 liberum
344 2565 404 2601 CD
463 2579 593 2612 enecas
606 2572 638 2606 A
707 2575 772 2607 613
787 2574 1013 2619 desierintB,
1030 2579 1190 2615 deserint
1206 2580 1266 2616 CD
1335 2583 1522 2629 (imgulum
1535 2588 1586 2622 Α.·
1600 2590 1723 2634 gulam
1743 2591 1779 2628 P

177 2623 243 2655 614
267 2622 389 2658 nullus
421 2627 477 2660 est
500 2624 536 2659 P
637 2630 701 2663 615
734 2640 810 2664 rem
837 2632 967 2667 malam
1000 2637 1053 2673 με,
1080 2635 1126 2678 D)
1155 2636 1215 2672 CD
1307 2640 1365 2675 vel
1385 2632 1492 2685 q'uoei
1596 2648 1661 2680 618
1688 2650 1845 2693 [cai-nu]-

175 2676 260 2720 f[ex]
285 2678 371 2714 AD.-
396 2681 598 2718 carnufexa
624 2682 660 2726 C,
687 2686 874 2722 carnifexa
897 2688 931 2723 B
1024 2692 1204 2728 619-680
1228 2694 1353 2730 deest
1368 2699 1399 2731 A
1493 2702 1674 2738 619-624
1697 2705 1747 2750 cf.
1766 2705 1844 2742 Rit-

172 2733 341 2777 schelffls,
367 2733 536 2772 Goetzius
560 2744 629 2775 act.
655 2740 753 2787 Lips.
783 2744 816 2784 6,
840 2745 930 2780 258.
955 2747 1047 2790 268,
1070 2747 1288 2786 Ribbeckius
1308 2763 1346 2798 p.
1366 2755 1391 2788 5
1403 2765 1457 2800 sq.
1468 2768 1484 2796 ,·
1507 2767 1632 2793 versus
1654 2759 1783 2796 inserti
1805 2766 1847 2798 ut

174 2792 294 2826 careri
314 2798 443 2838 posset
466 2794 627 2830 versibus
653 2798 842 2834 615-618
865 2805 900 2835 et
926 2803 1126 2840 625-637
1214 2809 1279 2842 619
1303 2819 1376 2845 non
1410 2810 1528 2847 Varro
1552 2813 1596 2848 de
1621 2814 1644 2849 Z.
1671 2815 1695 2852 l.
1723 2818 1753 2859 7,
1773 2819 1845 2853 60:

174 2856 242 2882 nec
336 2849 475 2886 diuidia
500 2855 555 2888 est
579 2852 717 2889 Varro:
740 2855 901 2892 diuidiae
925 2861 981 2894 est
1073 2860 1209 2897 hiatum
1233 2864 1340 2900 etiam
1365 2865 1485 2903 Varro
1510 2868 1616 2906 habet
1639 2872 1702 2917 (cf.
1723 2873 1842 2920 Bery-
