1998 3179
78 77 93 104 1
105 77 131 110 1,
150 77 235 104 9—39
762 70 1048 107 AVLVLARIA
1680 68 1702 105 9
1709 69 1732 106 5

78 190 110 230 si
139 189 271 228 hercle
302 189 416 227 hodie
446 188 588 226 fustem
619 198 761 238 cepero
790 192 856 224 aut
885 185 1083 224 stimulum
1114 184 1154 223 in
1187 196 1357 232 manum,

78 257 342 296 testudineum
371 256 487 295 istum
517 254 586 293 tibi
617 266 688 304 ego
720 253 910 305 grandibo
941 252 1116 303 gradum.

78 324 235 365 STAPH.
284 323 439 362 Vtinam
468 334 531 361 me
561 321 635 360 divi
666 321 822 360 adaxint
850 321 896 359 ad
926 319 1182 371 suspendium

79 392 208 442 potius
237 391 395 442 quidem
425 402 541 441 quam
570 389 646 427 hoc
677 395 790 439 pacto
820 387 923 438 apud
951 394 991 425 te
1021 387 1195 426 serviam.

77 459 206 499 EVCL.
255 460 305 496 At
333 465 377 496 ut
405 456 567 496 scelesta
596 455 678 495 sola
707 467 840 494 secum
872 461 1100 493 murmurat.

77 525 212 565 oculos
241 524 372 564 hercle
403 527 474 574 ego
504 524 612 569 istos,
641 521 832 573 improba,
863 521 1051 559 ecfodiam
1082 521 1166 568 tibi,

78 605 127 631 ne
157 604 219 630 me
249 591 456 631 observare
485 590 612 642 possis
643 589 733 640 quid
764 600 897 627 rerum
927 601 1071 639 geram.

78 658 242 698 abscede
275 659 389 698 etiam
419 670 528 697 nunc
557 681 613 686 —
643 657 756 695 etiam
789 668 896 695 nunc
925 678 981 684 —
1012 656 1126 695 etiam
1156 677 1211 683 ——
1242 655 1329 703 ohe,

76 726 161 766 istic
191 732 326 766 astato.
376 726 407 765 si
437 724 568 764 hercle
598 731 642 763 tu
673 736 719 762 ex
749 723 846 762 istoc
876 723 963 761 loco

76 793 237 845 digitum
268 801 535 832 transvorsum
566 798 632 830 aut
661 803 833 842 unguem
864 791 984 829 latum
1015 788 1228 828 excesseris

76 868 142 900 aut
170 861 202 900 si
232 860 418 912 respexis,
449 859 633 899 donicum
665 871 736 909 ego
766 865 805 897 te
835 858 999 903 iussero,

76 929 266 968 continuo
298 927 429 966 hercle
459 940 532 978 ego
561 934 600 966 te
630 926 767 965 dedam
798 924 1026 976 discipulam
1057 923 1179 964 cruci.

75 996 340 1036 scelestiorem
370 1007 430 1033 me
460 995 533 1033 hac
562 1007 641 1033 anu
671 1000 777 1033 certo
808 993 889 1032 seio

74 1063 213 1102 vidisse
244 1075 471 1114 numquam,
504 1062 699 1113 nimisque
729 1074 800 1112 ego
832 1061 933 1099 hanc
963 1067 1094 1099 metuo
1125 1059 1238 1105 male,

75 1143 126 1169 ne
155 1130 208 1169 mi
239 1143 284 1168 ex
316 1130 465 1169 insidiis
494 1130 610 1168 verba
640 1128 878 1180 imprudenti
909 1128 993 1166 duit

76 1210 154 1237 neu
184 1198 443 1249 persentiscat
472 1210 611 1237 aurum
643 1196 709 1236 ubi
740 1203 798 1235 est
827 1195 1112 1241 absconditum,

76 1277 176 1316 quae
207 1264 246 1304 in
278 1265 459 1316 occipitio
491 1277 648 1316 quoque
679 1263 796 1303 habet
825 1263 960 1301 oculos
989 1262 1169 1313 pessima.

76 1345 184 1371 nunc
213 1332 277 1371 ibo
310 1339 351 1371 ut
381 1333 498 1372 visam
528 1333 630 1372 sitne
661 1332 712 1370 ita
741 1343 879 1370 aurum
913 1338 955 1369 ut
985 1329 1155 1376 condidi,

75 1399 178 1449 quod
209 1411 271 1438 me
303 1400 482 1439 sollicitat
511 1400 690 1451 plurimis
719 1399 905 1437 miserum
936 1397 1074 1436 modis.
1105 1419 1161 1424 —

74 1465 230 1507 STAPH.
280 1467 462 1506 Noenum
493 1474 688 1506 mecastor
719 1465 811 1517 quid
842 1477 914 1515 ego
946 1477 1011 1503 ero
1042 1463 1167 1502 dicam
1198 1475 1286 1502 meo

75 1534 195 1573 malae
226 1534 282 1573 rei
313 1535 488 1574 evenisse
519 1547 681 1585 quamve
712 1532 918 1579 insaniam,

76 1614 176 1652 queo
207 1602 472 1650 comminisci;
504 1604 552 1640 ita
584 1614 646 1641 me
676 1601 856 1640 miseram
887 1599 934 1638 ad
964 1599 1071 1637 hunc
1101 1598 1261 1637 modum

75 1669 203 1708 decies
233 1669 294 1707 die
324 1682 404 1708 uno
435 1683 551 1721 saepe
582 1668 753 1708 extrudit
782 1667 954 1707 aedibus.

75 1737 208 1776 nescio
239 1737 305 1788 pol
336 1749 434 1788 quae
465 1738 586 1776 illunc
618 1735 817 1775 hominem
847 1733 1104 1785 intemperiae
1136 1738 1292 1772 tenent:

74 1803 277 1855 pervigilat
308 1811 445 1844 noctes
476 1813 586 1850 totas,
618 1810 699 1842 tum
729 1809 858 1841 autem
890 1801 1081 1840 interdius

75 1871 185 1922 quasi
215 1871 375 1911 claudus
405 1881 515 1912 sutor
545 1871 650 1912 domi
679 1871 788 1909 sedet
817 1876 920 1908 totos
951 1869 1044 1908 dies.

75 1952 204 1990 neque
234 1939 308 1977 iam
340 1951 418 1989 quo
449 1945 563 1990 pacto
595 1938 717 1977 celem
749 1937 853 1976 erilis
883 1937 984 1975 filiae

75 2006 276 2057 probrum,
309 2006 531 2057 propinqua
563 2004 760 2057 partitudo
791 2005 853 2043 cui
885 2004 1044 2056 appetit,

75 2086 177 2123 queo
208 2073 474 2120 comminisci;
506 2085 635 2123 neque
667 2073 875 2124 quicquam
907 2071 1062 2110 meliust
1091 2069 1199 2116 mihi,

77 2147 119 2179 ut
149 2141 304 2192 opinor,
336 2152 452 2191 quam
482 2152 528 2178 ex
558 2153 620 2179 me
652 2146 694 2179 ut
723 2153 840 2179 unam
872 2139 1006 2178 faciam
1038 2137 1205 2176 litteram

75 2207 245 2259 longam,
274 2204 454 2261 (meum)
482 2207 621 2258 laqueo
652 2208 795 2247 collum
826 2207 982 2258 quando
1013 2204 1274 2245 obstrinxero.

187 2375 230 2406 48
255 2372 377 2407 hercle
401 2372 508 2408 hodie
532 2370 824 2418 Kampmannus:
846 2373 954 2408 hodie
978 2373 1099 2408 hercle
1123 2372 1258 2415 DEB2,
1281 2371 1389 2406 hodie
1407 2371 1457 2405 Β1
1548 2372 1590 2404 49
1637 2369 1737 2404 testi-

76 2428 237 2464 tudinem
261 2433 301 2464 ιιι
325 2428 394 2464 vid.
412 2428 476 2471 B¹,
500 2429 719 2465 testudinem
736 2428 774 2464 E
859 2430 1009 2474 gradibo
1027 2429 1215 2474 (grandiuo
1233 2427 1376 2463 Nonius
1391 2428 1492 2469 115„
1515 2426 1564 2471 cf.
1592 2424 1737 2461 Warre-

76 2495 145 2519 nus
168 2486 244 2520 Am.
263 2485 394 2530 journ.
419 2486 455 2527 4,
483 2487 522 2520 71
534 2496 587 2530 sq.
727 2489 770 2536 53
799 2486 923 2522 oculos
957 2497 1020 2530 ego
1052 2486 1120 2521 tibi
1151 2485 1241 2521 istos
1272 2484 1434 2530 improbe
1464 2482 1642 2518 ecfodiam
1669 2482 1737 2517 tibi

77 2539 218 2576 Nonius
246 2542 324 2576 360
458 2541 626 2577 effodIam
772 2545 813 2576 55
847 2543 938 2586 sort.
975 2542 1159 2577 abscedito
1320 2540 1427 2576 etiam
1459 2550 1556 2574 nunc
1586 2540 1738 2575 alterum

77 2607 144 2630 om.
169 2596 204 2631 B
342 2600 384 2632 56
410 2601 546 2643 atasto,
576 2608 670 2633 corr.
700 2597 895 2644 Scioppius
1031 2601 1072 2632 58
1101 2598 1303 2642 respexeris
1331 2595 1420 2632 D¹E
1554 2599 1597 2631 60
1629 2598 1737 2639 certe,

77 2662 172 2686 corr.
197 2653 435 2689 Franckenus
571 2656 613 2689 65
639 2655 731 2689 sitne
755 2653 931 2700 Pylades:
961 2658 1062 2689 estne
1199 2657 1239 2688 67
1266 2663 1327 2688 ero
1351 2663 1416 2697 ego
1442 2651 1479 2686 E
1610 2654 1653 2685 74
1676 2653 1738 2687 he-

77 2707 154 2742 rilis
277 2711 319 2743 69
343 2713 379 2745 et
402 2712 443 2743 76
475 2720 565 2755 queo
599 2710 819 2746 comminisci
849 2711 900 2744 sic
929 2711 1006 2746 sine
1029 2710 1205 2745 sermonis
1234 2713 1428 2755 auqmento
1458 2708 1651 2753 utrubique
1671 2719 1738 2754 po-

76 2763 183 2798 situm
207 2765 272 2800 ve'x
295 2776 318 2800 a
335 2771 471 2811 ματα,-
498 2765 574 2801 illic
601 2765 722 2801 hiatus
745 2766 899 2809 accedit,
930 2766 987 2801 laic
1018 2765 1171 2811 spondei
1202 2766 1353 2801 durities
1442 2765 1569 2800 melius
1594 2767 1649 2800 est

80 2821 121 2854 78
152 2820 307 2865 longum,
332 2831 424 2856 corr.
449 2820 640 2856 Scutarius
729 2822 890 2867 (meum)
917 2822 1143 2858 Camerarius
1236 2822 1439 2858 obstrixero
1463 2820 1556 2857 B¹E

1764 328 1801 360 50

1764 666 1801 697 55

1762 1003 1802 1035 60

1761 1340 1798 1372 65
