1998 3179
86 78 143 106 iv
162 79 188 112 2,
203 79 322 107 82—108
728 104 731 105 γ
780 74 1082 110 MENAECHMI
1681 74 1761 111 409

101 192 201 244 palla
234 192 287 231 mi
318 199 377 231 est
406 192 522 230 domo
553 198 751 242 surrupta.
812 190 931 231 ΜΕΝ.
982 189 1084 228 Palla
1115 196 1338 240 surruptast
1367 187 1491 228 mihi?
1773 194 1831 226 645

100 260 205 300 PEN.
255 259 376 299 Viden
407 265 451 298 ut
478 256 566 312 (te)
595 259 784 298 scelestus
816 256 973 309 captat?
1005 257 1099 296 huic
1130 262 1363 308 surruptast,
1396 269 1474 296 non
1508 256 1591 295 tibi.

101 339 190 366 nam
222 327 398 378 profecto
430 326 498 365 tibi
530 332 713 378 surrupta
743 326 773 364 si
806 331 907 364 esset
936 348 991 354 —
1021 325 1122 364 salva
1155 337 1233 363 non
1267 325 1381 363 foret.

99 391 215 434 ΜΕΝ.
247 394 308 433 Nil
324 394 417 432 mihi
435 400 563 432 tecum
581 400 650 432 est.
682 393 747 432 sed
766 392 909 443 tuquid
927 390 1011 431 ais?
1042 392 1155 432 ΜΑΤ.
1187 390 1762 442 Palla‚inquam,periitdomO.

99 461 215 502 ΜΕΝ.
261 461 358 507 Quis
389 473 471 500 eam
503 458 734 512 surrupuit?
791 459 905 500 ΜΑΤ.
957 459 1028 498 Pol
1059 460 1159 498 istuc
1179 458 1243 498 ille
1275 459 1347 498 scit
1368 459 1434 509 qui
1466 458 1568 497 illam
1591 457 1762 496 abstulit.

99 529 215 568 ΜΕΝ.
266 528 361 574 Quis
391 528 423 567 is
454 528 571 567 homo
603 526 689 567 est?
747 527 884 566 ΜΑΤ.»
910 525 1190 565 Menaechmus
1222 526 1392 576 quidam.
1452 526 1568 566 ΜΕΝ.
1616 524 1765 576 Edepol

1121 593 1265 631 factum
1298 594 1492 644 nequiter.
1775 598 1835 630 650

100 663 187 713 quis
210 664 240 702 is
257 660 580 701 Menaechmust?
624 661 737 701 MAT.
774 661 833 700 Tu
855 660 953 707 istic,
975 660 1148 711 inquam.
1199 660 1315 699 ΜΕΝ.
1352 659 1519 711 Egone?
1557 659 1670 700 MAT.
1692 660 1764 698 Tu.

1041 727 1157 767 ΜΕΝ.
1209 728 1305 772 Quis
1337 726 1492 777 arguit?

28 846 37 853 k
96 797 210 836 MAT.
251 796 428 848 Egomet.
487 795 591 836 PEN.
632 795 679 834 Et
713 807 799 846 ego.
850 802 967 846 atque
999 795 1089 833 huic
1120 795 1266 833 amicae
1297 793 1469 833 detulisti
1501 794 1650 833 Erotio.
1708 812 1711 813 ⁷

97 864 212 904 ΜΕΝ.
263 864 375 916 Egon
409 862 526 903 dedi?
584 863 698 902 MAT.
749 862 829 910 Tu,
860 870 903 902 tu
934 863 1031 911 istic,
1062 863 1236 913 inquam.
1296 861 1360 900 vin
1393 861 1535 900 adferri
1567 868 1764 906 noctuam,

97 945 195 983 quae
221 927 282 971 ‘tu
312 929 371 970 tu'
406 943 530 982 usque
561 931 662 970 dicat
693 929 788 969 tibi?
820 942 909 969 nam
943 943 1015 969 nos
1047 930 1122 969 iam
1153 929 1294 969 defessi
1326 941 1474 968 sumus.

91 999 227 1050 [ΜΕΝ.
277 999 353 1038 Per
382 998 513 1037 lovem
544 997 717 1049 deosque
750 998 878 1037 omnis
909 997 1059 1044 adiuro,
1091 1009 1191 1036 uxor
1222 997 1336 1047 (satin
1368 997 1444 1036 hoc
1476 1003 1534 1035 est
1565 995 1679 1044 tibi?)
1778 1004 1836 1036 655

98 1079 177 1105 non
210 1066 374 1106 dedisse.
434 1065 547 1105 MAT.
598 1064 721 1104 Immo
751 1065 881 1104 hercle
912 1078 1018 1111 vero,
1052 1078 1124 1105 nos
1157 1078 1236 1104 non
1272 1065 1409 1104 salsum
1442 1064 1602 1116 dicere]

38 1147 41 1150 ’
96 1134 213 1174 ΜΕΝ.
264 1133 339 1173 Sed
371 1145 442 1184 ego
475 1132 577 1171 illam
611 1145 691 1172 non
725 1133 958 1180 condonavi,
991 1133 1055 1172 sed
1088 1132 1144 1172 sic
1174 1130 1358 1172 utendam
1391 1132 1491 1171 dedi.

97 1201 213 1241 ΜΑΤ.
263 1200 452 1252 Equidem
487 1206 638 1239 ecastor
670 1206 775 1239 tuam
810 1212 882 1239 nec
913 1201 1154 1253 chlamydem
1186 1200 1235 1238 do
1267 1201 1371 1238 foras
1403 1212 1477 1239 nec
1508 1199 1666 1250 pallium

96 1269 278 1319 cuiquam
309 1268 511 1307 utendum.
572 1267 775 1306 mulierem
807 1280 973 1318 aequom
1005 1275 1064 1307 est
1096 1268 1372 1307 vestimentum
1403 1266 1594 1306 muliebre

96 1336 187 1375 dare
219 1337 333 1383 foras,
365 1336 490 1374 virum
523 1336 644 1374 virile.
705 1335 799 1386 quin
834 1336 957 1375 refers
989 1335 1129 1386 pallam
1161 1334 1350 1373 domum?
1776 1341 1833 1374 660

95 1403 212 1443 ΜΕΝ.
262 1402 345 1454 Ego
378 1403 464 1442 faxo
494 1403 700 1442 referetur.
760 1403 873 1442 MAT.
924 1402 980 1441 Ex
1012 1415 1054 1442 re
1087 1410 1162 1450 tua,
1195 1410 1238 1442 ut
1272 1402 1426 1453 opinor,
1460 1402 1622 1448 t'eceris;

96 1483 185 1509 nam
218 1470 377 1509 domum
411 1482 627 1521 numquam
658 1469 852 1517 introibis,
887 1470 962 1509 uisi
995 1470 1096 1510 feres
1126 1470 1267 1522 pallam
1300 1470 1429 1509 simul.

95 1550 142 1576 eo
172 1538 344 1578 domum.
403 1538 508 1578 PEN.
560 1537 661 1584 Quid
693 1537 787 1576 milii
810 1538 986 1576 futurum
1020 1543 1091 1585 est,
1124 1538 1191 1588 qui
1223 1537 1290 1576 tibi
1322 1538 1424 1577 hanc
1456 1549 1615 1588 operam
1647 1535 1764 1575 dedi?

93 1605 208 1646 MAT.
258 1605 387 1657 Opera
419 1605 617 1651 reddetur,
650 1605 807 1656 quando
839 1605 931 1656 quid
964 1605 1031 1644 tibi
1065 1605 1139 1644 erit
1170 1611 1400 1657 surruptum
1432 1606 1563 1644 domo.
1596 1627 1650 1633 —

93 1673 198 1714 PEN.
249 1672 291 1712 Id
323 1672 480 1724 quidem
503 1672 641 1725 edepol
665 1672 879 1724 numquam
902 1672 990 1720 erit,
1015 1685 1103 1711 nam
1128 1673 1225 1712 nihil
1257 1679 1315 1712 est
1336 1674 1439 1724 quod
1464 1673 1622 1724 perdam
1646 1672 1834 1711 domi.665

95 1752 184 1779 cum
215 1740 297 1779 viro
329 1752 418 1779 cum
451 1752 572 1779 uxore
603 1740 640 1779 di
671 1753 739 1780 vos
770 1740 950 1792 perdant.
1012 1741 1233 1792 properabo
1266 1741 1313 1779 ad
1345 1742 1496 1787 forum,

97 1820 185 1846 nam
217 1819 264 1846 ex
292 1808 365 1847 hac
396 1807 538 1846 familia
570 1820 631 1846 me
663 1808 778 1860 plane
810 1808 999 1847 excidisse
1031 1808 1231 1859 intellego.
1264 1832 1318 1837 —-

94 1874 211 1915 ΜΕΝ.
261 1874 359 1914 Male
392 1875 443 1913 mi
476 1887 576 1914 uxor
606 1888 691 1914 sese
723 1876 861 1914 secisse
893 1882 1041 1922 censet,
1074 1888 1192 1926 quom
1226 1876 1389 1915 exclusit
1419 1878 1544 1923 t'oras;

95 1943 205 1993 quasi
239 1955 319 1982 non
354 1941 532 1989 habeam,
565 1955 642 1993 quo
675 1943 925 1989 intromittar,
957 1943 1075 1981 alium
1106 1943 1308 1982 meliorem
1341 1943 1483 1982 locum.

99 2010 130 2049 si
161 2009 230 2048 tibi
262 2010 466 2062 displiceo,
498 2010 749 2062 patiundum:
782 2017 819 2048 at
850 2011 1034 2062 placuero
1065 2010 1156 2049 huic
1187 2010 1337 2058 Erotio,
1772 2016 1833 2050 670

100 2090 199 2128 quae
231 2089 293 2117 me
326 2090 406 2116 non
441 2078 620 2117 excludet
649 2078 698 2117 ab
729 2091 782 2125 se,
814 2078 879 2117 scd
912 2079 1013 2130 apud
1045 2090 1086 2117 se
1119 2078 1297 2117 occludet
1327 2079 1444 2118 domi.

208 2181 272 2213 645
297 2179 386 2214 mihi
404 2175 611 2224 ‘leyendum
635 2179 776 2214 videtur
800 2174 1034 2225 qaibusclam'
1059 2179 1268 2221 Lambinus,
1294 2181 1343 2225 cf.
1364 2181 1582 2216 Gronovius.-
1608 2181 1674 2216 tibi

95 2237 161 2269 646
184 2234 308 2270 vident
333 2233 448 2270 B¹CD
559 2235 631 2280 <te>
655 2235 852 2271 Lambinus
944 2235 1083 2280 capiat,
1107 2246 1202 2271 corr.
1231 2236 1460 2271 Camerarius
1575 2238 1638 2270 647
1665 2236 1765 2272 salva¹

93 2300 167 2326 non
191 2290 286 2326 foret
309 2290 386 2324 scil.
420 2301 527 2336 qaam
557 2302 738 2337 apparere
768 2292 879 2344 scial,
909 2291 959 2326 acl
986 2291 1226 2337 pliryqimwm
1257 2292 1412 2327 delatam
1443 2292 1509 2337 (cf.
1544 2291 1764 2337 Vssinssias„

93 2357 190 2382 nunc
224 2346 453 2383 Camerarius
480 2348 559 2382 sine
589 2348 753 2383 acumine
867 2350 931 2383 650
964 2348 996 2383 is
1030 2348 1207 2383 Brixius:
1238 2348 1298 2383 hic
1415 2351 1474 2382 651
1510 2349 1763 2384 menaechmus

94 2406 335 2443 (menaecmus
364 2403 408 2445 B)
433 2405 488 2438 est
603 2406 669 2439 654
691 2406 732 2439 tu
763 2406 804 2440 tu
836 2415 949 2449 usque
974 2403 1009 2439 B
1041 2415 1091 2440 ex
1114 2415 1207 2439 corr.
1216 2418 1228 2453 .·’
1261 2408 1403 2440 tututus
1429 2416 1496 2449 que
1523 2404 1583 2439 CD
1697 2415 1763 2440 nos

93 2458 164 2494 iam
182 2471 217 2495 5⁶:
232 2466 298 2494 nos
314 2459 387 2493 iam
401 2469 468 2494 nos
562 2461 639 2495 655.
654 2462 718 2496 656
737 2461 787 2506 cf.
809 2462 888 2502 615,
905 2460 966 2496 ubi
979 2460 1102 2506 facete
1119 2460 1261 2495 iurabat
1268 2473 1282 2502 ,·
1298 2460 1356 2495 liic
1367 2461 1570 2506 periurium
1587 2461 1764 2496 illiberale

93 2514 199 2558 faeie,
224 2514 350 2551 mulier
372 2516 447 2551 sive
470 2514 666 2551 Peniculus
688 2517 836 2552 insulsis
858 2516 974 2552 verbis
998 2516 1214 2562 interpellat.
1258 2521 1350 2562 puto
1376 2527 1499 2552 versus
1523 2516 1764 2563 iulet-polatos

94 2580 181 2605 esse.
228 2582 258 2606 v.
286 2571 360 2606 657
378 2576 464 2617 post
490 2572 562 2606 653
586 2583 678 2616 egon
702 2573 812 2608 dedi?
836 2577 922 2619 apte
945 2572 1106 2617 infertur
1221 2575 1286 2607 656
1310 2584 1365 2608 Mv
1382 2572 1437 2607 B:
1463 2573 1502 2607 P.
1528 2571 1672 2608 Merula

95 2628 160 2660 658
185 2628 322 2662 etastor
347 2627 383 2668 0,
408 2630 445 2663 et
470 2631 591 2664 castor
614 2627 649 2663 D
735 2628 923 2664 clamidem
1016 2628 1161 2664 deforas
1188 2628 1248 2663 ΟΒ
1333 2631 1397 2662 663
1423 2639 1464 2663 eo
1484 2628 1687 2664 Bentleius:
1711 2640 1763 2664 ΜΕ

95 2692 160 2726 ego
186 2681 238 2723 B,
261 2692 328 2727 ego
353 2682 414 2718 CD
527 2686 593 2718 664
621 2695 674 2720 ΜΕ
698 2684 734 2719 B
848 2695 993 2729 operam
1020 2684 1135 2720 B¹CD
1249 2687 1313 2718 666
1339 2695 1420 2720 cum
1444 2684 1521 2720 viro
1545 2695 1627 2720 cum
1650 2696 1764 2721 uxore

92 2737 275 2781 familiam
300 2737 386 2773 dicit
410 2740 474 2780 (66
480 2740 513 2784 7)
519 2752 534 2781 ;
557 2741 606 2784 cf.
625 2740 674 2775 acl
689 2739 802 2775 Mero.
824 2742 911 2775 988.
951 2751 1022 2784 qua
1038 2741 1151 2775 virum
1169 2750 1240 2785 qua
1256 2750 1403 2775 uxorem
1420 2740 1674 2777 Fleckeisenus

95 2795 160 2828 668
186 2803 267 2828 cum
290 2793 343 2836 B,
369 2805 450 2839 qum
477 2795 520 2837 C,
546 2806 652 2840 quam
676 2796 710 2832 D
802 2800 867 2831 670
892 2797 1110 2842 adplacuero
1138 2795 1224 2831 Bw
1340 2799 1400 2831 671
1430 2797 1533 2833 abste
1558 2797 1608 2832 B¹
1702 2808 1762 2834 oc-

96 2849 212 2885 cludit
241 2849 319 2885 ΒΟι
