1998 3179
82 78 154 113 μοι.
172 77 275 106 42—72
757 72 1059 110 MENAECHMI
1657 69 1738 108 383

284 190 387 230 illius
417 202 562 229 nomen
594 189 693 229 indit
721 188 775 228 illi
806 189 872 240 qui
902 188 1007 227 domi
1038 192 1109 234 est,

283 258 550 305 Menaechmo,
581 257 684 296 idem
714 257 818 308 quod
850 257 960 296 alteri
992 242 1135 295 nomen
1166 256 1260 304 fuit3

283 333 322 365 et
350 326 458 377 ipsus
488 325 626 365 eodem
656 330 715 365 est
743 336 833 364 avos
861 330 1020 364 vocatus
1051 324 1210 363 nomine

281 394 509 445 (propterea
540 392 643 432 illius
674 403 820 431 nomen
851 391 1013 431 memini
1044 391 1208 438 facilius,

283 460 371 510 quia
402 459 510 498 illum
541 460 711 498 clamore
741 459 816 498 vidi
847 458 1085 509 flagitarier).

282 540 332 566 ne
363 539 454 566 mox
485 527 636 575 erretis,
667 527 742 566 iam
774 538 883 565 nunc
912 525 1095 577 praedico
1125 525 1257 577 prius:

282 595 384 634 idem
416 601 475 634 est
503 593 695 634 ambobus
726 605 872 633 nomen
903 593 1071 644 geminis
1100 593 1298 633 fratribus.

282 674 390 701 nunc
421 662 461 701 in
492 661 755 714 Epidamnum
785 661 952 713 pedibus
982 660 1227 700 redeundum
1259 666 1318 700 est
1346 661 1454 709 mihi,

282 736 323 769 ut
351 730 452 768 hanc
482 741 566 768 rem
596 729 706 768 vobis
736 728 968 768 examussim
999 728 1208 780 disputem.

281 798 314 837 si
345 797 432 848 quis
463 797 556 848 quid
586 803 758 836 vestrum
790 796 1053 848 Epidamnum
1085 796 1213 835 curari
1246 795 1317 835 sibi

276 865 381 914 velit,
411 865 595 905 audacter
624 865 816 916 imperato
849 870 887 903 et
916 863 1047 912 dicito,

276 935 343 975 sed
375 934 426 973 ita
458 939 502 973 ut
530 933 595 972 det
624 933 732 971 unde
762 932 891 971 curari
922 932 960 971 id
992 932 1115 983 possit
1145 931 1231 972 sibi.

280 1013 371 1041 nam
402 1001 477 1040 nisi
508 1001 574 1052 qui
605 1006 811 1051 argentum
842 1000 1004 1045 dederit,
1037 1012 1162 1051 nugas
1193 1000 1334 1051 egerit,

280 1069 346 1120 qui
377 1068 536 1114 dederit,
568 1068 690 1118 magis
719 1068 887 1107 maiores
918 1079 1042 1118 nugas
1073 1067 1208 1119 egerit.

276 1149 412 1176 verum
442 1136 533 1175 illuc
563 1136 682 1175 redeo
712 1136 818 1175 unde
849 1135 939 1181 abii,
971 1142 1087 1186 atque
1117 1148 1198 1174 uno
1230 1141 1314 1175 asto
1344 1136 1384 1175 in
1416 1136 1516 1176 loco.

278 1205 596 1257 Epidamniensis
626 1204 701 1250 ille,
735 1215 851 1254 quem
882 1204 1027 1242 dudum
1060 1203 1245 1250 dixeram,

279 1273 478 1325 geminum
509 1272 618 1311 illum
648 1283 813 1323 puerum
848 1272 913 1322 qui
945 1271 1148 1323 surrupuit
1178 1271 1355 1317 alterum,

281 1342 315 1380 ei
345 1340 575 1386 liberorum,
609 1339 682 1379 nisi
714 1339 878 1384 divitiae,
910 1339 964 1378 nil
996 1345 1098 1377 erat:

277 1409 434 1459 adoptat
464 1407 573 1446 illum
605 1419 771 1458 puerum
802 1406 1082 1458 surrupticium

277 1476 351 1515 sibi
380 1475 504 1514 filium
535 1475 649 1525 eique
682 1486 845 1513 uxorem
877 1473 1047 1512 dotatam
1079 1473 1195 1519 dedit,

277 1555 446 1594 eumque
476 1542 660 1581 heredem
692 1542 794 1588 fecit,
826 1553 945 1592 quom
977 1542 1061 1592 ipse
1093 1541 1188 1580 obiit
1218 1542 1332 1581 diem.

277 1623 366 1651 nam
397 1623 465 1650 rus
494 1617 538 1649 ut
568 1609 647 1649 ibat
679 1610 792 1655 forte,
824 1616 868 1648 ut
898 1609 1064 1649 multum
1098 1609 1261 1660 pluerat,

277 1679 479 1730 ingressus
509 1678 667 1716 fluvium
700 1677 876 1728 rapidum
909 1676 956 1715 ab
988 1677 1085 1716 urbe
1116 1677 1218 1716 haud
1250 1677 1423 1729 longule,

278 1747 439 1798 rapidus
470 1746 618 1797 raptori
650 1745 763 1797 pueri
795 1745 980 1784 suhduxit
1011 1745 1130 1797 pedes

276 1814 543 1864 abstraxitque
572 1813 773 1852 hominem
804 1813 844 1852 in
877 1813 1083 1852 maximam
1115 1813 1254 1852 malam
1286 1825 1456 1853 crucem.

276 1882 329 1921 illi
362 1881 516 1921 divitiae
547 1887 764 1920 evenerunt
794 1881 996 1919 maximae.

275 1950 307 1989 is
337 1949 416 1988 illic
446 1948 594 1988 habitat
623 1948 805 2000 geminus
831 1949 1105 1999 surrupticius.

277 2030 385 2057 nunc
417 2018 480 2056 ille
510 2017 702 2069 geminus,
735 2017 800 2067 qui
832 2017 1034 2068 Syracusis
1064 2015 1193 2061 habet,

276 2085 391 2124 hodie
422 2086 461 2124 in
494 2080 762 2137 Epidamnum*
789 2085 919 2123 veniet
948 2097 1036 2124 curn
1069 2097 1180 2124 servo
1212 2098 1282 2123 suo

275 2153 382 2192 hunc
414 2153 671 2204 quaeritatum
704 2153 903 2204 geminum
935 2165 1167 2204 germanum
1198 2165 1324 2192 suom.

272 2221 367 2260 haec
399 2220 494 2260 urbs
524 2220 766 2273 Epidamnus
798 2227 867 2265 est,
899 2221 989 2260 dum
1021 2222 1117 2260 haec
1149 2221 1276 2271 agitur
1306 2220 1455 2261 fabula:

183 2332 225 2364 43
250 2341 356 2366 mena
378 2331 447 2365 hec
478 2341 535 2366 mo
561 2330 630 2374 B',
662 2342 767 2366 mane
800 2333 866 2366 hec
891 2343 948 2367 mo
975 2331 1035 2367 CD
1151 2334 1194 2366 45
1226 2331 1276 2375 cf.
1302 2330 1416 2367 Poen.
1446 2333 1494 2366 62
1607 2335 1649 2366 47
1683 2333 1734 2377 cf.

69 2386 149 2422 Mic.
174 2388 248 2422 150
362 2389 404 2421 49
421 2397 474 2432 sq.
508 2387 557 2431 ef.
582 2386 694 2422 Poen.
724 2389 768 2422 79
784 2399 835 2433 sq.
954 2391 993 2423 51
1021 2387 1203 2433 epidamni
1228 2398 1246 2423 ς
1362 2391 1404 2422 54
1429 2388 1489 2432 qui
1513 2387 1738 2423 Beroaldus:

70 2444 132 2488 qui
154 2453 227 2479 non
319 2446 361 2478 55
387 2443 446 2487 qui
464 2442 642 2490 Pylades:
666 2454 749 2479 nam
765 2444 838 2479 nisi
861 2445 922 2489 qui
1015 2446 1057 2479 56
1081 2444 1265 2479 redeunde
1282 2443 1316 2478 B
1324 2442 1399 2478 ι(ΙΙ)
1492 2447 1533 2479 57
1559 2443 1717 2480 accedi
1722 2448 1737 2481 t

69 2500 115 2543 Α;
142 2500 284 2535 57——75
306 2502 445 2535 tantum
461 2500 567 2536 initia
583 2505 728 2536 servata
820 2503 863 2536 58
888 2501 1038 2536 alteram
1055 2501 1106 2541 (in
1124 2500 1160 2535 B
1184 2511 1232 2535 ex
1250 2500 1360 2544 corr.)
1454 2502 1495 2534 59
1520 2500 1667 2536 diviliae

70 2557 113 2590 62
139 2566 261 2600 quam,
293 2565 387 2591 corr.
412 2555 503 2591 Pius
617 2556 667 2601 cf.
693 2557 805 2592 Poen.
833 2559 886 2592 77.
908 2558 984 2592 904
1100 2559 1141 2591 63
1166 2556 1308 2601 pluerat
1339 2559 1490 2591 testatur
1521 2556 1736 2592 Consentius

73 2612 113 2648 G.
138 2612 178 2646 L.
206 2614 239 2654 5,
265 2613 337 2647 379
360 2612 420 2654 in„
446 2612 495 2657 cf:
523 2611 628 2648 Varr.
653 2612 677 2647 l.
703 2613 725 2648 Z.
753 2615 786 2655 9,
803 2615 877 2649 104
970 2617 1013 2649 64
1037 2625 1059 2647 α
1083 2613 1304 2648 nominativo
1328 2612 1511 2657 ingressus
1535 2612 1584 2647 ad
1604 2614 1735 2658 priora

70 2671 198 2714 aptato
222 2667 396 2714 apodosz's
412 2667 566 2713 deflectit
658 2671 700 2703 65
724 2668 827 2709 fides,
852 2680 944 2705 corr.
964 2670 1171 2704 Saracenus
1263 2671 1303 2702 67
1329 2668 1382 2703 illi
1403 2668 1566 2714 (autem)
1589 2668 1734 2705 Sokoel-

73 2723 144 2759 lius
258 2726 300 2759 68
324 2723 355 2769 is
380 2724 478 2768 [ffljlss
502 2725 606 2760 AB2:
635 2724 744 2760 istilie
769 2724 876 2768 13¹1),
908 2726 1032 2761 istilh‘c
1059 2725 1088 2760 C
1199 2725 1250 2769 cf.
1276 2724 1387 2760 Poen.
1417 2726 1463 2759 78
1576 2727 1618 2760 69
1644 2725 1734 2761 sira-

70 2779 186 2815 cussis
278 2782 320 2814 70
346 2781 454 2822 venit,
479 2792 573 2817 corr.
595 2782 807 2828 Geppertus,
833 2782 883 2827 ef.
902 2781 1014 2817 Poen.
1032 2783 1113 2817 121.
1138 2783 1210 2816 124
1234 2780 1361 2828 Amph.
1380 2782 1454 2817 140
1477 2781 1572 2817 Rud.
1592 2782 1644 2816 80

70 2846 136 2872 suo
162 2845 263 2872 servo
290 2835 325 2870 B

1769 397 1807 429 45

1768 733 1806 765 50

1768 1070 1806 1102 55

1766 1410 1805 1441 60
