2018 3183
252 103 334 141 336
991 102 1173 138 PLAVTI
1746 105 1777 131 v
1792 106 1918 140 3,1-27

917 217 1229 258 CAPPADOX
1828 221 1869 261 V
1890 224 1915 262 3

252 288 496 339 Argentariis
527 287 625 326 male
656 286 762 325 credi
794 286 860 336 qui
891 286 1012 333 aiunt,
1045 298 1168 337 nugas
1198 285 1446 337 praedicant:

252 365 340 392 nam
372 359 411 392 et
440 352 542 392 bene
573 358 612 392 et
640 351 740 391 male
771 351 876 391 credi
908 351 1012 400 dico;
1045 351 1080 390 id
1111 351 1207 390 adeo
1238 364 1310 403 ego
1342 351 1458 391 hodie
1490 359 1674 404 expertus
1703 367 1802 394 sum.
1926 361 1984 394 680

252 431 333 457 non
364 418 464 457 male
494 417 668 457 creditur
699 417 765 468 qui
797 428 1010 467 numquam
1042 415 1225 463 reddunt,
1256 417 1322 456 sed
1354 429 1536 468 prorsum
1569 419 1683 469 perit.

250 483 310 522 vel
340 483 415 530 ille,
447 483 582 521 decem
613 482 740 521 minas
771 482 863 520 dum
893 481 1018 529 solvit,
1050 481 1178 520 omnis
1207 493 1361 521 mensas
1392 482 1557 522 transiit.

249 554 458 599 postquam
490 547 544 587 nil
575 548 630 596 fit,
662 547 832 586 clamore
862 547 1060 586 hominem
1093 558 1235 598 posco:
1267 546 1330 586 ille
1361 547 1399 586 in
1433 547 1492 587 ius
1523 560 1584 586 me
1616 554 1745 596 vocat3

250 625 433 665 pessume
463 613 597 661 metui,
629 625 679 652 ne
709 613 802 651 mihi
834 612 949 651 hodie
980 611 1081 663 apud
1114 617 1334 663 praetorem
1365 612 1543 652 solveret.

247 692 383 718 verum
414 679 527 718 amici
558 678 854 730 compulerunt:
888 677 1014 717 reddit
1043 684 1249 728 argentum
1281 678 1410 717 domo.
1927 686 1985 720 685

249 757 358 784 nunc
387 745 547 784 domum
579 755 792 796 properare
822 749 1024 784 certumst.
1083 742 1220 782 THER.
1272 743 1376 782 [leus
1408 750 1463 790 tu,
1495 743 1597 791 leno,
1629 750 1667 783 te
1696 745 1796 784 volo.

246 809 417 850 PHAED.
452 809 501 848 Et
517 822 589 861 ego
606 816 643 849 te
660 809 761 848 volo.
796 808 924 849 CAPP.
965 810 1014 847 At
1030 821 1100 859 ego
1118 821 1185 848 vos
1204 808 1294 847 nolo
1311 808 1457 849 ambos.
1488 809 1626 850 THER.
1663 809 1729 849 Sta
1745 810 1798 849 sis
1814 809 1916 857 ilico,

247 882 364 926 atque
395 881 602 926 argentum
633 886 802 926 propere
834 885 1002 925 propera
1032 885 1201 912 vomere.
1262 872 1389 913 CAPP.
1440 873 1540 919 Quid
1563 887 1718 914 mecum
1739 872 1917 914 esttibi?

247 946 314 979 aut
344 938 442 979 tibi?
501 941 638 980 THER.
690 940 789 986 Quia
820 952 893 991 ego
925 951 971 978 ex
1002 945 1040 977 te
1070 939 1186 978 hodie
1218 939 1354 977 faciam
1388 939 1511 990 pilum
1542 940 1838 992 catapultarium

248 1013 366 1057 atque
395 1006 448 1044 ita
478 1012 516 1045 te
547 1018 666 1045 nervo
698 1005 907 1056 torquebo,
938 1005 1070 1044 itidem
1101 1010 1144 1043 ut
1175 1005 1390 1055 catapultae
1420 1005 1561 1044 solent.
1927 1015 1984 1048 690

245 1071 417 1111 PHAED.
468 1071 682 1110 Delicatum
714 1076 752 1109 te
782 1070 899 1109 hodie
930 1070 1079 1113 faciam,
1112 1082 1201 1108 cum
1234 1069 1370 1108 catello
1404 1076 1447 1109 ut
1476 1071 1655 1118 aceubes,

247 1137 376 1176 ferreo
409 1148 480 1188 ego
513 1136 613 1176 dico.
673 1135 801 1176 CAPP.
851 1136 899 1175 At
931 1148 1002 1186 ego
1033 1147 1102 1183 vos
1132 1134 1246 1174 ambo
1279 1135 1317 1174 in
1351 1135 1513 1175 robusto
1546 1148 1703 1175 carcere

247 1209 292 1240 ut
312 1202 495 1253 pereatis.
554 1201 725 1241 PHAED,
777 1201 925 1240 Collum
950 1200 1165 1250 obstringe,
1196 1200 1347 1240 abduce
1372 1200 1487 1239 istum
1520 1201 1558 1240 in
1584 1202 1721 1241 malam
1742 1215 1914 1242 crucem.

244 1267 325 1307 ΤΗ.
367 1267 565 1318 Quidquid
587 1274 655 1314 est,
677 1267 760 1318 ipse
783 1267 853 1305 ibit
872 1267 1016 1318 potius.
1068 1265 1141 1306 CA.
1186 1266 1263 1305 Pro
1285 1267 1402 1305 ‹leum
1422 1272 1539 1318 atque
1561 1266 1763 1307 bominum
1786 1268 1916 1315 fidem,

246 1333 390 1372 hocine
420 1339 535 1385 pacto
566 1332 837 1372 indemnatum
868 1338 984 1383 atque
1014 1332 1240 1371 intestatum
1271 1344 1334 1370 me
1364 1330 1518 1383 abripi?
1927 1344 1985 1376 695

247 1398 426 1445 obsecre,
458 1397 694 1444 Planesium,
727 1403 765 1436 et
794 1403 844 1444 te,
878 1397 1130 1443 Phaedromo,
1163 1396 1348 1435 auxilium
1378 1402 1423 1435 ut
1452 1397 1566 1436 seras.

244 1463 380 1503 PLAN.
430 1462 579 1511 Frater,
612 1462 776 1502 obsecro
809 1469 858 1507 te,
891 1462 971 1501 noli
1002 1463 1108 1501 hunc
1140 1462 1443 1501 condemnatum
1477 1462 1655 1514 perdere.

247 1528 350 1567 bene
381 1534 420 1568 et
449 1528 591 1580 pudice
622 1540 684 1567 me
716 1527 820 1567 domi
850 1527 998 1566 habuit.
1059 1527 1197 1567 THER.
1249 1527 1357 1566 Haud
1389 1527 1588 1566 voluntate
1620 1527 1656 1567 id
1687 1540 1773 1567 sua:

243 1593 477 1645 Aesculapio
509 1593 599 1632 huic
629 1593 785 1640 habeto,
813 1604 936 1644 >quom
968 1592 1108 1644 pudica
1140 1605 1193 1641 es,
1224 1593 1411 1643 gratiam3

247 1670 338 1697 nam
369 1659 400 1697 si
430 1658 626 1706 valuisset,
658 1658 732 1697 iam
763 1657 914 1709 pridem
948 1670 1106 1708 quoquo
1137 1664 1269 1709 posset
1300 1658 1484 1697 mitteret.
1927 1670 1985 1702 τοο

245 1723 415 1763 ΡΗΑΕΒ.
466 1723 649 1762 Animum
680 1723 880 1770 advortite,
916 1720 1036 1777 (ego)
1066 1723 1097 1762 si
1127 1735 1289 1775 possum
1322 1723 1397 1762 hoc
1427 1724 1533 1762 inter
1562 1736 1629 1762 vos
1661 1735 1914 1775 componere.

245 1788 355 1828 mitte
385 1789 527 1828 istunc.
588 1789 730 1828 accede
760 1789 849 1835 huc,
880 1789 984 1828 leno.
1045 1788 1169 1827 dicam
1203 1800 1326 1827 meam
1357 1788 1604 1836 sententiam,

246 1854 438 1905 siquidem
470 1854 582 1894 voltis
613 1854 719 1905 quod
749 1854 912 1893 decrero
943 1855 1085 1893 facere.
1144 1854 1282 1894 THER.
1333 1853 1420 1892 Tibi
1452 1854 1733 1906 permittimus:

246 1919 374 1960 CAPP.
415 1920 516 1959 Dum
538 1920 694 1971 quidem
710 1919 844 1958 hercle
860 1919 911 1958 ita
929 1919 1089 1967 iudices,
1113 1932 1161 1958 ne
1183 1920 1390 1970 quisquam
1407 1932 1426 1958 a
1444 1932 1506 1958 me
1528 1926 1734 1971 argentum
1755 1920 1915 1959 auferat.

243 1985 290 2026 T.
321 1983 702 2036 Quodnepromisti‘?
733 1984 808 2025 CA.
839 1983 1118 2036 Quipromisi'?
1148 1985 1226 2025 PH.
1259 1985 1423 2036 Lingua.
1441 1984 1670 2025 CAAEadem
1684 1998 1914 2037 nuncnego.
1929 1999 1984 2030 7⁰5

359 2088 423 2120 679
450 2085 626 2121 CAPADOX
652 2085 698 2127 B,
723 2096 1067 2121 CAPPADOX«E1DEM
1082 2097 1196 2121 -ιΕΝο
1211 2105 1218 2111 -
1233 2097 1272 2120 c·
1288 2086 1320 2121 V
1321 2085 1355 2120 E
1470 2085 1722 2121 Curculionem
1754 2096 1829 2120 non
1853 2085 1915 2120 ab·

243 2153 321 2178 esse
343 2143 482 2178 monuz't
506 2141 722 2178 Ribbeckz'us
740 2153 781 2188 p.
803 2143 863 2185 99,
888 2143 938 2187 cf.
956 2143 1005 2177 ad
1032 2144 1110 2177 712.
1141 2143 1206 2178 713
1299 2145 1364 2178 680
1393 2153 1461 2178 nec
1485 2143 1577 2178 bene
1600 2153 1668 2178 nec
1692 2141 1787 2177 male
1810 2141 1917 2176 Lam·

245 2199 349 2234 binus
372 2198 450 2244 (qui
473 2198 619 2244 scripsit
635 2209 718 2234 nam
734 2203 814 2240 nec)
908 2210 972 2243 ego
998 2200 1105 2235 hodie
1131 2199 1308 2235 Botltius:
1331 2199 1440 2235 hodie
1464 2209 1529 2244 ego
1561 2197 1640 2241 ΥΕ,
1665 2199 1773 2234 hodie
1793 2198 1826 2233 B

246 2258 311 2291 682
335 2255 392 2290 vel
407 2255 468 2290 ille
486 2255 548 2289 L.:
564 2255 663 2290 velut
755 2258 819 2290 683
838 2256 1011 2292 clamore:
1030 2267 1049 2291 e
1067 2258 1088 2289 τ’.
1107 2267 1178 2301 ras.
1200 2256 1243 2298 Ε,
1262 2257 1453 2292 clamorem
1480 2256 1510 2289 V
1595 2257 1660 2290 684
1677 2265 1723 2290 ne
1740 2254 1828 2289 mihi
1846 2254 1916 2290 B’:

243 2313 379 2348 nemini
472 2314 535 2346 687
560 2311 657 2347 illico
686 2311 752 2346 ΥΕ
842 2314 907 2347 689
933 2315 997 2348 aut
1021 2313 1087 2347 tibi
1106 2312 1300 2348 Luchsz'us:
1324 2315 1389 2348 aut
1409 2315 1529 2348 tecum
1545 2315 1611 2347 aut
1703 2314 1768 2347 690
1791 2311 1915 2347 itidem

244 2381 312 2405 om.
331 2369 476 2404 Nonius
490 2370 563 2403 552
655 2369 701 2409 cf.
719 2367 915 2413 Lmayenus
930 2368 1039 2414 symb.
1053 2370 1132 2404 275
1221 2372 1283 2404 691
1303 2369 1371 2404 PH.
1389 2368 1563 2404 Pistoris:
1580 2379 1647 2403 om.
1741 2371 1806 2404 692
1820 2368 1916 2404 ferro

243 2425 387 2461 Nonius
410 2426 483 2460 199
574 2424 737 2460 irobusto
767 2424 836 2459 VE
924 2428 988 2459 6913
1015 2426 1145 2461 collum
1169 2436 1220 2472 sq.
1247 2426 1381 2466 militis,
1407 2425 1580 2471 quidquid
1604 2435 1656 2471 sq.
1683 2423 1916 2467 Phaedromi,

245 2484 406 2527 correxi,
423 2483 474 2527 cf.
491 2482 566 2516 697
647 2484 712 2516 695
731 2482 883 2517 hoccine
952 2482 1064 2527 arripi
1150 2485 1215 2517 696
1232 2485 1268 2518 te
1285 2477 1363 2519 ἀπὸ
1378 2485 1522 2524 κοινοῦ,
1539 2482 1589 2527 cf.
1606 2480 1685 2517 Ter.
1704 2480 1799 2516 Eun.
1813 2482 1917 2517 1086

244 2539 426 2574 Phaedria.
458 2542 496 2574 et
518 2542 576 2581 tu,
611 2538 790 2582 Chaerea,
824 2539 862 2572 in
887 2538 1074 2574 devotione
1098 2539 1198 2574 urbis
1222 2540 1338 2575 Macr.
1363 2542 1431 2573 sat.
1455 2539 1489 2580 3,
1517 2539 1551 2581 9,
1576 2539 1616 2572 11
1642 2537 1766 2574 Tellus
1789 2540 1916 2581 mater,

243 2598 364 2639 teque,
387 2595 565 2641 Iuppiter,
589 2596 751 2631 obtestor
844 2598 907 2630 697
931 2596 1181 2631 indemnatum
1206 2594 1296 2630 Pius
1388 2597 1454 2630 698
1478 2595 1569 2630 haut
1593 2594 1639 2635 B,
1665 2596 1730 2630 aut
1762 2593 1829 2629 ΥΕ

242 2654 310 2687 ’699
329 2662 436 2696 quam
459 2651 490 2685 Υ
491 2651 526 2686 Ε
616 2655 681 2686 700
706 2651 735 2686 si
753 2651 784 2686 is
802 2652 978 2688 ualuisset
994 2653 1038 2695 B,
1057 2654 1088 2688 si
1104 2652 1281 2687 uoluisset
1305 2651 1336 2686 Υ
1338 2651 1372 2686 Ε
1462 2662 1604 2696 quoque
1629 2650 1698 2686 ΥΕ
1765 2654 1827 2688 701
1846 2651 1915 2687 ΡΗ.

245 2718 312 2742 om.
332 2707 460 2742 BVE¹
521 2709 674 2744 aduorte
699 2707 770 2743 VE
827 2708 940 2753 (ego)
957 2708 1211 2744 Fleckeisenus
1282 2711 1345 2743 702
1362 2708 1457 2743 istuc
1478 2708 1510 2742 B
1602 2707 1685 2743 leno
1711 2718 1780 2744 om.
1805 2706 1875 2743 ΥΕ

244 2766 310 2798 703
336 2775 368 2809 q.
394 2764 427 2798 d.
454 2764 479 2798 f.
506 2775 575 2800 om.
602 2764 674 2806 B¹,·
697 2765 863 2800 decretro
891 2764 927 2800 E
1014 2768 1041 2801 t.
1066 2777 1102 2811 p.
1127 2765 1233 2801 militi
1257 2764 1415 2800 Botlcius
1440 2764 1548 2805 dedit,
1575 2764 1694 2799 lenoni
1721 2763 1826 2800 codd.

245 2823 311 2854 704
326 2820 473 2856 iudeces
489 2820 522 2855 B
616 2824 679 2857 705
699 2822 842 2867 quodne
860 2821 909 2867 cf.
928 2821 1145 2857 Skutsokius
1161 2822 1284 2857 Plaut.
1302 2833 1336 2856 u.
1356 2821 1459 2858 Rom.
1478 2822 1550 2856 153
1618 2820 1818 2866 promisisti
1835 2820 1870 2856 B

242 2876 368 2921 lingua
393 2887 537 2922 quoque
560 2877 702 2913 lenonis
735 2877 805 2913 ΥΕ
