2018 3183
2014 17 2018 54 1

253 78 335 116 458
995 75 1177 111 PLAVTI
1695 76 1738 104 111
1756 77 1782 110 2.
1796 77 1873 110 3—3,
1889 77 1921 107 10
2015 95 2018 98 -

254 199 456 239 certumst,
488 191 647 241 antiqua
678 190 846 229 recolam
879 196 919 229 et
947 190 1101 229 servibo
1134 190 1240 229 mihi.

254 261 421 299 decurso
451 258 575 309 spatio
609 257 728 297 breve
758 257 862 308 quod
895 257 992 296 vitae
1023 257 1249 297 relicuomst

251 328 463 378 voluptate,
495 325 584 364 vino
616 331 656 364 et
685 337 818 364 amore
848 324 1104 364 delectavere.

253 406 342 433 nam
373 394 475 432 haue
505 405 547 432 se
576 392 679 431 bene
708 392 852 431 habere
883 398 1045 432 aetatem
1079 392 1237 432 nimiost
1267 392 1440 444 aequius.

252 462 484 501 adulescens
515 473 634 511 quom
664 460 728 508 sis,
759 467 842 499 tum
874 472 994 511 quom
1025 467 1084 500 est
1112 460 1271 511 sanguis
1301 460 1465 512 integer,
1926 475 1984 508 550

250 530 307 568 rei
337 536 426 568 tuae
455 529 708 580 quaerundae
737 529 922 568 convenit
951 541 1110 580 operam
1142 529 1254 576 dare3
2008 536 2010 538 “

252 598 409 637 demum
442 596 560 648 igitur
591 608 710 648 quom
740 597 793 636 sis
824 597 899 635 iam
930 609 1064 644 senex,
1095 602 1177 636 tum
1210 597 1250 635 in
1283 596 1404 636 otium
2007 629 2018 652 4

251 673 290 705 te
321 665 518 713 conloces‚
551 664 643 704 dum
675 671 787 716 potes
818 677 942 704 ames:
976 665 1012 704 id
1044 665 1118 704 iam
1150 665 1341 704 lucrumst
2006 652 2018 724 Ξ

253 734 358 785 quod
389 733 495 772 vivis.
555 733 631 771 hoc
662 739 704 772 ut
734 733 835 780 dico,
867 733 980 772 factis
1010 745 1238 785 persequar.

250 802 400 840 interea
432 807 562 840 tamen
594 801 671 840 huc
700 801 805 840 intro
836 801 883 840 ad
915 813 975 840 me
1006 801 1167 840 invisam
1198 802 1374 840 domum:
1927 814 1984 846 555

250 881 349 908 uxor
381 881 441 907 me
473 874 673 920 exspectat
703 868 778 907 iam
810 868 957 908 dudum
988 869 1166 908 esuriens
1196 869 1320 916 d0mi;

248 938 324 976 iam
356 937 482 987 iurgio
513 936 696 985 enicabit‚
728 937 760 976 si
791 937 896 975 intro
928 937 1093 975 rediero,

249 1017 385 1044 verum
416 1005 548 1044 hercle
579 1011 792 1057 postremo,
826 1010 912 1044 utut
942 1011 1014 1051 est,
1047 1017 1127 1044 non
1159 1004 1224 1044 ibo
1257 1011 1399 1051 tamen,

248 1072 316 1112 sed
346 1073 454 1111 hunc
487 1072 656 1112 vicinum
690 1073 800 1124 prius
831 1072 1063 1112 conveniam
1094 1084 1210 1123 quam
1242 1071 1402 1112 domum

1927 1152 1983 1184 560

1924 1569 1980 1602 565

1923 1908 1978 1941 570
2004 1931 2007 1933 >

248 1141 427 1189 redeam;
460 1147 505 1179 ut
536 1140 629 1179 mihi
659 1140 764 1180 aedis
795 1141 943 1192 aliquas
974 1141 1169 1180 conducat
1200 1141 1299 1187 volo,

247 1208 315 1248 ubi
346 1208 492 1248 habitet
522 1209 640 1248 istaec
672 1209 824 1249 mulier.
885 1216 1001 1260 atque
1032 1221 1166 1248 eccum
1200 1209 1228 1247 it
1259 1210 1373 1248 foras.

893 1288 1270 1329 LYSIMACHVS
1802 1286 1870 1325 ΙΠ
1891 1287 1915 1325 3

247 1356 445 1395 Adducam
478 1368 551 1407 ego
583 1355 691 1395 illum
724 1356 798 1394 iam
829 1356 875 1395 ad
906 1362 957 1403 te,
989 1356 1021 1395 si
1052 1368 1288 1395 convenero.

246 1425 363 1464 DEM.
413 1424 474 1463 Me
505 1423 608 1462 dicit.
668 1423 768 1464 LYs.
819 1423 920 1469 Quid
952 1423 1027 1471 ais,
1064 1421 1285 1474 Demipho?
1343 1423 1460 1462 DEM.
1511 1421 1579 1462 Est
1609 1421 1751 1460 mulier
1779 1419 1915 1460 domi?

245 1492 346 1532 LYS.
382 1491 485 1537 Quid
506 1489 674 1531 censes?
718 1492 835 1532 DEM.
872 1491 973 1537 Quid
994 1491 1023 1531 si
1042 1489 1191 1531 visam?
1230 1491 1330 1531 LYs.
1367 1490 1469 1536 Quid
1490 1488 1708 1542 properas?
1736 1487 1916 1544 (mane.)

245 1560 363 1600 DEM.
414 1559 518 1605 Quid
547 1557 715 1598 faciam?
773 1559 873 1600 LYs.
924 1559 1037 1605 Quod
1069 1566 1186 1610 opust
1215 1560 1317 1598 facto
1349 1558 1465 1598 facito
1498 1565 1539 1597 ut
1569 1557 1729 1609 cogites.

244 1628 361 1668 DEM.
412 1627 514 1674 Quid
545 1626 742 1678 cogitem?
774 1627 955 1679 equidem
987 1627 1119 1666 hercle
1151 1639 1250 1678 opus
1279 1627 1355 1666 hoc
1386 1628 1486 1665 sacto
1519 1626 1708 1673 existimo,

244 1704 288 1735 ut
319 1696 384 1735 illo
416 1699 520 1734 intro
552 1708 649 1734 eam.
709 1695 809 1735 LYS.
859 1695 968 1734 Itane
1000 1707 1105 1741 vero,
1136 1693 1307 1734 vervex?
1338 1695 1442 1734 iutro
1474 1692 1569 1734 eas?

244 1763 361 1804 DEM.
412 1762 511 1809 Quid
542 1763 645 1817 aliud
678 1762 841 1802 faciam?
900 1763 1001 1804 LYs.
1051 1763 1164 1802 Prius
1194 1764 1269 1802 hoc
1299 1763 1486 1810 ausculta,
1518 1768 1635 1813 atque
1666 1762 1776 1802 ades:

244 1832 354 1883 prius
385 1831 551 1878 etiamst,
584 1831 688 1882 quod
720 1838 759 1870 te
790 1832 918 1870 facere
950 1844 1023 1883 ego
1055 1843 1220 1883 aequom
1251 1843 1408 1870 censeo.

244 1912 335 1939 nam
366 1911 474 1938 nuuc
504 1899 536 1938 si
566 1899 657 1938 illuc
688 1899 792 1938 intro
823 1899 927 1947 ieris,
959 1899 1140 1951 amplecti
1171 1899 1288 1945 voles,

244 1967 488 2007 confabulari
519 1973 636 2017 atque
669 1967 848 2006 osculari.
908 1968 1025 2008 DEM.
1077 1967 1136 2007 Tu
1169 1967 1324 2018 quidem

359 2071 424 2104 546
449 2071 613 2104 certunst
635 2070 666 2103 Α
782 2072 845 2104 547
873 2075 913 2104 uc
935 2081 964 2104 s.
992 2069 1027 2103 P
1047 2069 1124 2111 (sed
1146 2070 1304 2114 inspatio
1324 2080 1397 2115 pro
1423 2069 1553 2115 spatio,
1577 2069 1629 2114 cf.
1656 2065 1911 2102 Lachmannus

243 2125 293 2160 acl
308 2125 416 2161 Lacr.
433 2136 473 2171 p.
489 2126 574 2168 231,
597 2130 631 2160 et
646 2125 890 2170 reliquumst):
915 2127 1026 2162 breue
1042 2127 1114 2161 iam
1130 2126 1305 2171 reliquom
1325 2126 1423 2169 uitae
1448 2126 1640 2171 spatiumst
1663 2123 1750 2169 quin
1773 2133 1839 2168 ego
1856 2124 1911 2164 A,-

241 2183 293 2227 cf.
319 2180 432 2217 Stich.
461 2182 505 2216 81
539 2180 618 2216 Ter.
643 2181 711 2217 Ad.
739 2184 817 2217 860
847 2188 881 2218 et
908 2183 976 2218 Cic.
1005 2182 1081 2218 Cat.
1105 2194 1150 2217 m.
1180 2184 1225 2217 72
1317 2185 1382 2218 550
1408 2183 1478 2217 seis
1502 2183 1534 2216 Α
1626 2185 1687 2216 551
1715 2183 1802 2216 tuae
1824 2179 1911 2215 AP:

241 2241 279 2274 te
297 2237 517 2273 Ritsclzelz'us
539 2240 550 2279 (
553 2241 641 2283 post
665 2239 836 2274 conuenit
861 2238 1031 2281 Botlzz'us)
1123 2240 1306 2284 querende
1321 2238 1354 2274 P
1444 2240 1508 2273 552
1534 2237 1605 2273 seis
1628 2237 1701 2272 iam
1717 2237 1766 2271 A:
1790 2236 1821 2272 si
1843 2236 1910 2272 sim

244 2294 317 2337 UD,
342 2295 391 2330 sis
416 2293 451 2328 Β
543 2298 630 2329 tunc
654 2293 690 2328 P
780 2297 842 2329 553
869 2298 973 2340 potes
998 2306 1096 2330 ames
1120 2295 1157 2330 id
1186 2295 1256 2330 iam
1281 2296 1447 2330 lucrunst
1471 2294 1520 2329 1.·
1543 2296 1664 2339 potest
1687 2303 1756 2328 aue
1781 2292 1909 2328 sidiam

242 2354 376 2396 (potest
391 2351 586 2386 uersidiam
601 2351 647 2394 B)
661 2351 761 2387 lucro
775 2355 809 2387 st
824 2351 857 2386 P
948 2355 1013 2386 554
1030 2352 1127 2399 uiuis
1145 2354 1175 2387 ,1
1185 2366 1196 2385 .-
1216 2352 1278 2387 uni
1292 2354 1378 2394 (uno
1396 2351 1442 2393 Β)
1462 2351 1518 2386 uis
1532 2350 1568 2385 P
1585 2351 1621 2391 (ἱ.
1638 2361 1667 2385 e.
1682 2350 1816 2392 uuiuis)

241 2408 346 2451 deico
371 2407 500 2442 facteis
517 2408 547 2441 A
641 2410 705 2442 555
730 2418 827 2443 nunc
851 2411 972 2444 tamen
995 2409 1137 2444 interea
1161 2409 1207 2444 ad
1231 2420 1287 2444 me
1310 2409 1382 2444 huc
1406 2407 1561 2443 inuisam
1586 2407 1730 2442 domum
1745 2405 1822 2448 ΑΡ,
1845 2405 1910 2441 sed

242 2466 278 2499 in
297 2464 331 2498 P
343 2464 509 2509 sequitur
524 2473 649 2499 versus
665 2467 706 2499 ul
720 2475 847 2509 supra,
865 2475 968 2510 quem
984 2465 1182 2511 yenuz'num
1199 2464 1387 2500 verborum
1405 2463 1496 2499 ordo
1511 2463 1658 2509 probat,
1674 2462 1726 2507 cf.
1746 2461 1908 2497 Baebius

240 2521 279 2555 in
295 2519 537 2555 Scudemwzdi
557 2519 652 2555 stud.
677 2521 715 2561 2,
731 2522 814 2555 206
899 2523 1078 2556 556-589
1104 2521 1196 2556 nillil
1214 2522 1297 2566 fere
1321 2520 1454 2565 leqe'cur
1474 2520 1505 2554 Α
1589 2521 1657 2554 556
1681 2518 1907 2564 exspectanti

241 2587 290 2612 an
314 2577 450 2611 dudum
474 2575 510 2610 B
603 2578 665 2610 561
693 2576 723 2612 it
742 2576 840 2613 30².-
864 2579 906 2612 ut
923 2576 1000 2612 C¹D
1091 2588 1322 2613 Lvsnimcuvs
1345 2579 1425 2619 (ms.
1453 2575 1499 2618 B)
1522 2585 1690 2610 Dnmpno
1715 2585 1822 2610 sumas
1851 2585 1906 2610 ·11-

239 2643 290 2667 Dv
315 2635 376 2674 (nv
394 2643 463 2667 om.
485 2632 531 2675 B,
556 2632 591 2668 S.
607 2643 651 2667 11·
669 2643 721 2667 Dv
738 2643 805 2668 om.
822 2632 868 2676 D)
894 2633 994 2670 BCD
1086 2636 1151 2669 563
1176 2633 1266 2669 dicis
1285 2632 1320 2668 B
1411 2633 1721 2678 interroqaturum
1746 2634 1799 2674 (ut
1822 2631 1907 2677 quid

242 2690 295 2725 ais
313 2689 464 2734 indicat)
481 2688 690 2735 interpellat
705 2689 882 2736 Demipho
890 2702 905 2731 ,·
927 2690 979 2734 cf.
997 2691 1070 2725 455
1079 2702 1133 2736 sq.
1228 2692 1294 2724 564
1311 2689 1459 2735 (mane)
1478 2687 1636 2733 Pylades
1728 2690 1792 2723 565
1817 2696 1906 2732 opus

241 2748 296 2781 est
364 2745 476 2781 facito
491 2755 558 2780 om.
571 2744 632 2781 CD
724 2748 789 2781 566
803 2746 975 2781 exestimo
987 2746 1019 2781 Β
1113 2749 1175 2782 567
1189 2745 1276 2781 illuc
1345 2745 1480 2780 uerbex
1495 2744 1567 2787 CI),
1585 2744 1636 2789 cf.
1652 2743 1730 2780 Cas.
1746 2745 1820 2779 535

243 2803 306 2836 568
331 2804 458 2846 atque:
484 2804 593 2846 atque
617 2802 684 2837 hoc
711 2801 772 2838 CI)
863 2805 929 2838 569
954 2813 1023 2847 quo
1044 2803 1115 2846 CD,
1140 2814 1247 2848 quom
1268 2803 1299 2838 Β
1392 2805 1457 2836 570
1482 2801 1543 2837 1110
1567 2801 1728 2837 introitis
1755 2799 1816 2837 CD

243 2862 304 2893 571
332 2858 518 2894 ausculari
545 2858 615 2900 CI),
641 2858 840 2894 auscultari
865 2859 900 2894 B
