1998 3179
118 94 162 123 Ν
172 96 199 129 4,
217 95 319 123 18-44
813 91 906 128 BAC
912 92 1085 128 CHIDES
1693 92 1714 127 1
1721 91 1772 129 55

175 210 266 262 quid
296 213 365 249 vos
395 213 562 248 maestos
591 212 669 246 tam
699 210 907 258 tristesque
938 219 1021 246 esse
1051 203 1288 258 conspicor?

174 290 255 318 non
286 276 414 328 placet
444 288 517 316 nec
547 281 693 315 temere
724 282 783 314 est
813 275 939 314 etiam.
985 274 1079 326 quin
1195 273 1288 312 mihi
1318 269 1593 324 respondetis?
1785 278 1842 310 670

116 412 253 452 Mmzs.
304 410 498 462 Chrysam,
531 409 668 448 occidi.
727 408 885 449 CHRYS.
936 408 1128 447 Fortassis
1158 415 1200 446 tu
1231 407 1314 447 auri
1345 406 1544 458 dempsisti
1576 404 1745 458 parum?

117 479 255 518 MNEs.
305 477 443 525 Quam,
474 477 629 524 malum,
661 475 829 528 parum?
862 476 978 514 immo
1009 487 1099 513 vero
1132 474 1252 513 nimio
1284 474 1413 513 minus
1443 473 1566 512 multo
1597 485 1748 525 parum.

115 546 274 587 Cam-s.
323 544 425 590 Quid
454 544 585 595 igitur,
616 542 762 582 stulte?
791 541 863 596 <an
894 539 974 595 tu‚>
1005 542 1191 592 quoniam
1223 542 1375 581 occasio
1406 541 1451 580 ad
1483 553 1566 580 eam
1588 552 1670 580 rem
1701 541 1774 580 fuit

117 625 203 652 mea
235 613 372 651 virtute
402 617 524 662 parta,
557 616 599 650 ut
630 615 819 660 quantum
852 609 967 648 velles
996 614 1146 647 tantum
1178 621 1365 655 sumeres,

114 680 170 720 sic
198 680 273 719 hoc
303 678 474 730 digitulis
503 676 656 716 duobus
686 677 866 716 sumebas
896 674 1163 728 primoribus?
1786 681 1842 713 675

114 759 162 785 an
195 744 374 784 nescibas
405 756 519 795 quam
552 744 634 783 eius
665 744 770 782 modi
799 743 951 782 homini
982 755 1070 782 raro
1101 749 1256 794 tempus
1286 753 1328 780 se
1359 739 1491 780 daret?

57 829 60 834 ·
112 814 250 854 MNEs.
273 813 401 852 Erras.
433 811 591 852 Cnms.
612 811 661 850 At
677 811 834 862 quidem
853 813 934 850 tt'lte
952 810 1100 857 errasti,
1119 823 1206 849 cum
1224 822 1361 862 parum
1378 808 1565 848 immersti
1584 808 1774 859 ampliter.

113 881 250 921 Mmzs.
299 880 370 919 Pol
398 886 441 919 tu
473 890 588 930 quam
619 891 727 918 nunc
760 878 847 918 med
880 891 1040 918 accuses
1069 878 1204 929 magis,
1237 878 1267 917 si
1296 877 1418 927 magis
1448 888 1531 915 rem
1564 876 1730 917 noveris.

113 948 251 988 occidi.
309 947 467 988 CHRYS.
517 947 680 986 Animus
710 946 785 985 iam
816 947 914 985 istoc
944 946 1047 985 dicto
1078 946 1167 997 plus
1197 945 1439 997 praesagitur
1468 944 1571 983 mali,

111 1016 249 1056 MNEs.
266 1015 378 1054 Perii.
401 1014 558 1055 CHRYs.
576 1013 674 1060 Quid
692 1013 771 1053 ita?
792 1014 930 1054 MxEs.
948 1014 1046 1060 Quia
1062 1014 1162 1065 patri
1179 1025 1296 1052 omne
1313 1025 1401 1052 cum
1418 1019 1594 1051 ramento
1612 1011 1774 1051 reddidi.
1787 1017 1844 1050 680

111 1084 269 1125 Cnms.
290 1081 531 1122 Reddidisti?
561 1082 618 1122 M.
638 1082 812 1121 Reddidi.
845 1082 888 1122 C.
912 1080 1119 1121 Omnene‘?
1149 1081 1205 1122 M.
1232 1081 1398 1133 Oppido.
1421 1080 1463 1121 C.
1483 1079 1610 1119 Occisi
1627 1091 1774 1119 sumus.

113 1151 179 1202 qui
210 1151 250 1189 in
282 1157 453 1189 mentem
486 1150 591 1189 venit
621 1149 690 1189 tibi
721 1150 821 1189 istuc
853 1150 1004 1188 facinus
1036 1150 1162 1188 facere
1193 1156 1269 1188 tam
1300 1146 1474 1187 malum?

110 1218 248 1260 Mmzs.
299 1217 529 1256 Bacchidem
561 1223 676 1268 atque
707 1217 813 1256 hunc
845 1217 1070 1268 suspicabar
1100 1224 1264 1268 propter
1295 1216 1455 1261 crimen,
1489 1215 1684 1267 Chrysale,

111 1288 164 1326 mi
193 1285 292 1325 male
323 1285 589 1324 consuluisse:
620 1285 670 1323 ob
702 1297 785 1323 eam
816 1296 899 1323 rem
931 1296 1046 1323 omne
1078 1296 1216 1323 aurum
1248 1284 1367 1322 iratus
1398 1283 1546 1322 reddidi

110 1366 198 1393 meo
231 1353 342 1405 patri.
401 1351 559 1393 Cnms.
609 1351 720 1398 Quid,
753 1351 818 1390 ubi
850 1351 1037 1391 reddebas
1067 1363 1219 1398 aurum,
1252 1351 1380 1390 dixisti
1411 1349 1540 1402 patri?
1785 1354 1841 1387 685

110 1421 248 1461 Mmzs.
264 1420 323 1459 Me
341 1419 376 1459 id
395 1432 531 1459 aurum
549 1420 744 1471 accepisse
762 1420 957 1470 extemplo
975 1419 1022 1458 ab
1039 1419 1191 1470 hospite
1208 1419 1490 1457 Archidemide.
1512 1418 1670 1458 CHRYS.
1687 1417 1774 1463 Em,

115 1489 214 1528 istoc
245 1488 348 1527 dicto
381 1487 517 1527 dedisti
548 1487 663 1526 hodie
694 1489 733 1525 in
766 1487 982 1526 cruciatum
1016 1486 1265 1538 Chrysalum

112 1568 200 1594 nam
231 1554 300 1594 tibi
330 1568 392 1594 me
422 1555 594 1607 aspiciet,
625 1555 671 1594 ad
703 1556 941 1594 carnuficem
972 1555 1098 1606 rapiet
1128 1554 1318 1594 continuo
1349 1566 1481 1593 senex.

110 1623 248 1663 Mis-Es.
265 1622 346 1674 Ego
365 1630 515 1675 patrem
531 1623 698 1662 exoravi.
720 1622 878 1663 Cam-s.
897 1622 1045 1674 Nempe
1063 1634 1156 1673 ergo
1174 1623 1248 1661 hoc
1264 1628 1307 1660 ut
1323 1622 1469 1661 faceret
1485 1620 1588 1672 quod
1604 1618 1773 1671 loquor?

110 1690 247 1731 MNES.
297 1691 419 1730 Immo
450 1691 518 1730 tibi
552 1704 601 1730 ne
634 1698 770 1730 noceat
802 1703 880 1730 neu
912 1690 1003 1741 quid
1035 1690 1085 1729 ob
1117 1702 1200 1729 eam
1232 1702 1315 1729 rem
1347 1695 1593 1737 suscenseat;
1786 1691 1842 1724 690

111 1765 227 1810 atque
258 1771 373 1811 aegre
404 1759 618 1810 impetravi.
667 1771 774 1798 nunc
804 1759 878 1798 hoc
908 1757 978 1797 tibi
1010 1758 1276 1803 curandumst,
1308 1757 1500 1809 Chrysale.

51 1849 53 1852 -
111 1824 268 1867 CHRYS.
310 1825 411 1872 Quid
435 1826 489 1866 vis
511 1825 673 1866 curem?
724 1826 861 1867 MNEs.
913 1826 961 1865 Vt
982 1826 1026 1865 ad
1049 1838 1183 1865 senem
1207 1826 1320 1865 etiam
1343 1825 1503 1864 atteram
1525 1825 1640 1864 facias
1662 1824 1772 1862 viam.

112 1905 308 1946 compara,
341 1893 532 1933 fabricare
562 1895 666 1945 finge
699 1894 802 1945 quod
833 1893 954 1939 lubet,
986 1893 1226 1944 conglutina,

110 1968 155 2000 ut
184 1973 318 2001 senem
349 1961 464 2001 hodie
494 1962 652 2001 doctum
684 1962 796 2001 docte
828 1961 935 2001 fallas
966 1973 1184 2012 aurumque
1215 1962 1378 1999 auferas.

111 2028 268 2070 CHRYS.
318 2029 388 2068 vix
418 2030 569 2069 videtur
598 2030 682 2069 fieri
714 2042 841 2081 posse.
900 2029 1037 2069 MxEs.
1088 2030 1223 2080 Perge,
1255 2041 1298 2067 ac
1331 2028 1440 2067 facile
1471 2027 1670 2067 ecfeceris.
1784 2030 1839 2061 695

225 2176 290 2209 669
313 2175 469 2210 maestos
494 2176 568 2210 tam
583 2173 647 2209 sub
666 2185 738 2209 uno
756 2179 906 2210 accentu
999 2177 1064 2209 670
1091 2174 1175 2218 quin
1192 2173 1242 2207 P:
1267 2173 1354 2218 quid
1371 2174 1401 2207 A
1493 2172 1603 2214 [mihi]
1629 2181 1775 2216 respon-

111 2229 206 2275 detis
229 2229 298 2265 ΑΡ
325 2229 420 2272 (dim.
453 2241 563 2277 anap.
598 2241 677 2265 cum
710 2230 875 2266 clausula
905 2230 1039 2273 Reiz.).·
1070 2229 1296 2275 respondetis
1332 2229 1419 2264 mihi
1449 2228 1634 2264 Acidale'us
1670 2219 1774 2273 (s'ept.

112 2285 237 2329 troo-h.)
328 2289 392 2322 671
418 2286 598 2328 [formasse
621 2307 665 2312 —
689 2287 720 2322 A
813 2290 888 2322 671.
914 2289 979 2322 672
997 2287 1138 2321 inverso
1164 2286 1291 2321 ordine
1315 2285 1350 2319 P
1440 2287 1504 2319 672
1530 2285 1614 2329 quia
1639 2287 1722 2328 (qua
1739 2283 1775 2318 B

111 2345 195 2379 ante
217 2345 341 2386 corn),
375 2352 470 2378 corr.
496 2341 733 2386 Fritzscleius,
758 2344 809 2388 cf.
836 2342 1038 2389 Seyffertus
1063 2343 1172 2377 Burs.
1198 2348 1266 2377 act.
1290 2343 1404 2384 1890,
1431 2342 1476 2376 54
1575 2341 1684 2376 nimio
1709 2340 1774 2375 mi-

110 2407 179 2434 nus
210 2398 323 2435 multo
352 2410 482 2444 parum
506 2398 556 2434 P:
582 2420 624 2425 —
648 2400 733 2445 inus
762 2400 875 2436 multo
907 2410 1013 2445 quam
1042 2409 1170 2444 parum
1194 2401 1225 2434 A
1255 2400 1306 2440 (ιή
1337 2410 1407 2444 quo
1433 2398 1504 2433 tale
1528 2398 1617 2443 quid
1637 2397 1775 2441 fuerit:

111 2453 172 2499 pol
194 2456 324 2498 minus)
415 2458 479 2490 673
504 2457 670 2502 supplevi
676 2469 691 2498 ;
714 2457 751 2491 in
768 2458 799 2492 A
817 2460 955 2491 tantum
971 2456 1104 2503 leqitur
1121 2467 1157 2499 -o
1175 2456 1223 2499 ad
1249 2466 1327 2499 eam
1344 2466 1421 2490 rem
1443 2455 1513 2490 fuit
1605 2455 1654 2499 cf.
1681 2453 1774 2488 Vah-

114 2509 213 2546 lenus
234 2510 336 2547 relat.
361 2511 464 2547 acad.
489 2511 614 2547 Berol.
638 2514 747 2557 1881,
772 2514 846 2548 349
969 2515 1032 2547 675
1059 2513 1090 2548 si
1116 2512 1170 2553 B,·
1194 2514 1224 2548 A
1241 2523 1274 2546 n.
1293 2512 1314 2546 ῖ.
1430 2513 1494 2546 676
1518 2511 1705 2546 nesciebas
1723 2508 1776 2550 P;

112 2567 144 2601 A
159 2577 193 2601 n.
210 2566 232 2602 l.
347 2570 410 2602 677
434 2568 605 2614 immeszi
629 2571 660 2605 A
752 2573 816 2605 678
841 2580 897 2605 me
921 2569 975 2610 P,·
999 2571 1031 2604 A
1047 2580 1080 2604 n.
1100 2569 1121 2604 l.
1226 2571 1290 2604 679
1316 2568 1433 2604 occidi
1459 2566 1633 2613 Chrysalo
1659 2565 1775 2607 codd„

112 2620 333 2659 Mnesilocho
358 2624 483 2660 tribuit
505 2625 632 2660 Dousa
746 2626 874 2661 animis
898 2625 970 2661 iam
993 2628 1071 2661 stoc
1097 2625 1237 2660 Nonius
1261 2626 1335 2659 476
1463 2626 1524 2658 681
1553 2622 1719 2658 redidisti
1742 2625 1776 2657 et

112 2677 230 2712 radidi
260 2683 294 2714 et
313 2680 388 2715 685
407 2681 560 2717 redebas
577 2680 629 2716 Β1
645 2682 689 2724 (A
708 2693 743 2716 n.
762 2682 796 2721 l.)
929 2680 1064 2716 Charis
1091 2682 1171 2716 209
1201 2681 1254 2716 Pl.
1285 2681 1324 2715 in
1348 2679 1607 2716 Bacchidibus:
1632 2678 1776 2714 reddidi

113 2743 240 2769 aurum
260 2745 362 2771 omne
385 2737 518 2782 oppido
610 2741 675 2773 684
699 2738 747 2773 mi
771 2737 985 2773 Lambinus:
1008 2749 1064 2773 me
1091 2737 1161 2781 CB,
1187 2748 1253 2772 om.
1278 2737 1325 2778 B,
1351 2736 1462 2781 [mibi]
1479 2738 1510 2772 A
1603 2738 1668 2770 686
1692 2736 1775 2770 hem

114 2788 186 2831 01),
209 2790 241 2825 A
256 2800 289 2824 n.
308 2790 331 2826 l.
444 2795 508 2828 687
534 2794 681 2839 dedissti
704 2794 792 2836 AP,·
807 2795 934 2841 possis
957 2795 1049 2830 istoc
1072 2793 1222 2838 (enim),
1247 2794 1296 2839 cf.
1322 2792 1418 2829 Men.
1444 2794 1523 2828 250
1623 2795 1685 2828 691
1715 2803 1774 2828 cu-

113 2844 230 2881 randu
253 2847 288 2881 st
303 2846 349 2891 B,
374 2849 555 2885 curandus
579 2853 634 2886 est
652 2849 724 2893 CD,
748 2852 779 2886 A
797 2862 830 2885 η.
856 2851 878 2886 l.
974 2854 1038 2886 695
1063 2851 1153 2886 haec
1178 2850 1307 2886 feceris
1332 2849 1377 2893 P,
1401 2851 1433 2886 A
1450 2861 1484 2884 n.
1504 2850 1526 2885 l.
