2049 3173
198 91 279 129 130
932 89 1114 125 PLAVTI
1618 94 1672 128 ng,
1690 92 1859 122 vn—XVI

197 206 328 256 (latro)
359 218 465 245 suam
499 206 564 257 qui
595 217 689 245 auro
720 206 835 244 vitani
866 205 1038 243 venditat

310 295 389 335 scio
421 295 599 346 spiritum
632 295 716 333 eius
747 294 932 332 maiorem
963 306 1047 333 esse
1077 294 1200 333 multo

312 375 427 413 quam
459 362 570 401 folles
600 362 744 401 taurini
775 360 933 405 habent,
965 373 1052 401 cum
1084 362 1307 412 liquescunt

310 432 456 481 petrae,
487 430 635 468 serrum
666 429 733 467 ubi
765 430 818 468 fit.
869 426 1036 481 <Cuiatis
1067 429 1133 468 tibi
1165 428 1335 483 visusffl)

312 497 609 536 Praenestinum
641 497 761 548 opino
793 509 888 544 esse,
921 497 972 535 ita
1004 503 1086 536 erat
1115 497 1320 547 gloriosus.

470 590 597 637 neque
626 584 712 640 <id>
743 586 843 625 haud
876 586 1065 626 subditiva
1097 586 1218 638 gloria
1251 587 1434 640 oppidum
1467 587 1648 627 arbitror.

310 710 461 762 (PVER)
512 723 561 750 ne
593 722 612 748 a
645 713 842 762 quoquam
873 711 1069 762 acciperes
1099 710 1173 749 alio
1203 711 1422 750 mercedem
1453 723 1636 758 annuam,

311 778 385 817 nisi
416 778 462 816 ab
493 780 590 826 sese,
624 790 696 817 nec
727 790 814 817 cum
849 778 1034 829 quiquam
1065 777 1219 817 limares
1250 785 1378 829 caput.

198 868 356 908 limaces
387 868 456 906 viri

607 960 676 996 cor
705 968 848 1003 meum,
880 959 969 1008 spes
1001 969 1098 1004 mea,

311 1024 387 1064 mel
417 1036 561 1073 meum,
592 1025 808 1071 suavitudo,
839 1024 963 1070 cibus,
995 1025 1192 1076 gandium.

199 1117 284 1154 sine
315 1121 353 1152 te
383 1126 507 1153 amem

469 1202 646 1254 Cupidon
680 1210 808 1242 tecum
841 1209 994 1243 saevust
1025 1215 1128 1243 anne
1159 1203 1307 1243 Amor?

314 1326 456 1366 Vlixem
489 1326 614 1365 audivi
645 1327 763 1365 fuisse
795 1327 1196 1373 aerumnosissimum,

311 1394 377 1445 qui
408 1394 522 1433 annis
551 1394 687 1445 viginti
719 1405 855 1432 errans
887 1405 907 1432 a
937 1394 1062 1445 patria
1094 1395 1208 1442 asum

311 1473 446 1501 verum
477 1462 541 1500 hic
571 1461 802 1501 adulescens
833 1461 954 1500 multo
987 1461 1132 1500 Vlixem
1166 1463 1287 1501 anteit
1321 1477 1339 1497 a<

314 1530 380 1581 qui
411 1530 500 1569 ilico
532 1535 636 1568 errat
666 1529 768 1568 intra
800 1542 934 1568 muros
965 1529 1119 1569 civicos.

606 1619 794 1671 quidquid
826 1625 883 1658 est
914 1632 1058 1659 nomen
1092 1619 1166 1659 sibi
1867 1622 1906 1655 25
1935 1615 2044 1699 21qu

289 1720 358 1756 VII
381 1719 491 1755 schol.
509 1722 595 1755 Aen.
613 1722 672 1762 12,
695 1722 717 1755 7
736 1699 835 1755 110111
854 1720 892 1755 in
915 1721 1050 1756 Bacch.
1076 1741 1119 1745 ——
1144 1721 1293 1756 militem
1317 1721 1494 1757 latronem
1519 1722 1655 1766 fficens,
1681 1733 1785 1758 suam
1809 1722 1871 1768 qui
2014 1728 2049 1809 ἕ

199 1786 289 1812 auro
313 1777 426 1812 uitam
451 1777 616 1812 uenditat
706 1777 883 1812 latronem
899 1777 1020 1823 υιιῖφο,
1038 1777 1088 1822 cf.
1104 1776 1320 1823 Spenqelius
1336 1777 1507 1823 reformo.
1520 1780 1600 1813 250
1692 1777 1780 1813 VIII
1795 1789 1870 1814 ser-
2007 1780 2049 1834 ‚fii

199 1833 293 1869 vavit
319 1838 430 1868 totum
456 1833 596 1868 omissis
620 1844 700 1868 cum
724 1836 768 1873 (υ.
787 1835 846 1873 10)
873 1853 915 1858 --
939 1833 980 1868 fit
1004 1834 1048 1878 (v.
1066 1835 1120 1875 11)
1139 1832 1325 1868 Prisciani
1347 1834 1628 1870 additamentum
1652 1836 1684 1876 1,
1703 1836 1776 1870 575
1790 1831 1869 1876 (Pl.
2006 1834 2049 1905 ξ)

198 1889 258 1925 hic
276 1889 375 1925 cuias
391 1890 499 1924 huius
517 1889 647 1925 cuiatis
661 1887 873 1925 declinauit'
894 1891 996 1925 cuius
1007 1890 1153 1935 formae
1170 1890 1374 1936 exemplum
1393 1891 1524 1926 lacuna
1541 1890 1686 1934 hausit),
1703 1901 1734 1926 v.
1752 1892 1811 1926 10.
1828 1892 1869 1926 11

198 1956 304 1991 quam
316 1966 360 1971 -—
372 1945 415 1981 fit
429 1944 542 1981 schol.
568 1945 673 1991 Verq.
687 1956 812 1992 qeorq.
827 1947 862 1988 4,
875 1947 940 1981 171
952 1945 1225 1993 (Philarqgsrins
1237 1947 1344 1989 item),
1362 1958 1392 1983 v.
1410 1948 1458 1982 12
1470 1946 1614 1983 Nonius
1626 1948 1699 1983 474
1715 1957 1743 1982 s.
1761 1947 1870 1994 opino
2020 1975 2022 1977 »
2041 1967 2043 1980 ι

202 2005 241 2037 10
266 2002 402 2042 habent
416 2002 530 2038 sclzol.
556 2001 589 2036 V
586 2013 660 2047 erq.
672 2017 682 2035 :
704 2002 863 2038 habeant
880 2001 1106 2044 Priscianus,
1124 2003 1280 2039 halitant
1295 2003 1531 2039 Hermannus
1626 2007 1662 2040 11
1688 2003 1872 2051 supplevit
2037 1988 2043 2036 i

199 2058 417 2094 Ritschelius
511 2061 551 2092 12
577 2059 685 2104 opino
713 2064 866 2094 testatur
882 2059 1042 2094 Nonius:
1066 2060 1195 2105 opinor
1212 2059 1426 2096 Priscianus
1515 2063 1615 2097 errat
1638 2060 1781 2096 Nonius
2040 2062 2044 2105 ξ

199 2115 251 2150 IX
276 2115 442 2150 Donatus
465 2115 515 2150 ad
535 2115 630 2151 And.
654 2116 687 2157 1,
710 2117 749 2157 2,
775 2116 822 2150 34
855 2118 983 2162 (neque
1013 2119 1054 2152 tu
1086 2117 1185 2152 haud
1216 2117 1331 2159 dicas)
1467 2117 1539 2161 (id)
1562 2116 1782 2154 Ritschelius
2019 2106 2045 2168 «²

197 2171 446 2217 fraqmentum
470 2170 520 2206 ad
535 2172 680 2217 prioris
702 2172 917 2207 sententiam
941 2177 1039 2208 recte
1063 2172 1206 2208 adsumi
1230 2183 1304 2208 non
1322 2179 1419 2219 puto
1515 2173 1550 2209 X
1573 2173 1717 2209 Nonius
1742 2174 1817 2209 334
1840 2184 1869 2209 s.
2040 2174 2045 2199 ’-

198 2227 326 2263 limare
418 2237 547 2263 necum
572 2238 751 2273 quoquam
776 2229 963 2274 acceperis
991 2229 1063 2265 alio
1089 2229 1221 2273 (salio),
1247 2241 1342 2265 corr.
1368 2229 1577 2271 Mercerus,·
1607 2230 1775 2276 quiquam
1798 2229 1871 2265 Lu-

199 2283 327 2318 cianus
350 2282 560 2326 Muellerus,
585 2283 637 2328 cf.
664 2283 764 2319 Pers.
785 2285 860 2319 477
879 2288 973 2326 (cum
998 2285 1167 2330 quiquam
1189 2286 1350 2332 saepius)
1462 2296 1556 2332 puer
1579 2297 1660 2321 cum
1686 2285 1871 2322 Bacchide

199 2340 338 2375 sororis
367 2339 475 2376 aedes
505 2351 683 2385 quaerens
713 2341 940 2387 impudenter
970 2342 1006 2376 in
1037 2343 1245 2377 memoriam
1276 2342 1332 2376 illi
1363 2346 1510 2377 revocat
1536 2342 1767 2378 condiciones
1789 2353 1871 2377 cum

199 2396 308 2431 milite
328 2401 460 2442 pactas
571 2396 625 2432 XI
650 2396 794 2432 Nonius
819 2398 893 2432 333
916 2408 944 2432 s.
971 2398 1097 2434 limare
1121 2398 1281 2439 (limaces
1306 2398 1388 2442 uiri,
1416 2399 1511 2443 quod
1535 2401 1698 2434 atterant
1721 2401 1758 2434 et
1783 2408 1869 2434 con-

200 2455 356 2495 sumant)
447 2463 519 2498 quo
540 2454 724 2499 pertineat
739 2454 916 2489 incertum
1008 2454 1078 2489 XII
1095 2454 1238 2490 Nouius
1253 2456 1323 2489 173
1347 2467 1376 2490 s.
1403 2455 1597 2491 suauitudo
1688 2454 1778 2490 XIII
1794 2454 1869 2490 Do-

199 2513 307 2544 natus
331 2509 380 2544 ad
403 2508 499 2544 Eun.
524 2511 560 2553 4,
583 2511 621 2553 2,
645 2511 692 2545 13
716 2512 850 2552 (amare
875 2511 897 2546 i.
916 2522 948 2556 q.
976 2510 1048 2546 frui
1073 2517 1205 2554 amore)
1326 2511 1412 2547 XIV
1435 2510 1580 2548 Nonius
1604 2512 1676 2546 421
1700 2515 1735 2547 et
1757 2510 1870 2547 schol.

198 2566 284 2601 Aen.
311 2567 346 2607 4,
370 2566 442 2601 194
474 2566 569 2602 inter
601 2566 805 2613 cupidinem
841 2572 875 2602 et
909 2578 1068 2603 amorem
1100 2568 1361 2614 disti719uentcs
1395 2568 1541 2613 (cupido
1577 2568 1872 2604 inconsideratae

198 2622 443 2666 necessitatis,
479 2633 580 2658 amor
611 2623 738 2658 iudicii
763 2623 924 2665 Nonius,
948 2624 1170 2668 intellegitur
1201 2626 1433 2660 uehementer
1455 2624 1554 2660 illam
1578 2635 1701 2660 amare
1725 2624 1784 2660 uel
1806 2624 1871 2659 im-

199 2678 380 2722 patienter
403 2678 614 2722 scholiasta)
728 2680 848 2716 saeuis
876 2679 1029 2724 Nonius,
1055 2681 1149 2717 sicut
1172 2680 1298 2723 schol„
1325 2682 1477 2717 correxi
1589 2681 1658 2716 XV
1684 2680 1872 2717 Charisius

202 2736 273 2769 201
299 2734 395 2775 (ilico
420 2746 486 2780 pro
509 2737 548 2771 in
571 2737 666 2780 loco)
805 2739 847 2772 22
871 2737 1000 2782 uiginti
1025 2738 1130 2773 annis
1158 2737 1310 2773 Botliius
1421 2740 1462 2772 23
1488 2749 1617 2774 nomen
1641 2737 1872 2773 desideratur

201 2791 295 2826 celat
317 2791 389 2826 fide
501 2795 544 2828 24
566 2792 668 2839 (hic)
690 2792 776 2829 ilico
800 2792 1020 2829 Ritsclzelius
1124 2793 1211 2830 XVI
1234 2793 1346 2830 schol.
1371 2795 1460 2830 Aen.
1484 2796 1545 2836 10,
1570 2795 1646 2829 493
1670 2791 1870 2839 (qnidquid

198 2857 265 2892 pro
291 2847 572 2894 quodcumque')
