1998 3179
136 76 204 121 ΠΒ
223 88 256 116 75
265 86 336 115 —111
354 87 377 119 1.
396 87 429 114 16
882 86 1055 121 CASINA
1712 88 1790 124 247

406 201 470 240 ibo
501 200 619 247 intro,
651 205 694 238 ut
723 199 759 238 id
792 199 895 250 quod
927 199 1024 239 alius
1055 199 1224 238 condivit
1255 212 1386 247 cocus,

406 280 479 318 ego
510 279 618 306 nunc
647 267 813 306 vicissim
844 273 888 306 ut
918 267 991 306 alio
1022 273 1135 319 pacto
1166 267 1358 315 condiam‚

408 347 486 386 quo
516 335 552 373 id
585 334 676 384 quoi
705 339 882 385 paratum
916 340 974 374 est
1002 340 1046 373 ut
1076 341 1254 386 paratum
1284 348 1335 374 ne
1365 335 1437 374 siet

405 403 532 453 sitque
563 401 598 440 ei
628 407 802 452 paratum
836 401 939 451 quod
972 408 1149 452 paratum
1180 415 1259 441 non
1295 409 1388 441 erat.
1410 426 1465 431 —

797 546 1132 587 LYSJDAMVS
1680 550 1747 589 111
1770 553 1790 589 1

136 627 250 666 Nunc
281 626 394 665 amici
424 628 527 664 anne
556 624 704 663 inimici
735 627 786 664 sis
816 625 956 676 imago,
987 625 1191 672 Alc-esime,
1803 639 1859 672 515

136 694 230 733 mihi
260 693 389 739 sciam,
421 703 528 731 nunc
558 692 754 743 specimen
787 692 972 743 specitun
1006 704 1112 730 nunc
1142 698 1339 731 certamen
1372 694 1559 733 cernitur.

137 773 206 799 cur
235 772 360 799 amem
390 772 451 798 me
481 760 682 810 castigare,
714 760 752 798 id
782 760 918 810 ponito
950 759 995 797 ad
1029 759 1318 811 compendium,

130 823 247 866 ‘cano
279 821 421 878 capite'
452 822 595 865 ‘aetate
625 820 768 865 aliena'
804 839 849 865 eo
877 826 1005 865 addito
1037 826 1083 865 ad
1115 827 1403 878 compendium,

131 890 212 933 ‘cui
242 894 291 933 sit
321 887 436 933 uxor'
471 894 507 933 id
540 906 696 944 quoque
727 894 819 933 illuc
848 894 986 945 ponito
1017 895 1062 932 ad
1094 894 1385 946 compendium.

798 994 1122 1035 ALCESIMVS

135 1074 374 1114 Miseriorem
406 1086 478 1124 ego
510 1086 555 1112 ex
586 1085 720 1112 amore
751 1086 865 1124 quam
897 1081 934 1112 [e
965 1074 1037 1113 vidi
1073 1075 1281 1113 neminem.
1806 1079 1861 1112 520

133 1142 232 1182 LYS.
283 1142 359 1180 Fac
390 1147 527 1180 vacent
557 1142 682 1180 aedes.
742 1141 844 1181 ALC.
889 1142 990 1187 Quin
1025 1141 1163 1194 edepol
1191 1154 1335 1189 servos,
1367 1141 1526 1181 ancillas
1556 1142 1671 1181 domo

134 1216 283 1248 certum
316 1216 373 1249 est
406 1208 533 1248 omnis
564 1209 717 1247 mittere
748 1210 793 1247 ad
826 1217 875 1248 le.
934 1209 1034 1249 LYs.
1085 1209 1157 1255 Oh,
1190 1210 1353 1248 nimium
1384 1209 1478 1248 scite
1509 1209 1628 1248 scitus
1660 1222 1711 1249 es.

134 1276 200 1315 sed
232 1277 347 1316 facito
380 1277 473 1316 dum
503 1277 649 1315 merula
682 1285 706 1316 ÷
738 1289 947 1328 pervorsus
978 1289 1076 1327 quos
1107 1283 1237 1316 cantat
1268 1277 1391 1316 colas:

135 1357 222 1383 cun]
256 1344 343 1383 cibo
375 1357 444 1383 suo
477 1344 620 1394 quique
652 1344 766 1383 facito
798 1351 840 1383 ut
869 1344 1040 1392 veniant,
1072 1345 1182 1395 quasi
1212 1351 1302 1383 eant
1332 1345 1518 1383 Sutrium.

133 1412 236 1452 ΑΜ).
268 1412 494 1450 Meminero.
544 1411 643 1451 LYS.
676 1411 760 1458 Em,
793 1424 900 1450 nunc
922 1412 1026 1450 enim
1047 1419 1085 1450 te
1107 1412 1262 1451 demum
1286 1412 1437 1451 nullum
1457 1412 1595 1451 scitum
1627 1413 1790 1452 scitiust.
1805 1417 1860 1448 525

135 1491 242 1526 cura,
274 1491 346 1530 ego
378 1479 423 1517 ad
455 1479 582 1517 forum
614 1478 728 1517 modo
760 1478 845 1517 ibo:
877 1479 950 1517 iam
982 1480 1045 1517 hic
1076 1491 1157 1517 ero.
1217 1479 1319 1520 Am.
1372 1479 1476 1518 Bene
1507 1480 1672 1519 ambula.

134 1547 233 1587 LYS.
262 1546 340 1585 Fac
357 1546 524 1585 habeant
541 1546 714 1597 linguam
731 1552 818 1585 tuae
834 1546 959 1586 aedes.
982 1547 1032 1586 A.
1050 1546 1148 1592 Quid
1169 1546 1245 1585 ita?
1275 1547 1322 1586 L.
1346 1547 1441 1586 Cum
1458 1547 1622 1593 veniam,
1638 1553 1791 1586 vocent.

133 1614 236 1654 ALC.
287 1615 450 1660 Attatae‚
482 1614 707 1653 caedundus
738 1616 780 1652 11'1
810 1614 926 1653 homo
959 1627 1020 1653 es:
1054 1615 1191 1654 nimias
1222 1614 1378 1654 delicias
1409 1615 1514 1654 facis.

133 1683 232 1722 LYS.
283 1681 384 1728 Quid
415 1694 477 1720 me
509 1694 636 1720 amare
667 1682 797 1728 refert,
830 1682 904 1721 nisi
935 1683 1006 1721 sim
1038 1683 1175 1722 doctus
1203 1679 1296 1735 <ac>
1326 1681 1552 1722 dicaculus?

133 1751 199 1789 sed
230 1757 270 1789 tu
302 1762 391 1789 cave
421 1749 460 1788 in
495 1749 735 1799 quaesitione
767 1750 860 1788 mihi
890 1750 954 1789 sis.
986 1774 1039 1779 —
1070 1750 1172 1791 ALC.
1205 1750 1334 1801 Vsque
1363 1751 1479 1790 adero
1511 1751 1626 1789 domi.
1658 1772 1713 1779 —
1804 1755 1860 1788 530

246 1884 308 1916 513
335 1892 405 1926 quo
431 1882 468 1915 id
501 1880 603 1915 VE2:
628 1881 724 1926 quod
747 1881 784 1916 id
814 1882 856 1922 B,
881 1882 967 1926 quid
992 1881 1040 1916 ΕΙ
1065 1885 1146 1926 (quo
1171 1882 1247 1917 scil.
1273 1886 1394 1927 pacto)
1487 1882 1571 1927 quoi
1595 1881 1794 1917 Muellerus

130 1948 229 1984 pros.
254 1937 338 1972 add.
364 1939 432 1972 32:
465 1938 560 1982 quod
665 1940 729 1972 514
755 1938 893 1982 sietque
994 1942 1057 1973 515
1085 1949 1217 1973 smms-
1237 1939 1296 1973 ΙΙ·
1326 1938 1403 1974 BV
1405 1937 1440 1972 E
1535 1938 1687 1973 amicine
1712 1939 1792 1972 Ασί-

133 1994 251 2030 dalius
273 1994 338 2039 (cf.
360 1993 455 2028 Rud.
479 1995 580 2028 1069
606 1993 640 2027 B
664 2001 698 2028 et
724 1993 797 2035 CD)
904 1997 970 2029 516
994 1994 1046 2039 cf.
1072 1994 1208 2029 Bacch.
1236 1996 1311 2029 399
1419 1997 1482 2029 517
1509 2005 1575 2031 cur
1599 2004 1712 2029 amem
1736 2004 1792 2028 me

133 2050 393 2086 Buechelerus:
419 2061 541 2085 curam
565 2051 679 2086 exime
705 2051 750 2091 B,
777 2061 865 2086 cura
888 2062 1001 2086 meme
1025 2062 1147 2086 curam
1172 2051 1286 2086 exime
1320 2051 1350 2085 V
1354 2050 1389 2085 Ε
1481 2054 1545 2086 518
1571 2062 1638 2085 om.
1672 2050 1702 2083 V

134 2107 299 2142 coaddito
318 2119 336 2143 ς
437 2110 502 2141 522
527 2108 606 2149 eho,
631 2117 724 2141 corr.
751 2107 954 2153 Seyffertus
1053 2111 1116 2142 523
1142 2108 1280 2143 merula
1304 2119 1370 2153 per
1393 2119 1520 2143 uersus
1546 2108 1641 2152 quod
1667 2107 1793 2141 Festus

133 2164 206 2198 310
230 2166 269 2205 (s.
294 2164 477 2206 Sutrium),
502 2164 615 2198 merui
639 2174 854 2208 aperuorsus
879 2174 968 2209 quos
998 2163 1120 2202 ΒΓΕ,
1149 2165 1290 2199 maeoni
1323 2175 1411 2210 aper
1435 2175 1561 2199 uersus
1586 2174 1675 2208 quos
1702 2162 1791 2197 Tur·

133 2220 213 2255 nebi
242 2219 416 2261 schedam·
451 2231 516 2265 per
539 2219 649 2264 (uer)
677 2219 936 2262 Buechelems,
968 2220 1032 2255 sed
1061 2231 1119 2255 res
1149 2232 1240 2266 quae
1272 2221 1319 2255 sit
1343 2231 1415 2255 non
1438 2221 1526 2255 sacis
1550 2223 1706 2266 apparet
1728 2219 1790 2264 (cf.

136 2274 238 2310 Truc.
260 2276 328 2310 931
336 2288 350 2315 ‚·
373 2276 409 2309 in
434 2287 584 2311 MERVLA
608 2276 720 2310 latere
742 2278 858 2322 possit
881 2288 1078 2321 mFABVLA‚
1102 2278 1196 2321 fort.
1222 2278 1260 2311 in
1285 2277 1410 2312 fabula
1433 2284 1547 2321 puer).
1589 2276 1791 2311 memineris

134 2341 255 2366 versus
280 2343 369 2376 quos
393 2335 516 2367 cantat
540 2332 652 2367 Colax
685 2332 802 2374 Valla,
827 2333 879 2377 cf.
901 2332 1062 2379 Lindsay
1090 2334 1198 2368 Class.
1217 2345 1289 2368 rev.
1308 2334 1419 2375 1892,
1443 2334 1526 2367 124.
1575 2344 1604 2367 v.
1621 2333 1694 2366 524
1718 2343 1792 2367 non

134 2387 232 2432 ipsos
251 2398 374 2423 versus
392 2388 544 2433 praebet
568 2390 683 2434 maqis
707 2399 815 2434 quam
839 2389 936 2423 senis
960 2389 1066 2424 verba
1091 2389 1140 2424 acl
1163 2390 1246 2424 illos
1271 2400 1364 2434 quae
1388 2389 1576 2423 adludunt.
1618 2388 1714 2423 colas
1739 2389 1790 2433 cf.

136 2443 238 2490 Capt.
261 2446 342 2478 222
465 2448 530 2479 524
555 2456 634 2479 cum
660 2445 738 2480 cibo
765 2456 845 2480 cum
870 2446 930 2490 qui
955 2445 1015 2490 qui
1039 2446 1154 2487 codd„
1180 2456 1258 2480 cum
1286 2457 1350 2481 suo
1377 2445 1505 2489 cuique
1531 2444 1668 2485 Festus,
1694 2455 1790 2478 corr.

133 2499 341 2542 Acidalius;
370 2500 420 2544 cf.
439 2500 684 2536 Buechelerus
707 2513 795 2536 mus.
821 2501 934 2537 Rlzen.
954 2503 1012 2541 35,
1038 2503 1116 2536 402
1128 2513 1195 2548 sq„
1222 2501 1352 2536 Eubul.
1376 2501 1454 2546 srq.
1481 2504 1535 2535 :20
1560 2500 1629 2541 A'.,-
1660 2500 1791 2545 quique

137 2556 160 2590 i.
177 2567 206 2591 e.
225 2557 383 2602 quisque,
409 2560 448 2590 ut
471 2558 622 2602 queique
645 2558 679 2592 in
707 2557 777 2592 tab.
803 2557 989 2598 Bantina,·
1012 2568 1090 2592 cum
1108 2557 1220 2593 Poen.
1241 2559 1323 2591 536.
1344 2559 1420 2591 588
1445 2568 1524 2592 cum
1549 2556 1672 2601 quiqui
1696 2567 1790 2591 com-

133 2613 256 2657 posuit
277 2611 544 2648 Scudemundus
568 2614 669 2660 apud
691 2613 888 2650 Prelmium
919 2617 1062 2659 (proqr.
1095 2616 1244 2660 Arqenl.
1276 2615 1387 2655 1887,
1412 2616 1467 2655 2),
1498 2624 1570 2647 non
1602 2617 1686 2659 apte
1709 2612 1792 2648 huic

136 2667 216 2702 loco
309 2671 372 2703 525
400 2675 496 2705 totus
511 2670 688 2710 Alcesimi,
714 2680 810 2705 corr.
829 2670 1057 2705 Camerarius
1147 2673 1188 2705 tu
1205 2671 1345 2704 demum
1363 2670 1459 2704 nullo
1486 2669 1576 2704 scito
1602 2670 1714 2704 scitus
1740 2664 1790 2711 es,

135 2733 229 2758 corr.
256 2723 380 2759 Dousa
472 2728 535 2761 527
562 2729 694 2762 uocent
715 2726 793 2761 scil.
819 2729 962 2770 uacent,
987 2727 1038 2770 cf.
1058 2727 1139 2767 521,
1167 2725 1407 2761 Buecleelerus
1423 2724 1646 2760 Fleckeiseni
1669 2727 1788 2760 annal.

137 2780 197 2821 87,
218 2780 291 2814 782
297 2793 309 2821 ;
325 2782 366 2815 ut
382 2785 516 2817 nocent
532 2782 699 2825 Botlzius,
725 2782 817 2817 idem
834 2781 870 2817 Ε
874 2783 884 2803 ¹
977 2785 1040 2817 528
1060 2785 1174 2817 attate
1266 2784 1331 2816 529
1349 2782 1477 2817 doctus
1495 2782 1602 2816 dicax
1618 2781 1725 2817 uiuus
1744 2781 1790 2824 B,

136 2836 263 2871 doctus
288 2836 388 2871 dicas
412 2839 507 2874 uiuis
540 2838 617 2881 VE,
643 2849 738 2874 corr.
765 2838 1006 2884 Kiesslinqius
1098 2841 1160 2873 530
1186 2838 1418 2883 inquisitione
1443 2838 1486 2879 (-i
1510 2837 1558 2879 Β)
