2018 3183
249 97 330 135 208
987 96 1168 132 PLAVTI
1710 97 1754 126 ΙΠ
1765 99 1792 132 5,
1811 99 1912 128 46-78

247 216 384 255 Tmo.
431 213 607 252 Votuisti.
668 212 782 251 Hm.
835 211 912 250 Cur
941 224 982 251 es
1011 223 1129 251 ausus
1161 211 1318 250 mentiri
1348 210 1468 250 mihi?

247 283 384 321 TYND.
436 280 535 326 Quia
567 291 654 318 vera
687 279 873 317 obessent
902 278 955 317 illi
987 279 1079 330 quoi
1111 290 1267 330 operam
1300 278 1460 318 dabam:

249 361 355 388 nunc
387 348 479 386 falsa
511 352 689 397 prosunt.
749 346 864 385 Hm.
915 346 964 384 At
991 345 1061 384 tibi
1093 346 1278 385 oberunt.
1337 347 1475 386 TYND.
1522 346 1740 398 Optumest.

247 421 285 454 at
315 427 426 453 erum
457 414 614 459 servavi,
647 426 762 464 quem
794 419 986 452 servatum
1018 413 1181 463 gaudeo,

249 482 311 521 cui
342 494 403 520 me
435 481 637 520 custodem
669 481 870 521 addiderat
900 493 992 520 erus
1023 482 1145 520 maior
1175 494 1298 521 meus.

248 549 315 588 sed
347 549 500 588 malene
532 549 567 587 id
601 550 745 588 factum
775 546 994 587 arbitrare?
1053 548 1168 589 HEG.
1221 549 1417 589 Pessume.

247 616 384 656 TYND.
430 617 479 655 At
508 627 579 667 ego
611 616 671 654 aio
703 622 822 663 recte,
848 616 913 667 qui
944 616 1013 655 abs
1042 622 1080 655 te
1110 629 1264 656 sorsum
1294 617 1434 657 sentio.

249 696 339 723 nam
373 684 556 735 cogitato,
587 683 619 723 si
649 684 736 735 quis
767 684 842 722 hoc
871 689 990 733 gnato
1021 690 1088 723 tuo

249 758 337 789 tuos
368 763 500 790 servos
531 752 635 799 faxit,
667 751 820 802 qualem
851 750 1014 790 haberes
1043 750 1235 802 gratiam?

249 819 503 858 emitteresne
536 832 662 858 necne
693 831 782 858 eum
813 831 964 857 servom
996 818 1145 858 manu?

249 892 403 925 essetne
434 886 535 937 apud
568 893 606 924 te
636 886 668 925 is
698 899 830 926 servos
860 885 1186 937 acceptissimus?

248 954 455 1004 responde.
514 953 630 993 Hm.
681 954 846 1005 Opinor.
905 954 1042 994 TYND.
1095 953 1172 992 Cur
1202 965 1296 1004 ergo
1326 953 1446 994 iratus
1478 952 1673 993 mihies?

248 1021 363 1060 Hm.
415 1021 512 1066 Quia
544 1021 597 1059 illi
630 1022 734 1060 fuisti
766 1033 881 1072 quam
913 1021 1008 1059 mihi
1039 1021 1201 1060 fidelior.

247 1089 385 1127 TYND.
435 1087 565 1133 Quid?
596 1095 637 1127 tu
668 1101 746 1127 una
781 1095 894 1127 nocte
924 1088 1166 1139 postulavisti
1197 1095 1236 1126 et
1266 1087 1327 1126 die

249 1168 389 1195 recens
421 1163 576 1207 captum
608 1156 822 1202 bominem,
855 1167 1051 1206 nuperum
1083 1156 1295 1203 novicium,

247 1229 283 1261 te
315 1222 528 1274 perdocere
560 1229 602 1261 ut
633 1223 771 1262 melius
801 1222 1049 1262 consulerem
1081 1222 1165 1271 tibi,

248 1302 362 1341 quam
394 1290 461 1337 illi,
493 1291 651 1341 quicum
682 1303 759 1329 una
790 1288 856 1343 (a)
886 1302 1010 1341 puero
1042 1296 1205 1329 aetatem
1237 1288 1471 1341 exegeram?

246 1357 361 1397 Hm.
414 1357 518 1408 Ergo
549 1358 597 1397 ab
629 1371 676 1397 eo
707 1359 829 1410 petito
860 1358 1022 1409 gratiam
1054 1358 1180 1397 istam.
1231 1358 1374 1405 ducite,

246 1427 312 1465 ubi
344 1426 585 1478 ponderosas
616 1438 764 1466 crassas
794 1426 919 1477 capiat
950 1425 1172 1476 compedes.

247 1494 337 1532 inde
369 1493 442 1533 ibis
473 1506 593 1545 porro
626 1494 664 1533 in
699 1494 873 1533 latomias
903 1493 1122 1544 lapidarias.

248 1561 301 1600 ibi
333 1574 451 1612 quom
485 1562 547 1600 alii
580 1567 745 1601 octonos
776 1562 921 1613 lapides
954 1561 1158 1608 effodiunt,
1193 1562 1265 1601 nisi

248 1630 443 1668 cotidiano
475 1630 708 1681 sesquiopus
739 1629 970 1675 confeceris,

249 1697 552 1749 Sescentoplago
587 1709 728 1736 nomen
763 1697 920 1736 indetur
950 1696 1032 1735 tibi.

246 1764 393 1805 AmsT.
444 1765 516 1803 l’er
547 1764 640 1804 deos
670 1772 784 1816 atque
817 1765 995 1804 homines
1025 1775 1098 1814 ego
1130 1770 1167 1802 te
1199 1764 1387 1811 obtestor,
1419 1763 1556 1814 Hegio,

249 1845 299 1871 ne
332 1840 372 1871 tu
403 1832 532 1871 istunc
562 1832 762 1871 hominem
796 1832 966 1883 perduis.
1026 1831 1141 1871 Hm.
1193 1830 1424 1879 Curabitur3

249 1911 338 1938 nam
372 1907 492 1938 noctu
525 1912 645 1938 nervo
677 1900 829 1939 vinctus
860 1900 1132 1946 custodibitur,

248 1967 440 2006 interdius
469 1967 542 2006 sub
574 1973 676 2006 terra
707 1968 852 2019 lapides
884 1968 1045 2006 eximet:

248 2034 313 2073 diu
345 2046 418 2085 ego
450 2034 555 2073 hunc
587 2035 784 2082 cruciabo,
819 2048 897 2074 non
931 2048 1010 2073 nno
1042 2035 1235 2074 absolvam
1267 2034 1341 2073 die.

246 2100 392 2141 AmST.
444 2102 656 2140 Certumne
688 2110 745 2141 est
774 2102 843 2141 tibi
875 2101 1005 2142 istuc?
1064 2102 1179 2142 Hm.
1228 2102 1322 2156 Non¹
1350 2102 1485 2142 moriri
1516 2101 1674 2141 certius.

247 2169 427 2208 abducite
459 2169 573 2208 istum
605 2175 778 2208 actutum
811 2170 857 2208 ad
889 2170 1143 2222 Hippolytum
1176 2170 1343 2217 fabrum,

247 2235 379 2276 iubete
410 2236 500 2275 huic
531 2248 680 2275 crassas
710 2239 920 2289 compedes
952 2238 1178 2289 impingicr;

247 2304 338 2343 inde
369 2309 475 2342 extra
506 2310 657 2355 portam
689 2305 733 2343 ad
765 2317 896 2344 meum
928 2305 1110 2345 libertum
1144 2305 1349 2345 Cordalum

246 2371 286 2410 in
319 2371 548 2423 lapicidinas
578 2372 692 2412 facite
723 2373 914 2411 deductus
945 2373 1037 2412 sict:

360 2530 426 2562 704
449 2528 624 2563 uotauisti
717 2531 780 2563 707
806 2529 852 2563 ad
879 2527 909 2562 V
911 2526 948 2562 E
1037 2532 1100 2562 709
1125 2527 1212 2573 (tu)
1236 2527 1415 2562 arbitrare
1432 2526 1591 2574 Pylades
1683 2531 1748 2562 710
1774 2538 1915 2564 sorsum

244 2585 296 2620 sic
439 2587 502 2619 718
527 2595 705 2630 nuperum
729 2584 914 2620 nouicium
939 2584 1081 2620 Nonius
1104 2586 1194 2619 143:
1225 2595 1402 2630 nuperum
1434 2587 1471 2619 et
1494 2584 1679 2619 nouicium
1703 2583 1916 2620 Priscianus

243 2643 276 2684 1,
304 2642 363 2682 96,
388 2652 505 2687 nuper
525 2646 530 2685 1
551 2645 589 2677 et
611 2641 818 2676 nouicimm
836 2641 882 2684 B,
904 2641 910 2686 Ι
931 2644 967 2676 et
989 2641 1168 2676 nouitium
1195 2640 1261 2675 VE
1351 2642 1415 2675 720
1440 2640 1508 2685 (a)
1525 2639 1684 2686 Pylades
1775 2643 1839 2676 721
1864 2641 1914 2676 is-

244 2701 318 2733 tam
342 2698 506 2743 gratiam,
531 2710 625 2734 corr.
651 2698 812 2744 Pylades
929 2701 993 2734 725
1019 2698 1222 2734 cotidianos
1245 2708 1284 2732 es
1309 2707 1377 2742 que
1402 2707 1494 2741 opus
1527 2697 1555 2730 V
1558 2696 1603 2739 E,
1628 2697 1831 2732 cotidianos
1855 2707 1915 2732 ses

244 2766 314 2799 que
339 2765 430 2799 opus
453 2755 484 2790 B
578 2757 642 2789 726
666 2766 795 2790 nomen
816 2755 1009 2801 proprium
1027 2754 1187 2800 intelleqi
1214 2754 1390 2799 formano
1408 2753 1562 2788 nominis
1585 2753 1691 2789 docet
1782 2756 1847 2788 728
1863 2753 1914 2789 is-

244 2813 306 2845 tuc
337 2811 394 2853 13¹,
417 2811 536 2846 istunt
568 2810 648 2846 Vlffl
781 2814 845 2845 730
870 2812 966 2847 inter
989 2811 1052 2846 diu
1085 2810 1115 2845 V
1118 2810 1154 2846 Ε
1280 2813 1340 2844 731
1370 2820 1434 2854 ego
1459 2811 1557 2845 hunc
1574 2821 1610 2846 ς.·
1633 2811 1731 2845 hunc
1756 2819 1822 2855 ego

246 2869 308 2901 733
335 2867 536 2912 yppolitum
630 2870 694 2902 736
720 2867 888 2903 diductus

1923 288 1980 320 705

1926 625 1981 657 710

1923 963 1981 996 715

1925 1639 1982 1672 725

1927 1966 1982 1999 730
