2018 3183
240 88 320 125 212
976 85 1157 121 PLAVTI
1698 87 1743 114 Ν
1754 88 1780 120 2,
1800 88 1901 116 41—66

238 215 327 242 eum
359 214 431 253 ego
462 201 494 240 si
524 200 563 238 in
596 200 652 238 via
683 205 889 251 petronem
928 199 1080 251 publica
1112 212 1370 251 conspexero,

239 277 276 310 et
306 277 513 321 petronem
546 274 584 306 et
614 267 815 306 dominum
848 268 1003 306 reddam
1035 268 1220 307 mortales
1251 268 1515 307 miserrumos.

239 339 356 378 Hm.
403 336 599 386 Eugepae,
631 335 845 375 edictiones
877 335 1069 374 aedilicias
1101 336 1163 374 hic
1195 336 1351 386 quidem
1384 335 1510 382 habet,

238 406 459 454 mii-umque
490 403 623 441 adeost
655 402 695 440 ui
726 403 832 441 hunc
864 404 992 442 secere
1023 403 1095 442 sibi
1127 403 1250 442 Aetoli
1282 415 1576 454 agoranomum.

239 474 346 512 EBG.
397 471 484 510 Non
517 482 589 521 ego
622 482 728 508 nunc
759 471 951 522 parasitus
983 484 1082 518 sum,
1114 471 1179 510 sed
1213 483 1347 521 regum
1380 483 1447 509 rex
1478 471 1658 523 regalior,
1915 479 1971 512 825

239 547 371 579 tantus
401 539 527 577 ventri
559 544 799 578 commeatus
831 552 917 577 meo
950 539 1056 578 adest
1087 539 1124 577 in
1157 546 1273 590 portu
1305 538 1427 577 cibus,

239 608 305 648 sod
339 619 410 658 ego
441 618 550 645 cesso
582 606 688 644 hunc
720 606 936 657 Hegionem
969 619 1133 645 onerare
1164 607 1305 645 laetitia
1337 619 1483 654 senem,

240 677 318 726 quo
349 673 508 713 homine
539 671 788 727 <hominum>
819 674 992 725 adaeque
1025 687 1141 713 nemo
1172 674 1261 713 vivit
1293 672 1558 713 fortunatior?

240 743 355 783 HEG.
407 744 514 788 Quae
546 741 654 780 illaec
686 747 743 780 cst
773 742 927 789 laetitia,
960 754 1073 793 quam
1107 743 1183 781 illic
1214 742 1337 781 laetus
1368 742 1532 792 largitur
1563 739 1683 780 mihi?

240 812 347 850 ERG.
398 810 505 849 Heus
535 808 601 848 ubi
633 807 751 848 estis?
782 810 915 860 ecquis
944 809 1031 864 <hic
1063 808 1148 849 est?
1180 807 1336 863 ecquis>
1366 810 1441 848 hoc
1472 810 1597 861 aperit
1628 808 1797 848 ostium?
1918 815 1976 848 830

240 879 296 918 Η.
328 878 398 916 Hic
423 878 540 916 homo
563 877 607 915 ad
632 889 766 915 cenam
791 878 931 929 recipit
951 890 991 917 se
1023 877 1069 916 ad
1101 891 1174 917 me.
1225 879 1272 917 E.
1310 868 1467 928 Aperite
1500 878 1614 917 hasce
1647 877 1779 917 ambas
1802 879 1906 917 sores

240 946 350 998 prius
381 957 495 996 quam
528 944 716 996 pultando
749 945 945 985 assulatim
979 944 1128 984 foribus
1160 946 1320 984 exitium
1353 945 1500 984 adl'cro.

241 1081 296 1120 H.
330 1080 513 1119 Perlubct
530 1080 634 1118 liunc
656 1079 856 1117 hominem
879 1079 1062 1129 colloqui.
1153 1079 1341 1130 Ergasile.
1374 1079 1421 1119 E.
1445 1079 1663 1130 Ergasilum
1687 1081 1753 1131 qui
1772 1079 1907 1119 vocat?

242 1149 357 1187 HEG.
380 1148 557 1199 Respice.
602 1147 711 1186 ΕΚΘ.
740 1146 913 1185 Fortuna
937 1147 1039 1197 quod
1063 1146 1131 1185 tibi
1249 1159 1323 1186 nec
1344 1147 1434 1186 facit
1459 1159 1531 1186 nec
1554 1148 1678 1195 saciet,
1701 1160 1761 1186 me
1783 1147 1907 1188 iubes.

298 1215 365 1255 sed
397 1215 483 1265 quis
515 1213 601 1253 est?
661 1215 775 1254 Hm.
827 1215 991 1266 Respice
1023 1216 1068 1254 ad
1101 1227 1175 1261 me,
1207 1214 1330 1266 Hegio
1362 1227 1462 1254 sum.
1521 1215 1629 1255 EnG.
1675 1199 1734 1255 611
1766 1216 1872 1263 mihi,
1921 1221 1978 1254 835

299 1286 490 1334 quantum
521 1290 579 1322 est
609 1283 814 1321 hominum
846 1286 1098 1333 Optumorum
1132 1287 1307 1334 optume,
1341 1283 1379 1322 in
1496 1285 1674 1334 tempore
1705 1284 1873 1323 advenis.

242 1352 357 1391 ΗΕΘ.
404 1351 541 1390 Nescio
574 1362 689 1401 quem
721 1351 765 1388 ad
798 1357 956 1401 portum
990 1353 1127 1390 nactus
1159 1363 1199 1390 es
1230 1351 1298 1389 ubi
1330 1352 1459 1398 cenes,
1493 1363 1538 1390 eo
1570 1351 1731 1391 fastidis.

242 1488 289 1527 E.
321 1485 424 1526 Cedo
445 1498 617 1525 manum.
664 1485 719 1526 H.
750 1483 937 1524 Manum?
981 1485 1029 1525 E.
1061 1485 1230 1532 Manum,
1264 1485 1438 1536 inquam,
1471 1485 1566 1524 cedo
1588 1493 1692 1525 tuam
1721 1494 1909 1526 actutum.

1408 1553 1523 1593 Hm.
1575 1554 1695 1593 Tene.

243 1624 291 1663 E.
314 1621 457 1662 Gaude.
498 1616 553 1661 H.
585 1620 686 1666 Quid
709 1633 782 1672 ego
803 1619 1022 1672 gaudeam?
1061 1621 1108 1661 E.
1141 1621 1239 1666 Quia
1261 1632 1334 1671 ego
1356 1621 1519 1672 impero,
1543 1634 1612 1673 age
1634 1622 1758 1673 gaude
1782 1622 1910 1661 modo.

243 1691 358 1730 ΗΕΘ.
410 1689 481 1728 Pol
511 1701 709 1728 maerores
740 1689 791 1727 mi
823 1695 1077 1728 antevortunt
1105 1689 1266 1740 gaudiis.
1326 1689 1434 1729 ERG.
1483 1685 1585 1743 [Noli
1616 1687 1787 1744 irascier]
1923 1695 1981 1728 840

245 1759 319 1797 iam
352 1770 423 1809 ego
456 1770 501 1796 ex
534 1768 701 1808 corpore
733 1757 882 1807 exigam
915 1757 1042 1795 omnis
1075 1757 1242 1796 maculas
1273 1768 1494 1795 maerorum
1526 1757 1608 1795 tibi.
1680 1798 1692 1805 ,

245 1826 369 1877 gaude
399 1826 595 1864 audacter.
654 1824 770 1864 Hm.
821 1824 993 1871 Gaudeo,
1026 1825 1096 1863 etsi
1131 1824 1183 1863 nil
1214 1824 1294 1863 scio
1326 1824 1430 1875 quod
1462 1825 1663 1876 gaudeam.

244 1894 352 1933 EBG.
384 1893 490 1932 Bene
512 1893 618 1931 sacis.
658 1892 748 1931 iube
780 1915 834 1920 —
862 1892 978 1931 Hm.
1010 1892 1109 1938 Quid
1134 1889 1320 1930 iubeam?
1359 1892 1408 1931 E.
1437 1892 1572 1943 Ignem
1594 1892 1794 1944 ingentem
1817 1892 1913 1931 fieri.

245 1961 300 2001 H.
332 1961 467 2012 Ignem
490 1958 719 2011 ingentem?
761 1960 808 1999 E.
840 1959 895 1998 Ita
926 1960 1025 2006 dico,
1055 1971 1222 2010 magnus
1243 1965 1286 1997 ut
1307 1959 1367 1998 sit.
1408 1959 1464 1998 H.
1496 1958 1627 2005 Quid?
1656 1972 1730 2007 me,
1761 1960 1913 2008 volturi‚

245 2035 338 2068 tuan
371 2040 486 2067 causa
517 2028 621 2066 aedis
652 2028 906 2066 incensurum
939 2026 1105 2066 censes?
1165 2028 1273 2067 EBG.
1324 2027 1410 2066 Noli
1441 2027 1611 2067 irascier.
1926 2032 1982 2065 845

247 2097 363 2136 iuben
397 2109 445 2135 an
478 2109 557 2134 non
592 2095 703 2134 iubes
734 2096 862 2134 astitui
895 2096 1014 2142 aulas,
1047 2096 1198 2147 patinas
1229 2095 1318 2142 elui,

361 2231 421 2264 821
450 2239 531 2263 eum
555 2239 627 2263 non
645 2228 841 2273 qenetivus.
867 2228 1019 2263 ridIculc
1036 2227 1210 2274 apoclosis
1231 2228 1281 2262 acl
1300 2232 1486 2275 petronem
1511 2227 1678 2273 deflectit,
1703 2228 1830 2263 deinde
1854 2227 1915 2262 do-

246 2287 380 2321 minum
405 2286 533 2331 repetit
557 2289 598 2319 ut
625 2285 702 2318 809
715 2295 767 2329 sq.
874 2287 937 2319 823
964 2284 1141 2319 editiones
1176 2283 1242 2318 ΓΕ
1339 2287 1404 2319 824
1429 2283 1594 2319 fecerunt
1626 2282 1696 2318 VE'
1796 2283 1917 2319 Aetoli

247 2343 316 2379 sibi
335 2341 484 2378 Gaietus
576 2343 641 2376 826
666 2341 768 2375 cibus
792 2341 993 2386 qenetivum
1020 2351 1096 2376 esse
1120 2340 1207 2375 dicit
1231 2339 1445 2375 Priscianus
1466 2342 1499 2382 1,
1523 2341 1602 2375 258
1693 2341 1758 2374 828
1783 2350 1852 2384 quo
1878 2351 1915 2376 5:

248 2399 309 2444 qui
446 2398 589 2433 homine
614 2397 797 2433 hominum
824 2397 1070 2432 Camerarius:
1095 2396 1275 2432 hominem
1310 2396 1340 2431 V
1342 2396 1379 2431 E
1399 2396 1475 2439 (sed
1497 2407 1553 2432 em
1578 2397 1614 2431 in
1639 2407 1711 2431 ras.
1738 2395 1775 2431 E
1796 2407 1840 2431 m.
1867 2397 1915 2439 3),

246 2456 390 2492 homine
416 2455 450 2490 B
543 2456 608 2489 829
632 2454 695 2489 illa
718 2454 809 2489 haec
841 2453 909 2488 VE
1010 2456 1074 2488 830
1102 2454 1286 2499 supplevit
1310 2452 1468 2488 Boakias
1567 2454 1637 2488 hoc
1664 2452 1733 2487 B2:
1757 2453 1824 2486 hu
1854 2452 1916 2494 B1,

247 2514 338 2548 haec
371 2511 413 2554 V,
439 2522 507 2547 om.
535 2510 569 2545 E
675 2512 740 2545 832
765 2509 942 2554 pulsando
968 2509 1111 2544 Nonius
1140 2511 1185 2543 72
1289 2509 1476 2544 assulatim
1500 2512 1652 2543 testatur
1675 2507 1833 2543 Nonius:
1857 2508 1917 2544 uel

248 2568 450 2604 assultatim
477 2568 523 2610 B,
546 2567 605 2602 uel
629 2566 839 2602 absultatim
863 2566 921 2601 uel
947 2566 1151 2602 assultatim
1184 2564 1253 2600 VE
1386 2565 1531 2600 adfero:
1563 2565 1657 2600 dabo
1683 2563 1826 2599 Nonius

250 2628 313 2660 833
339 2625 507 2670 periubet
540 2623 570 2658 V
573 2623 609 2658 E
720 2623 938 2667 hergasilum
963 2622 998 2657 B
1120 2624 1184 2657 834
1209 2622 1299 2657 facit
1323 2621 1429 2656 EB2:
1454 2621 1555 2656 saon
1585 2621 1647 2663 5¹,
1672 2620 1763 2656 facis
1797 2619 1829 2655 V

249 2693 304 2716 me
323 2682 497 2716 Brixius:
521 2682 591 2715 hoc
608 2690 665 2715 me
758 2682 821 2715 835
846 2688 901 2724 sq.
919 2679 1031 2725 disp„-
1056 2679 1119 2714 sed
1135 2698 1176 2704 —
1191 2681 1246 2714 est
1264 2680 1268 2721 1
1289 2677 1472 2713 hominum
1485 2697 1529 2703 —
1542 2676 1693 2713 aduenis
1785 2676 1865 2721 quis
1882 2687 1918 2713 5:

250 2738 310 2783 qui
325 2737 370 2780 B,
387 2737 474 2782 quid
494 2737 562 2772 VE
652 2739 717 2772 836
734 2736 898 2772 clausula
916 2735 1100 2771 trochaica
1191 2735 1241 2780 cf.
1259 2734 1387 2781 Amph.
1409 2735 1460 2770 37
1465 2736 1485 2769 7
1573 2736 1637 2770 838
1663 2733 1770 2770 credo
1794 2743 1915 2768 manu.

250 2794 294 2828 H.
319 2805 428 2830 manu
462 2793 529 2829 VE
652 2796 717 2829 839
741 2793 892 2838 imperio
919 2791 988 2828 VE
1112 2795 1175 2828 840
1201 2792 1253 2838 cf.
1274 2793 1350 2827 845
1371 2791 1584 2834 (AcIcIalius)
1708 2793 1774 2825 844
1797 2789 1918 2826 uoluri

261 2850 329 2886 VE
419 2855 482 2887 845
507 2851 608 2887 aedis
635 2849 828 2886 Gruterus:
851 2861 907 2885 me
931 2849 1032 2885 aedis
