2018 3183
199 82 250 119 47
256 83 280 119 2
932 84 1114 120 PLAVTI
1670 87 1700 115 v
1716 89 1744 123 2,
1757 90 1860 119 49-69

197 198 303 238 Ev‘r.
345 198 459 237 Potin
481 203 524 237 ut
544 198 676 236 animo
697 197 750 236 sis
776 197 1017 249 tranquillo?
1066 199 1203 240 CHAR.
1245 199 1347 245 Quid
1367 200 1399 241 si
1420 201 1473 240 mi
1495 202 1649 242 animus
1669 203 1928 247 fluctuat?890

196 265 301 305 Ev'r.
351 265 434 316 Ego
465 265 583 304 istum
614 265 653 303 in
687 266 897 316 tranquillo
930 267 1062 317 quieto
1094 273 1178 306 tuto
1208 268 1361 310 sistam:
1394 280 1444 308 ne
1474 269 1579 309 time.

196 333 333 373 Cam.
384 332 557 371 Obsecro
587 338 638 378 te,
669 332 830 383 loquere
859 331 1077 388 (propere)
1107 334 1174 374 ubi
1205 336 1266 383 sit,
1298 335 1366 375 ubi
1396 348 1479 376 eam
1510 337 1663 377 videris.

198 399 289 450 quid
321 397 456 439 taces?
487 399 561 438 dic.
593 400 725 440 enicas
754 412 817 440 me
847 401 1032 441 miserum
1066 409 1129 441 tua
1162 403 1378 443 reticentia.

195 467 300 507 EvT.
349 467 436 506 Non
468 467 585 519 longe
621 468 713 507 hinc
751 467 860 508 abest
888 480 909 507 a
939 468 1066 509 nobis.
1126 469 1263 511 CHAR.
1313 471 1417 517 Quin
1459 484 1551 523 ergo
1591 480 1859 522 commostras‚

1349 538 1380 578 si
1410 537 1543 579 vides?
1563 548 1589 581 -1-

194 602 299 643 EVT.
331 602 416 642 Non
435 602 547 642 video
564 603 696 643 hercle
714 616 834 651 nunc,
851 604 916 643 sed
934 604 1009 643 vidi
1026 605 1156 644 modo.
1198 605 1334 646 CHAR.
1358 605 1461 652 Quin
1481 609 1553 658 ego
1570 607 1718 648 videam
1737 608 1927 653 sacis?895

193 669 298 708 Evr.
330 669 496 709 Faciam.
539 670 675 711 CHAR.
706 671 888 723 Longum
909 672 1009 712 istuc
1027 673 1218 713 amantist.
1258 674 1364 714 Ev'r.
1395 673 1521 713 Etiam
1538 674 1708 716 metuis?
1730 677 1860 716 omnia

195 737 527 777 commonstrabo.
587 738 750 777 amicior
780 739 873 778 mihi
905 740 1037 780 nullus
1066 741 1158 780 vivit
1187 748 1304 793 atque
1335 742 1368 781 is
1399 748 1458 781 est

194 805 260 856 qui
293 805 394 844 illam
426 805 555 852 habet,
588 818 717 857 neque
748 813 806 846 est
836 807 930 858 quoi
961 809 1083 859 magis
1114 821 1176 847 me
1208 810 1304 848 velle
1333 810 1473 849 melius
1502 813 1667 861 aequom
1698 810 1784 850 siet.

192 871 329 913 CHAR.
379 872 468 912 Non
491 885 586 912 curo
609 873 752 922 istunc,
775 874 822 913 de
844 875 906 914 illa
930 887 1087 926 quaero.
1138 875 1243 917 Eva«.
1295 877 1350 916 De
1373 877 1436 916 illa
1458 889 1551 928 ergo
1573 889 1646 928 ego
1668 878 1754 918 dico
1776 877 1859 918 tibi.

191 952 285 979 sane
318 940 392 979 hoc
423 953 503 980 non
536 941 576 980 in
608 948 781 981 mentem
812 942 920 981 venit
950 943 1110 989 dudum,
1142 950 1186 982 ut
1215 944 1282 983 ubi
1312 942 1386 998 (sit
1415 943 1620 996 dicerem).
1869 952 1927 985 900

191 1007 328 1048 CHAR.
351 1008 420 1047 Dic
437 1009 568 1059 igitur,
587 1008 653 1047 ubi
671 1009 732 1048 illa
750 1008 836 1048 est?
867 1010 971 1050 EvT.
993 1010 1037 1049 ln
1051 1011 1196 1051 nostris
1206 1011 1378 1052 aedibus.
1410 1011 1548 1053 CHAR.
1569 1012 1685 1053 Aedis
1700 1013 1858 1065 probas,

190 1076 222 1115 si
252 1082 295 1115 tu
324 1088 413 1115 vera
446 1076 562 1124 dicis;
594 1077 757 1128 pulchre
789 1077 1008 1118 aedificatas
1038 1079 1198 1118 arbitro.

191 1145 258 1184 sed
290 1145 358 1196 qui
389 1156 461 1195 ego
492 1145 592 1184 istuc
624 1144 810 1184 credam?
841 1146 995 1186 vidistin
1029 1160 1076 1186 an
1110 1147 1158 1187 de
1189 1147 1320 1187 audito
1353 1147 1544 1188 nuntias?

189 1211 238 1252 E.
289 1211 455 1264 Egomet
475 1213 563 1252 vidi.
615 1213 693 1254 Cn.
725 1214 822 1260 Quis
844 1227 929 1254 eam
953 1215 1111 1255 adduxit
1140 1217 1185 1255 ad
1207 1215 1305 1256 vos?
1364 1216 1412 1257 E.
1442 1214 1539 1271 (Vt)
1569 1217 1706 1268 inique
1727 1229 1857 1270 rogas.

190 1279 283 1330 quid
314 1287 378 1319 tua
410 1282 545 1329 refert,
577 1282 643 1332 qui
675 1294 763 1321 cum
796 1282 891 1322 istac
921 1282 1100 1323 venerit?
1160 1283 1297 1324 Cam.
1348 1284 1448 1323 Dum
1480 1285 1568 1324 istic
1599 1285 1684 1325 siet.
1868 1290 1927 1323 906

188 1359 277 1387 vera
308 1347 430 1388 dicis?
488 1349 593 1390 EVT.
645 1350 717 1397 Nil,
750 1350 931 1399 Charine,
962 1357 1000 1391 te
1032 1351 1188 1403 quidem
1220 1353 1433 1404 quicquam
1463 1353 1605 1404 pudet3
1869 1358 1927 1391 905

190 1423 248 1454 est
279 1417 469 1468 profecto.
530 1417 667 1458 CHAR.
719 1419 819 1470 Opta
852 1432 945 1472 ergo
977 1420 1026 1459 ob
1058 1421 1189 1460 istunc
1221 1421 1406 1460 nuntium
1438 1421 1530 1472 quid
1560 1421 1616 1461 vis
1645 1421 1729 1461 tibi.

188 1483 293 1524 Evrr.
344 1484 445 1531 Quid
475 1486 506 1525 si
539 1485 714 1538 optabo?
773 1487 910 1528 CHAR.
961 1489 1064 1528 Deos
1095 1496 1204 1529 orato
1235 1495 1279 1529 ut
1310 1489 1394 1529 eius
1424 1489 1569 1529 faciant
1599 1490 1763 1542 copiam.

188 1551 293 1593 ΕΠ.
343 1553 516 1594 Derides.
576 1554 713 1595 CHAR.
764 1556 921 1595 Servata
951 1569 1014 1596 res
1046 1563 1103 1597 est
1134 1557 1305 1604 demum,
1337 1557 1369 1597 si
1400 1557 1503 1596 illam
1534 1557 1679 1597 videro.

188 1620 255 1659 sed
289 1621 383 1671 quin
417 1628 599 1662 ornatum
631 1624 737 1663 hunc
768 1623 920 1663 reicio?
952 1625 1060 1673 heus,
1092 1625 1230 1676 aliquis
1261 1632 1433 1664 actutum
1467 1626 1542 1665 hnc
1573 1626 1677 1665 foras
1868 1628 1926 1661 910

304 1721 367 1754 890
393 1721 624 1765 tranquillam
651 1725 682 1758 B
703 1728 785 1758 ante
815 1734 930 1766 corr„
957 1723 1017 1759 CD
1133 1725 1205 1760 sint
1235 1725 1391 1760 antimus
1422 1724 1574 1765 (animus
1600 1723 1634 1759 D
1665 1735 1715 1760 ex
1739 1730 1856 1770 corn),

188 1784 282 1810 corr.
302 1775 548 1812 Bueelzelerus
639 1777 818 1814 fluctuant
935 1782 994 1814 891
1023 1780 1061 1814 in
1085 1781 1311 1825 transquieto
1347 1782 1426 1815 tuto
1460 1780 1586 1816 sistam
1612 1780 1693 1823 CD,
1716 1782 1856 1818 intran-

188 1831 312 1876 quietu
337 1832 485 1868 osistam
510 1836 550 1874 B,
576 1845 670 1869 corr.
696 1835 900 1881 Seyffertus
995 1838 1059 1871 892
1083 1837 1283 1882 (propere)
1307 1836 1537 1878 Bitschellus‚
1561 1836 1654 1872 idem
1678 1838 1858 1884 eloquere,

188 1888 238 1932 cf.
255 1889 330 1923 198
422 1891 487 1924 893
511 1890 684 1934 recentia,
709 1902 806 1927 corr.
833 1892 978 1928 Merula
1072 1896 1138 1928 894
1162 1893 1247 1937 quin
1272 1892 1351 1928 (ΣΙ).-
1376 1903 1457 1927 cum
1475 1895 1509 1929 B
1586 1893 1618 1928 si
1644 1895 1791 1931 Guietus
1814 1897 1858 1939 (si

187 1946 228 1979 tu
254 1948 303 1987 ς);
329 1948 384 1981 set
408 1948 449 1980 ut
541 1957 563 1981 a
587 1947 691 1982 nobis
716 1947 783 1983 clel.
814 1949 1060 1989 Camerarius,
1085 1959 1168 1993 ergo
1197 1949 1366 1991 Guietus;
1389 1949 1439 1994 cf.
1465 1949 1588 1984 Herm.
1613 1951 1672 1991 18,
1692 1952 1768 1986 586

188 2002 253 2036 895
272 2001 335 2036 sed
352 2001 429 2036 uidi
448 2014 483 2038 ς;
502 2002 628 2038 siuidit
645 2006 685 2044 B,
705 2004 752 2040 sit
768 2005 878 2040 uidim
900 2004 960 2040 CI)
1051 2006 1136 2050 quin
1154 2018 1190 2042 ς.·
1215 2016 1318 2051 quem
1389 2006 1496 2041 uideo
1513 2005 1590 2048 BC,
1605 2007 1715 2043 uidea
1730 2007 1766 2043 D

187 2057 273 2102 quin
288 2068 344 2093 me
361 2060 402 2093 ut
418 2069 451 2092 u.
472 2058 523 2094 ff?
551 2058 754 2095 lsienieze'us
779 2066 813 2097 et
842 2062 1042 2107 Vssz’nqz'us.
1070 2061 1119 2096 ad
1138 2061 1267 2107 Amplz.
1286 2062 1364 2096 442
1480 2065 1544 2098 896
1561 2062 1757 2099 faciamlon
1774 2075 1856 2100 cum

186 2115 307 2150 istunc
317 2125 395 2150 cum
406 2116 525 2161 spallo
537 2121 621 2151 ante
631 2127 723 2161 cum,
733 2128 823 2152 corr.
834 2118 975 2154 Pareus
1036 2118 1191 2154 emutuis
1203 2118 1273 2162 CD,
1283 2118 1408 2154 muttis
1420 2118 1636 2154 Ribbeclcius
1698 2123 1761 2156 897
1772 2131 1856 2157 con-

185 2171 415 2207 monstrabor
441 2171 511 2212 CD,
539 2172 625 2207 Cha.
654 2184 734 2208 cum
758 2176 986 2211 monstrabor
1015 2178 1044 2211 B
1134 2177 1199 2210 898
1224 2175 1307 2220 quoi
1328 2174 1437 2209 Pius:
1461 2175 1522 2220 qui
1540 2174 1613 2218 CD,
1638 2186 1718 2211 cum
1735 2179 1769 2213 B

185 2238 242 2263 me
265 2228 359 2263 uelle
383 2239 439 2263 me
462 2228 589 2264 melius
606 2228 723 2271 codd„
745 2240 801 2264 me
825 2231 952 2266 melius
978 2231 1072 2266 uelle
1098 2231 1246 2266 Guietus
1315 2231 1410 2266 sient
1501 2233 1566 2266 899
1590 2243 1664 2268 non
1687 2235 1796 2274 (nunc
1812 2235 1855 2276 Β)

187 2294 311 2320 curam
335 2285 380 2320 de
403 2286 498 2320 istuc
530 2285 605 2320 ulla
636 2287 725 2326 (-am
753 2285 844 2327 CB),
877 2297 970 2320 corr.
999 2287 1214 2323 Bitsclzelius
1329 2290 1393 2322 900
1418 2289 1460 2322 ut
1489 2287 1556 2322 tibi
1582 2287 1628 2329 B,
1653 2291 1694 2324 ut
1718 2288 1763 2324 ob
1783 2287 1855 2331 CD,

184 2341 353 2388 supplevi
357 2355 372 2383 ,·
388 2340 513 2377 ludere
519 2342 647 2388 perqit
658 2341 792 2387 qaude'o
806 2343 935 2384 elatus,
947 2343 1082 2378 scilicet
1089 2344 1248 2390 primum
1263 2343 1451 2378 dicendum
1461 2344 1591 2388 fuerat
1602 2344 1666 2379 ubi
1674 2347 1766 2380 esset

187 2401 248 2433 901
276 2398 446 2433 aedibust
473 2398 639 2440 Botlzz'us,
672 2399 723 2442 cf.
750 2398 800 2433 acl
830 2398 960 2445 Amph.
992 2401 1057 2434 719
1173 2403 1237 2434 902
1263 2400 1414 2435 arbitrio
1438 2399 1501 2442 D1,
1532 2399 1691 2435 arbitror
1714 2400 1765 2435 D²

185 2455 234 2499 cf.
263 2454 334 2490 Cic.
360 2455 404 2491 cle
429 2454 493 2500 off.
521 2455 556 2496 3,
583 2457 631 2490 55
654 2454 806 2497 (Βοιιεα)
899 2459 964 2491 903
989 2456 1098 2500 quid,
1129 2467 1224 2491 corr.
1251 2455 1411 2503 Pylades
1502 2456 1646 2492 uidistis
1737 2467 1785 2491 an
1808 2457 1854 2493 de

188 2510 436 2546 Camerarius:
459 2514 545 2547 ante
634 2511 768 2547 inotias
862 2514 928 2546 904
945 2522 1085 2555 egomes
1105 2512 1181 2547 CD’
1275 2512 1322 2547 ad
1345 2522 1413 2546 om.
1434 2510 1494 2547 CD
1586 2512 1665 2556 (ut)
1690 2512 1853 2549 Bueche-

186 2567 284 2602 lerus
376 2571 441 2603 905
452 2574 542 2614 post
559 2570 625 2603 906
635 2568 750 2614 posui
767 2567 967 2609 (Ace'dalius
976 2575 1067 2615 pose
1086 2570 1171 2609 936,
1192 2568 1346 2604 Botlzius
1358 2574 1443 2614 post
1460 2569 1543 2610 912)
1608 2569 1695 2604 Cha.
1711 2580 1851 2615 praem.

186 2623 222 2658 B
315 2624 438 2660 carine
463 2624 498 2659 B
592 2627 656 2659 906
681 2628 745 2660 tua
762 2637 800 2661 ς.·
825 2624 898 2659 ima
917 2623 988 2666 CD,
1014 2635 1094 2660 ama
1116 2625 1171 2666 B,·
1194 2625 1232 2659 id
1257 2628 1321 2659 tua
1337 2623 1537 2660 Muellerus
1630 2625 1745 2661 Cm.
1767 2625 1852 2661 add.

188 2679 417 2716 Camerarius
508 2681 604 2716 istuc
630 2681 687 2725 sit,
712 2691 807 2716 corr.
833 2680 1022 2715 Acidalius
1130 2685 1192 2716 907
1221 2682 1286 2717 Cn.
1306 2691 1449 2726 praem.
1477 2680 1512 2715 B
1534 2692 1716 2728 personas
1730 2692 1805 2728 per
1829 2682 1854 2717 3

185 2747 309 2772 versus
326 2741 545 2783 permutans
568 2736 660 2779 (CI)¹
684 2737 768 2772 inde
792 2749 814 2772 a
839 2749 868 2773 v.
890 2738 965 2772 864
983 2748 1227 2784 personarum
1257 2742 1364 2772 notas
1388 2748 1530 2784 ponere
1553 2737 1762 2784 neqlequnt)

183 2792 280 2828 istuc
373 2796 438 2828 908
464 2793 512 2828 sit
538 2792 598 2829 CI)
691 2794 806 2829 faciat
829 2795 936 2839 copia
1027 2797 1092 2830 909
1118 2793 1253 2829 deridis
1343 2793 1407 2828 illa
1437 2794 1566 2829 uideor
1657 2797 1723 2829 910
1747 2794 1851 2839 quin:

184 2858 266 2884 cum
291 2849 337 2891 B,
362 2850 445 2885 item
474 2851 551 2885 915.
580 2851 654 2885 942
746 2850 875 2895 aliquis
901 2849 1079 2894 Pylades:
1103 2850 1233 2895 aliquis
1258 2853 1313 2885 est
1404 2852 1501 2885 hunc
