2003 3188
233 106 285 144 18
961 101 1143 137 PLAVTI
1678 99 1732 133 11,
1751 99 1888 128 187—218

228 221 367 260 MERC.
399 220 590 259 Servosne
610 216 695 272 (es)
712 230 759 256 an
783 215 908 256 liber?
946 217 1034 256 Sos.
1067 215 1284 266 Vtcumque
1303 214 1433 253 animo
1455 213 1686 253 conlibitum
1707 219 1766 252 est
1783 225 1886 252 meo.

228 289 367 329 Mane.
402 287 475 326 Ain
497 285 617 325 vero?
667 285 755 326 Sos.
794 285 865 323 Aio
887 284 989 322 enim
1012 295 1115 321 vero.
1164 282 1221 322 M.
1252 281 1438 320 Verbero.
1496 281 1537 322 S.
1567 281 1743 321 Mentiris
1765 293 1885 320 nunc.

228 356 366 395 Mmc.
415 356 463 393 At
497 354 570 393 iam
602 353 735 391 faciam
757 358 800 390 ut
820 363 953 390 verum
985 351 1089 389 dicas
1119 350 1261 388 dicere.
1320 349 1408 389 Sos.
1458 348 1559 394 Quid
1591 361 1638 388 eo
1668 355 1728 388 est
1757 347 1953 400 opus?335

228 423 366 462 MERC.
418 422 578 460 Possum
610 420 722 465 scire,
754 430 831 469 quo
863 418 1074 468 profectus,
1106 417 1217 455 cuius
1247 416 1298 454 sis
1328 422 1394 454 aut
1423 415 1516 466 quid
1546 414 1728 454 veneris?

228 491 315 530 Sos.
367 489 451 527 Huc
473 501 531 534 eo,
563 487 618 526 eri
637 484 780 540 (iussu,
814 482 920 538 eius>
940 497 1025 524 sum
1047 496 1192 524 servos.
1253 483 1442 534 numquid
1464 495 1572 522 nunc
1603 495 1643 522 es
1664 481 1838 522 certior?

227 557 282 596 M.
319 556 400 607 Ego
422 555 490 594 tibi
511 556 622 594 istam
645 554 771 600 hodie,
802 553 975 598 sceleste,
1007 552 1259 602 comprimam
1292 551 1476 601 linguam.
1535 550 1576 591 S.
1612 550 1723 590 Haud
1752 557 1884 602 potes:

227 623 327 662 bene
358 622 575 674 pudiceque
604 622 837 660 adservatur.
895 619 1035 659 MERc.
1087 619 1227 668 Pergin
1259 616 1503 667 argutarier?

228 691 317 740 quid
350 691 451 741 apud
483 690 596 728 hasce
626 689 731 728 aedis
762 688 893 740 negoti
925 691 981 727 est
1012 685 1110 726 tibi?
1168 687 1257 726 Sos.
1307 685 1429 724 Immo
1462 686 1555 737 quid
1585 686 1653 725 tibi
1684 685 1771 726 est?
1895 692 1953 726 350

226 759 364 798 MERC.
415 758 495 797 Rex
526 757 623 796 Creo
654 757 787 808 vigiles
818 763 1035 795 nocturnos
1065 754 1240 805 singulos
1269 765 1424 804 semper
1454 753 1566 793 locat.

226 825 314 865 Sos.
363 825 468 864 Bene
499 825 608 863 facit:
642 824 730 874 quia
762 836 835 862 nos
864 835 1017 861 eramus
1047 834 1221 874 peregre,
1253 827 1417 860 tutatust
1446 820 1574 868 domi;

226 900 261 931 at
295 905 400 932 nunc
430 892 492 931 abi
523 904 630 938 sane,
662 892 861 930 advenisse
893 891 1098 929 familiares
1128 890 1257 928 dicito.

225 960 363 999 MERC.
414 960 551 998 Nescio
585 972 698 1009 quam
730 966 769 997 tu
803 959 998 996 familiaris
1028 958 1099 996 sis:
1133 957 1206 996 nisi
1237 963 1409 996 actutum
1441 957 1533 996 hinc
1563 957 1657 1004 abis,

226 1027 421 1066 familiaris
451 1027 641 1077 accipiere
672 1028 758 1065 saxo
790 1026 889 1064 liaud
921 1025 1172 1063 familiariter.
1893 1032 1951 1066 355

224 1095 263 1135 S.
296 1094 365 1133 Hic
387 1095 544 1145 inquam
562 1093 690 1132 habito
709 1106 780 1144 ego
799 1100 914 1144 atque
929 1093 1083 1131 horunc
1100 1104 1231 1131 servos
1247 1105 1346 1131 sum.
1387 1092 1444 1132 M.
1475 1093 1523 1131 At
1539 1093 1621 1132 scin
1640 1105 1717 1144 quo
1736 1070 1956 1132 modost

224 1162 356 1200 faciam
389 1174 459 1212 ego
481 1161 595 1200 hodie
626 1168 663 1200 te
684 1161 919 1212 superbum,
952 1160 1025 1199 nisi
1053 1161 1146 1199 hinc
1176 1160 1270 1199 abis.
1329 1159 1418 1200 Sos.
1469 1160 1648 1206 Quonam
1679 1159 1825 1199 modo?

222 1230 360 1269 Mnuc.
410 1230 608 1275 Auserere,
642 1241 719 1267 non
752 1228 887 1274 abibis,
918 1231 950 1268 si
981 1240 1053 1279 ego
1085 1229 1226 1267 fustem
1256 1240 1475 1279 sumpsero.

224 1296 311 1337 Sos.
361 1296 464 1342 Quin
495 1309 557 1335 me
589 1309 671 1335 esse
702 1296 816 1335 huius
848 1296 1001 1334 familiai
1032 1296 1260 1335 familiarem
1291 1296 1486 1348 praedico.

222 1364 360 1404 Meno.
411 1364 503 1403 Vide
533 1364 585 1403 sis
615 1376 731 1415 quam
763 1376 852 1403 mox
883 1363 1065 1416 vapulare
1094 1364 1164 1410 vis,
1197 1364 1270 1403 nisi
1301 1370 1473 1403 actutum
1504 1364 1598 1402 hinc
1627 1352 1741 1403 abis.⁴
1892 1371 1949 1405 360

222 1432 309 1472 Sos.
359 1432 445 1470 Tun
475 1432 589 1471 domo
620 1431 829 1483 prohibere
859 1444 1024 1483 peregre
1056 1444 1117 1471 me
1147 1431 1418 1471 advenientem
1449 1430 1650 1483 postulas?

222 1499 276 1538 M.
321 1499 488 1539 Haecine
510 1506 574 1539 tua
597 1498 781 1539 domust?
839 1499 878 1540 S.
924 1500 978 1539 Ita
1001 1500 1172 1551 inquam.
1231 1499 1288 1540 M.
1335 1500 1430 1545 Quis
1452 1512 1542 1539 erus
1563 1506 1621 1539 est
1642 1499 1760 1551 igitur
1781 1497 1881 1539 tibi?

218 1566 306 1607 Sos.
356 1567 599 1619 Amphitruo,
632 1568 697 1618 qui
730 1580 836 1606 nunc
866 1568 1105 1619 praefectust
1135 1566 1332 1606 Thebanis
1362 1567 1595 1618 legionibus,

219 1635 375 1684 quicum
408 1642 526 1686 nupta
558 1642 614 1674 est
644 1635 868 1674 Alcumena.
927 1635 1067 1675 MERC.
1119 1635 1220 1681 Quid
1251 1633 1335 1675 ais?
1367 1636 1458 1686 quid
1490 1648 1634 1674 nomen
1667 1634 1736 1674 tibi
1768 1633 1855 1674 est?

217 1701 305 1742 Sos.
356 1702 502 1741 Sosiam
535 1709 672 1742 vocant
701 1703 891 1748 Thebani,
923 1703 1025 1742 Davo
1057 1708 1292 1754 prognatum
1323 1709 1444 1754 patre.
1888 1709 1947 1743 365

218 1769 355 1809 Meno.
405 1771 460 1809 Ne
491 1777 532 1809 tu
564 1771 648 1810 istic
678 1771 791 1810 hodie
822 1770 923 1809 malo
955 1777 1023 1809 tuo
1054 1770 1281 1822 compositis
1312 1771 1522 1810 mendaciis

217 1837 414 1883 advenisti,
444 1838 613 1877 audaciai
647 1839 840 1884 columen,
872 1839 1047 1878 consutis
1077 1838 1189 1877 dolis.

216 1903 304 1943 Sos.
355 1904 475 1944 Immo
508 1906 687 1956 equidem
718 1907 861 1946 tunicis
892 1907 1069 1946 consutis
1100 1907 1176 1946 huc
1207 1905 1383 1952 advenio,
1415 1919 1496 1945 non
1528 1905 1639 1946 dolis.

215 1971 355 2012 Mmc.
406 1974 454 2011 At
484 1974 658 2013 mentiris
688 1974 824 2012 etiam:
855 1982 963 2013 certo
994 1974 1171 2025 pedibus,
1203 1986 1283 2013 non
1316 1974 1459 2013 tunicis
1489 1974 1611 2013 venis.

215 2039 303 2079 Sos.
355 2040 408 2078 Ita
440 2041 627 2092 profecto.
687 2041 826 2082 MERc.
876 2042 990 2081 Nunc
1020 2043 1197 2093 profecto
1227 2042 1364 2094 vapula
1396 2041 1444 2080 ob
1476 2041 1736 2080 mendacium.
1887 2048 1944 2082 370

215 2106 303 2146 Sos.
354 2107 439 2146 Non
473 2108 611 2159 edepol
642 2110 726 2148 volo
758 2111 948 2161 profecto.
1007 2110 1150 2150 MERC.
1209 2111 1258 2149 At
1288 2110 1354 2162 pol
1383 2110 1560 2161 profecto
1591 2109 1779 2162 ingratiis.

215 2174 289 2213 hoc
320 2175 476 2226 quidem
507 2178 681 2227 profecto
712 2185 861 2217 certum
893 2185 962 2225 est,
996 2191 1074 2217 non
1107 2185 1165 2217 est
1194 2178 1454 2217 arbitrarium.

214 2241 302 2282 Sos.
352 2243 474 2282 Tuam
506 2244 620 2283 fidem
648 2244 822 2283 obsecro.
882 2245 1022 2285 MERC.
1072 2246 1159 2285 Tun
1191 2253 1229 2285 te
1259 2245 1378 2285 audes
1400 2245 1548 2285 Sosiam
1580 2257 1663 2285 esse
1693 2244 1837 2291 dicere,

215 2313 280 2360 qui
303 2322 373 2361 ego
396 2309 513 2349 sum?
562 2311 601 2351 S.
641 2312 754 2351 Perii.
804 2313 860 2353 M.
902 2314 1042 2352 l'arum
1065 2314 1190 2361 etiarn,
1212 2320 1352 2366 praeut
1371 2313 1545 2352 futurum
1567 2318 1638 2359 est,
1660 2311 1873 2363 praedicas.

325 2413 388 2445 343
413 2411 496 2455 (es)
513 2424 532 2447 ς
601 2414 667 2447 344
685 2413 734 2457 cs.
750 2412 798 2446 ad
814 2414 879 2447 284
949 2416 1012 2448 347
1030 2414 1116 2449 huic
1134 2413 1259 2449 B¹DE
1335 2413 1502 2460 supplevi
1507 2427 1519 2454 ;
1546 2412 1748 2457 tripertitae
1763 2411 1872 2446 inter-

212 2468 397 2512 roqatiom'
418 2479 489 2502 non
515 2468 605 2503 satis
628 2469 722 2513 facit
741 2469 938 2504 Camerarii
953 2471 1238 2517 supplementum
1255 2471 1323 2506 mei
1414 2479 1511 2504 nunc
1535 2467 1619 2514 quid
1711 2469 1776 2502 348
1795 2476 1872 2502 sce-

211 2523 338 2558 lestam
351 2523 494 2559 Merula
563 2527 627 2559 350
641 2526 818 2569 negotium
837 2525 873 2560 E
883 2527 938 2567 (-ii
951 2526 1033 2568 BD,
1046 2531 1086 2562 ut
1097 2527 1191 2572 fere)
1259 2527 1326 2562 tibi
1338 2537 1376 2562 es
1392 2526 1429 2561 Ε
1495 2527 1560 2560 352
1572 2526 1713 2560 tutatus
1726 2526 1782 2559 est

212 2582 277 2614 354
291 2590 394 2623 quam
407 2585 464 2615 tu:
490 2583 661 2626 quantum
679 2581 715 2616 E
803 2585 868 2617 355
884 2583 1048 2627 accipere
1064 2583 1147 2626 BD,
1165 2584 1288 2629 accipe
1302 2583 1338 2618 E
1426 2585 1493 2618 356
1510 2593 1588 2618 sum
1605 2591 1731 2616 seruus
1746 2581 1869 2618 Came-

211 2636 332 2671 rarius
439 2640 502 2672 357
529 2638 564 2672 ni
588 2651 607 2674 ς
713 2641 778 2673 358
803 2638 966 2674 auferere
989 2639 1130 2675 Nonius
1156 2642 1218 2674 171
1228 2655 1239 2674 :
1264 2640 1443 2676 auferrere
1535 2641 1601 2674 359
1624 2637 1781 2672 familiae

211 2694 272 2726 361
289 2698 364 2726 tum
455 2695 519 2728 362
534 2694 584 2729 Μ.
598 2693 644 2729 D:
656 2705 723 2729 om.
738 2694 810 2729 ΒΕ
899 2696 1067 2731 haeccine
1144 2698 1270 2733 domus
1284 2700 1339 2732 est
1418 2696 1454 2731 S.
1469 2695 1522 2731 D:
1533 2695 1584 2730 M.
1603 2693 1673 2730 BE
1750 2694 1800 2729 M.
1815 2693 1870 2729 D.-

211 2747 246 2782 S.
264 2748 336 2782 BE
417 2751 480 2784 363
495 2750 530 2786 S.
546 2749 598 2784 D:
610 2750 659 2785 M.
675 2749 749 2785 BE
826 2751 1033 2796 praefectus
1050 2756 1105 2788 est
1185 2756 1251 2788 364
1264 2753 1313 2788 Μ.
1329 2752 1375 2788 D:
1386 2757 1481 2798 spat.
1495 2751 1564 2787 BE
1633 2749 1728 2796 quod
1740 2760 1870 2786 nomen

210 2802 284 2838 DE
361 2806 492 2840 esttibi
577 2809 639 2840 367
655 2806 821 2842 audatiae
902 2810 964 2842 371
981 2808 1128 2852 ingratis
1209 2812 1387 2844 371-375
1401 2812 1533 2855 postea
1546 2806 1707 2842 adiectos
1717 2816 1796 2842 esse
1811 2817 1870 2841 ar-

209 2859 330 2896 bitror.
368 2862 417 2906 cf.
434 2863 500 2896 :2¹75
525 2867 559 2897 et
582 2864 671 2903 37&
694 2864 762 2897 373
785 2867 818 2898 et
841 2863 920 2905 -376,
945 2875 1097 2910 quorum
1121 2865 1296 2901 alteruter
1319 2876 1459 2901 versum
1481 2865 1550 2899 370
1571 2863 1744 2910 excipere
1766 2862 1872 2899 debet
