2018 3183
222 79 303 116 124
958 89 1139 125 PLAVTI
1609 99 1653 127 1v
1664 101 1818 134 10‚52—v
1829 104 1855 138 1,
1870 104 1886 132 2

217 193 320 234 Lm
352 193 445 233 Eam
463 202 504 236 tu
522 196 773 249 despondisti‚
797 201 950 252 opinor,
969 215 1055 242 meo
1072 205 1275 245 avonculo.
1312 207 1442 250 EVCL.
1475 211 1640 253 Omnem
1657 226 1740 255 rem
1757 222 1879 257 tenes.

216 260 320 303 LYC.
372 262 407 302 ls
438 275 500 301 me
533 277 641 304 nunc
670 268 900 308 renuntiare
931 270 1138 322 repudium
1169 273 1281 313 iussit
1311 275 1392 315 tibi.

215 328 346 370 Ech.
399 330 618 382 Repudium
651 332 769 374 rebus
798 337 954 387 paratis,
986 340 1184 380 exornatis
1214 342 1389 394 nuptiis?

218 403 259 435 ut
292 397 397 436 illum
430 398 466 437 di
499 399 738 441 immortales
770 415 907 444 omnes
939 405 1111 458 deaeque
1143 416 1330 459 quantum
1362 419 1420 451 est
1450 414 1646 464 perduint,
1890 426 1944 459 785

215 475 330 513 quem
365 473 530 517 propter
560 467 675 507 hodie
708 470 791 509 auri
823 477 976 512 tantum
1005 476 1157 526 perdidi
1190 477 1332 524 infelix,
1364 481 1494 520 miser.

212 530 315 572 Lm
365 532 475 572 Bono
507 535 637 574 animo
669 548 723 585 es,
755 537 858 578 bene
889 540 985 580 dice.
1037 555 1145 583 nune
1176 556 1274 595 quae
1306 558 1367 586 res
1399 548 1465 587 tibi
1498 555 1535 588 et
1565 557 1702 601 gnatae
1734 558 1822 592 tuae

211 596 314 638 bene
345 600 588 653 feliciterque
621 610 745 644 vortat
775 629 827 634 —
859 607 909 646 ita
941 608 977 647 di
1009 609 1142 660 faxint,
1175 612 1338 664 inquitO.

210 664 340 708 EVCL.
390 667 443 706 lta
475 668 512 708 di
545 670 700 711 saciant.
759 672 862 715 LYc.
912 674 961 715 Et
990 677 1084 716 mihi
1114 678 1165 718 ita
1196 680 1233 718 di
1265 681 1420 721 faciant.
1471 683 1559 723 audi
1592 686 1789 726 nunciam.

211 734 275 784 qui
308 734 426 774 homo
457 737 611 790 culpam
643 740 795 780 admisit
825 743 864 781 in
896 756 949 792 se,
982 745 1130 786 nullust
1160 754 1237 786 tam
1268 750 1373 800 parvi
1405 752 1520 803 preti,
1886 761 1942 795 790

210 814 328 852 quom
360 804 516 855 pudeat,
549 808 642 858 quin
674 816 818 860 purget
847 824 943 851 sese.
996 826 1101 853 nunc
1134 821 1170 854 te
1203 816 1387 866 obtestor,
1418 819 1568 868 Euclio,

208 877 251 908 ut
280 870 311 909 si
344 872 436 923 quid
469 886 539 925 ego
572 887 662 927 erga
693 882 730 915 te
761 877 990 929 imprudens
1020 883 1175 932 peccavi
1207 892 1273 923 aut
1302 893 1458 936 gnatam
1490 894 1606 936 tuam,

211 944 252 975 ut
283 939 335 977 mi
368 940 551 990 ignoscas
583 954 747 994 eamque
778 957 939 985 uxorem
972 948 1065 987 mihi
1097 949 1176 998 des,
1210 958 1251 990 ut
1280 952 1384 1004 leges
1415 955 1563 995 iubent.

206 1016 278 1056 ego
312 1018 372 1044 me
406 1007 587 1048 iniuriam
620 1012 756 1051 secisse
788 1014 888 1053 filiae
918 1015 1042 1055 fateor
1073 1023 1173 1065 tuae,

207 1070 359 1113 Cereris
390 1075 540 1126 vigiliis,
572 1091 644 1129 per
673 1079 807 1119 vinum
838 1088 954 1133 atque
985 1084 1153 1136 impulsu
1186 1087 1483 1129 adulescentiae.
1883 1100 1939 1132 795

202 1139 332 1181 Ech.
384 1141 427 1181 Ei
459 1144 567 1193 mihi,
600 1146 702 1196 quod
735 1160 807 1199 ego
840 1150 993 1190 facinus
1024 1164 1069 1190 ex
1101 1159 1138 1192 te
1169 1153 1313 1194 audio?
1371 1156 1474 1198 Lm
1526 1158 1603 1199 Cur
1634 1161 1767 1208 eiulas‚

203 1211 318 1258 quem
351 1222 423 1261 ego
456 1224 564 1252 avom
598 1214 671 1253 feci
704 1215 777 1255 iam
810 1224 853 1255 ut
884 1230 988 1258 esses
1019 1219 1108 1259 filiai
1142 1221 1318 1273 nuptiis?

206 1288 294 1314 nam
326 1283 389 1316 tua
423 1286 540 1330 gnata
572 1283 736 1333 peperit,
769 1284 934 1325 decumo
966 1299 1100 1328 mense
1132 1296 1239 1340 post:
1274 1304 1479 1332 numerum
1512 1307 1627 1347 cape3

201 1355 243 1382 ea
274 1357 317 1383 re
349 1348 553 1398 repudium
586 1351 736 1390 remisit
766 1354 977 1394 avonculus
1009 1368 1124 1395 eausa
1157 1370 1253 1397 mea.

199 1410 209 1450 i
242 1411 359 1460 intro,
393 1427 598 1466 exquaere,
629 1418 730 1459 sitne
761 1420 811 1459 ita
841 1429 885 1461 ut
916 1434 987 1473 ego
1018 1425 1212 1475 praedico.
1272 1427 1402 1470 Em..
1454 1429 1554 1470 Perii
1587 1432 1744 1484 oppido,
1878 1438 1933 1470 800

197 1479 247 1518 ita
279 1481 372 1520 milii
404 1484 448 1522 ad
481 1485 625 1524 malum
656 1487 779 1527 malae
810 1501 873 1529 res
903 1491 1092 1542 plurimae
1123 1506 1165 1533 se
1196 1495 1450 1545 adglutinant.

198 1545 262 1586 ibo
295 1548 412 1598 intro,
444 1559 487 1590 ut
518 1554 608 1603 quid
642 1555 755 1595 huius
785 1569 919 1596 verum
951 1559 1000 1598 sit
1030 1560 1162 1600 sciam.
1193 1585 1247 1590 —
1278 1562 1380 1604 Lm
1428 1565 1504 1604 Iam
1538 1573 1573 1606 te
1605 1581 1760 1621 sequor.

255 1661 348 1700 haec
378 1667 661 1715 prepemodum
693 1668 767 1707 iam
799 1682 882 1709 esse
914 1674 951 1709 in
984 1673 1080 1711 vado
1111 1674 1245 1713 salutis
1277 1689 1337 1716 res
1370 1678 1534 1718 videtur.

261 1741 367 1769 nunc
400 1744 551 1772 servom
583 1747 667 1774 esse
698 1736 764 1775 ubi
798 1737 921 1776 dicam
953 1752 1083 1780 meum
1117 1742 1330 1783 Strobilum
1363 1759 1442 1785 non
1475 1748 1652 1799 reperi0;

255 1799 327 1838 nisi
359 1801 472 1839 etiam
505 1802 567 1840 hic
598 1805 780 1855 opperiar
810 1813 940 1846 tamen
974 1809 1190 1861 paulisper;
1221 1820 1354 1863 postea
1387 1815 1490 1853 intro
1871 1832 1928 1865 805

252 1866 357 1905 hune
388 1868 618 1920 subsequar.
671 1885 777 1911 nune
809 1874 964 1914 interim
996 1878 1163 1928 spatium
1197 1880 1230 1918 ei
1263 1881 1361 1919 dabo
1392 1884 1620 1934 exquirendi

251 1946 378 1974 meum
412 1936 554 1977 sactum
588 1952 632 1978 ex
664 1947 803 1992 gnatae
834 1944 1044 1995 pedisequa
1080 1947 1231 1986 nutrice
1261 1961 1359 1988 anu:
1392 1963 1433 1989 ea
1466 1963 1548 1991 rem
1581 1955 1698 1994 novit.

864 2067 1178 2111 STROBILVS
1769 2080 1811 2120 V
1834 2083 1854 2120 1

190 2135 235 2175 Di
269 2138 520 2185 immortales,
551 2141 692 2190 quibus
723 2149 761 2181 et
793 2147 949 2195 quantis
979 2150 1041 2186 me
1073 2149 1226 2190 donatis
1256 2151 1419 2202 gaudiis.

190 2205 468 2255 quadrilibrem
503 2209 627 2248 aulam
659 2213 755 2250 auro
789 2220 968 2253 onustam
1002 2215 1139 2255 liabeo.
1192 2219 1278 2269 quis
1308 2232 1370 2259 me
1401 2228 1459 2260 est
1489 2222 1632 2262 ditior?

300 2330 317 2359 7
323 2329 363 2361 82
389 2327 458 2362 iam
494 2328 562 2363 VE
653 2334 714 2365 783
739 2334 979 2369 rennunciare
1005 2335 1076 2370 BD
1169 2341 1232 2373 784
1257 2341 1439 2376 exornatis
1464 2341 1607 2379 Nonius
1629 2346 1721 2381 105:
1744 2351 1853 2393 atque

186 2383 369 2418 exornatis
464 2388 525 2420 787
552 2386 724 2423 benedice
748 2387 924 2435 Pylades:
949 2395 985 2427 et
1007 2392 1180 2430 benedice
1275 2399 1337 2431 790
1362 2398 1482 2433 nullus
1507 2403 1563 2435 est
1656 2405 1718 2438 791
1745 2415 1850 2449 quom

185 2438 360 2474 Bollee'us:
385 2441 471 2486 quin
564 2443 708 2487 puriget
736 2455 774 2479 se
799 2444 1017 2482 Ritsclzelws
1110 2453 1173 2485 792
1200 2462 1263 2495 ego
1290 2463 1358 2488 om.
1378 2453 1428 2487 B¹
1523 2459 1586 2490 793
1611 2457 1760 2495 iubeant

185 2498 249 2530 794
274 2495 370 2531 filiae
395 2496 536 2542 fecisse,
562 2509 656 2534 corr.
677 2500 906 2537 Camerarius
999 2507 1063 2540 796
1082 2508 1177 2550 quod
1195 2507 1336 2544 facinus
1354 2520 1397 2545 ex
1414 2513 1450 2546 te
1474 2522 1550 2557 ego,
1575 2524 1670 2549 corr.
1693 2516 1850 2560 Guietus,

182 2552 232 2597 cf.
257 2552 462 2599 Seyfferlus
485 2555 580 2590 stud.
598 2555 655 2591 Pl.
677 2557 699 2591 9
791 2559 915 2602 θίιιίαε,
941 2572 1035 2595 corr.
1057 2562 1108 2596 ΒΞ
1201 2567 1263 2598 797
1288 2565 1385 2601 filiae
1478 2571 1541 2603 ⁵30«)
1567 2569 1579 2603 i
1606 2570 1654 2604 B²
1666 2571 1722 2615 ΡΞ,
1747 2572 1849 2609 Pris-

182 2609 308 2644 cianus
331 2611 363 2650 1,
389 2611 458 2645 38:
483 2622 552 2646 om.
647 2623 826 2658 exquaere
853 2620 1004 2650 testatur
1028 2616 1260 2654 Prisc-fanus:
1293 2623 1440 2667 exquire
1533 2628 1596 2660 802
1623 2638 1748 2665 uerum
1773 2630 1848 2667 Bo-

182 2663 297 2699 thius.-
311 2666 389 2700 ueri
406 2667 485 2709 BD,
501 2668 578 2703 uesi
601 2668 670 2704 ῙἘ
758 2671 799 2706 L.
818 2671 890 2706 132:
907 2683 973 2707 om.
1069 2677 1132 2709 803
1145 2677 1257 2721 probe
1271 2679 1412 2714 modum
1435 2680 1503 2715 VE
1593 2684 1693 2721 uidet
1706 2685 1758 2720 B¹

182 2724 247 2755 504
276 2723 473 2758 strobolum
500 2725 562 2769 B2‚
588 2726 736 2762 strolum
762 2727 852 2763 B¹E
860 2728 905 2762 11¹
1011 2733 1178 2777 repperio
1284 2737 1346 2769 805
1374 2737 1518 2782 operiar
1618 2743 1681 2775 807
1706 2743 1791 2787 pedi
1816 2745 1846 2780 si

180 2788 251 2821 qua
343 2790 414 2814 anu
440 2791 482 2815 ea
506 2792 580 2817 rem
608 2782 854 2819 Camerarius:
877 2796 924 2820 an
949 2798 1071 2822 ueram
1180 2792 1244 2825 SOS
1271 2791 1474 2829 STR0131Lvs
1499 2806 1631 2832 senvvs
1654 2808 1845 2836 mcoumns

178 2843 410 2871 ADOLEscENs
434 2848 567 2873 Evcmo
588 2849 705 2874 sen-EX
729 2841 837 2876 BVE'
926 2845 990 2878 809
1008 2845 1126 2879 aulam
1151 2847 1404 2890 quadrilibrem
1427 2850 1606 2888 osbernus
1697 2856 1846 2893 diuitior

2008 2966 2018 2978 -
2011 2840 2018 2860 -,
2004 2681 2018 2778 ---ω
