1998 3179
49 84 64 111 1
75 85 102 117 3.
121 83 218 112 46—11
230 84 256 116 1,
275 83 306 110 21
731 78 1020 115 AMPHITRVO
1653 76 1703 113 25

50 199 123 238 iam
145 210 217 249 ego
237 208 391 247 sequar.
427 195 616 246 numquid
635 194 720 234 vis?
777 194 828 235 A.
867 194 1016 233 Etiam:
1048 199 1091 232 ut
1112 199 1286 232 actutum
1307 192 1499 231 advenias.
1528 191 1562 231 I.
1585 191 1703 238 Licet,

48 265 159 318 prius
188 267 253 304 tua
284 263 470 315 opinione
501 264 564 302 hic
594 263 730 302 adero:
761 262 909 301 bonum
941 261 1112 301 animum
1142 260 1254 300 habe.
1285 283 1340 288 -
1717 267 1773 298 545

51 345 159 372 nunc
187 338 238 380 te,
270 343 360 378 nOX,
392 343 489 382 quae
519 343 581 369 me
611 330 800 377 mansisti,
831 330 942 368 mitto
974 329 1030 367 uti
1061 328 1175 367 cedas
1205 328 1277 375 die,

51 407 93 440 ut
123 399 294 438 mortalis
323 399 536 438 inlucescat
564 398 651 436 luce
682 397 782 435 clara
814 404 852 435 et
882 396 1057 435 candida.

50 473 166 518 atque
196 472 356 517 quanto,
388 478 477 512 nox,
507 464 612 504 suisti
642 464 798 514 longior
827 464 898 502 hac
927 475 1131 514 proxuma,

50 541 158 573 tanto
188 534 344 573 brevior
372 533 453 572 dies
482 539 526 571 ut
556 533 622 570 fiat
651 532 802 577 faciam,
833 537 876 570 ut
905 543 1027 581 aeque
1058 530 1240 581 disparet.

50 601 118 641 sed
148 601 229 640 dies
258 614 279 640 8
310 607 426 639 nocte
455 599 624 639 accedat.
674 599 739 638 ibo
770 605 806 637 et
837 598 1074 637 Mercurium
1104 609 1258 648 sequar.
1289 620 1344 625 -
1720 603 1777 635 550

699 732 1050 773 AMPHITRVO
1608 730 1652 769 Π
1685 732 1706 768 1

134 791 215 841 Age
245 793 257 829 i
287 797 330 829 tu
359 789 589 830 secundum.

802 856 966 897 SOSIA

589 924 754 975 Sequor,
786 923 1008 974 subsequor
1036 929 1089 961 te.

132 991 280 1032 AMPH.
330 992 656 1031 Scelestissimum
687 999 725 1030 te
755 991 936 1030 arbitror.
997 989 1087 1031 Sos.
1137 989 1233 1029 Nam
1265 1001 1380 1040 quam
1413 988 1463 1028 ob
1494 988 1607 1027 rem?

133 1060 280 1100 AMPH.
330 1060 428 1105 Quia
457 1060 494 1098 id
526 1060 630 1110 quod
661 1072 791 1110 neque
822 1066 880 1098 est
911 1071 1040 1109 neque
1070 1058 1142 1096 suit
1173 1070 1302 1109 neque
1333 1058 1509 1096 futurum
1541 1065 1598 1096 est

133 1127 228 1166 mihi
257 1128 470 1179 praedicas.
529 1128 618 1168 Sos.
667 1127 825 1174 Eccere,
857 1127 932 1166 iam
962 1126 1097 1165 tuatim

134 1195 228 1234 facis
257 1193 356 1249 (tu),
388 1203 431 1235 ut
459 1196 535 1234 tuis
565 1195 671 1234 nulla
702 1195 804 1246 apud
837 1202 874 1233 te
904 1194 998 1233 fides
1028 1195 1089 1233 sit.
1721 1200 1777 1231 555

134 1262 282 1303 AMPH.
304 1263 405 1309 Quid
437 1262 523 1302 est?
554 1276 631 1314 quo
662 1261 809 1301 modo?
840 1263 913 1301 iam
946 1261 1264 1312 quidem.hercle
1297 1273 1368 1311 ego
1399 1260 1469 1299 tibi
1500 1260 1611 1299 istam

134 1329 349 1380 scelestam,
381 1331 520 1377 scelus,
552 1330 724 1381 linguam
755 1329 963 1368 abscidam.
1023 1329 1112 1369 Sos.
1162 1328 1268 1367 Tuos
1300 1340 1399 1375 sum,

134 1397 299 1449 proinde
329 1404 372 1436 ut
403 1398 689 1436 commodumst
719 1404 757 1436 et
784 1397 893 1436 lubet
923 1397 1094 1448 quidque
1125 1396 1264 1443 faeias;

133 1471 264 1503 tamen
295 1465 390 1515 quin
421 1465 559 1516 loquar
588 1465 683 1504 haec
714 1465 771 1504 uti
801 1465 898 1503 facta
929 1471 1021 1503 sunt
1051 1464 1125 1510 hic,

134 1545 346 1585 numquam
378 1534 458 1573 ullo
488 1534 603 1573 modo
633 1547 696 1573 me
726 1540 837 1585 potes
867 1533 1078 1572 deterrere.
1724 1539 1780 1570 560

133 1600 280 1641 AmH.
329 1601 622 1649 Scelestissime,
653 1601 772 1641 audes
801 1601 895 1640 mihi
926 1600 1149 1652 praedicare
1179 1599 1230 1646 id,

135 1668 239 1708 domi
268 1676 306 1708 te
337 1682 421 1709 esse
452 1682 572 1717 nunc,
603 1670 670 1721 qui
700 1670 763 1708 hic
792 1667 912 1708 ades?
971 1668 1061 1709 Sos.
1108 1667 1207 1706 Vera
1238 1667 1337 1706 dico.

134 1736 282 1777 AAEPH.
330 1737 472 1776 Malum
504 1737 607 1788 quod
637 1737 706 1776 tibi
737 1737 773 1775 di
804 1736 965 1783 dabunt,
995 1743 1110 1786 atque
1141 1747 1212 1785 ego
1243 1735 1357 1773 hodie

135 1804 248 1844 daho.
306 1804 396 1845 Sos.
446 1805 550 1844 Istuc
581 1805 689 1844 tibist
718 1805 757 1843 in
790 1817 922 1851 manu,
954 1816 1043 1842 nam
1074 1810 1162 1842 tuos
1191 1815 1290 1841 sum.

134 1873 282 1912 ΑᾈΠἮ.
331 1872 419 1911 Τι111
450 1885 524 1920 1118,
555 1872 732 1920 verbero,
764 1873 882 1911 audes
914 1883 1023 1910 erum
1055 1869 1275 1909 ludificari?
1725 1876 1781 1907 565

137 1947 232 1979 tune
261 1940 299 1979 id
329 1940 459 1979 dicere
489 1941 619 1988 audes,
652 1941 755 1991 quod
789 1952 904 1979 nemo
935 1951 1119 1990 umquam
1150 1939 1268 1977 homo
1299 1938 1463 1977 antehac

137 2007 232 2047 vidit
261 2020 335 2047 nec
364 2014 493 2060 potest
522 2008 619 2054 fieri,
650 2015 827 2059 tempore
858 2020 938 2046 uno

138 2076 255 2114 homo
287 2075 387 2115 idem
420 2075 572 2115 duobus
602 2076 698 2115 locis
728 2083 771 2115 ut
801 2075 916 2114 simul
947 2073 1024 2114 sit?

138 2142 227 2183 Sos.
278 2143 460 2182 Profecto
491 2150 535 2182 ut
564 2143 706 2194 loquor
734 2156 798 2182 res
828 2143 879 2182 ita
911 2149 981 2182 est.
1041 2142 1188 2182 AMPH.
1237 2140 1413 2192 Iuppiter
1441 2147 1479 2180 te

137 2211 288 2262 perdat.
348 2211 437 2251 Sos.
489 2211 590 2257 Quid
622 2211 711 2249 mali
741 2213 841 2257 sum,
873 2223 950 2256 ere,
983 2217 1046 2248 tua
1080 2222 1126 2249 ex
1156 2222 1198 2248 re
1227 2207 1495 2260 promeritus?
1723 2213 1781 2245 570

137 2276 284 2317 ΑΜΡΗ.
334 2278 527 2328 Rogasne,
560 2278 751 2329 improbe,
784 2278 910 2324 etiam,
943 2277 1008 2327 qui
1038 2277 1149 2315 ludos
1180 2276 1275 2315 facis
1305 2274 1397 2314 me?

167 2389 232 2421 545
246 2387 296 2431 cf.
311 2386 361 2421 ad
370 2386 447 2422 Mil.
463 2388 550 2421 1236
643 2389 707 2421 546
720 2397 777 2422 me
794 2398 862 2421 om.
882 2385 918 2421 E
999 2389 1040 2421 ut
1056 2385 1138 2427 BD,
1162 2395 1230 2420 nec
1246 2384 1280 2420 D
1373 2385 1445 2419 dlei
1538 2388 1601 2420 547
1619 2386 1713 2421 inlu-

55 2453 178 2478 cescas
202 2442 249 2483 B,
274 2443 508 2488 illucessacas
526 2442 563 2477 E
676 2446 740 2478 549
765 2444 926 2487 disparet
951 2442 1001 2487 cf.
1029 2442 1150 2476 Herm.
1170 2443 1224 2480 18,
1241 2442 1309 2475 572
1320 2452 1374 2486 sq.
1491 2444 1556 2476 550
1575 2444 1629 2476 set
1652 2441 1712 2476 L.:

55 2502 92 2534 et
181 2499 391 2543 subsequar,
416 2499 564 2534 correxi
677 2509 882 2533 AMPfflTmo
908 2502 1051 2539 stimmo
1078 2495 1123 2540 E)
1148 2508 1250 2533 sosu
1273 2497 1362 2538 BE,
1388 2496 1517 2542 quibus
1541 2497 1623 2531 add.
1652 2498 1710 2532 ·P·

55 2553 92 2589 E
119 2555 184 2600 (cf.
208 2557 294 2596 984,
327 2555 466 2590 Goetziz'
493 2559 527 2589 et
558 2554 694 2590 Loewii
717 2555 846 2601 praef.
879 2554 979 2588 Asin.
1009 2565 1047 2599 2).
1075 2556 1117 2588 13
1133 2559 1213 2599 δᾳ),
1245 2564 1312 2588 om.
1344 2552 1378 2587 I)
1515 2556 1580 2587 552
1609 2564 1714 2598 quam

55 2611 138 2655 (id)
160 2611 438 2652 Fleckeisenus;
466 2610 517 2655 cf.
549 2609 816 2645 Studemumlus
848 2614 916 2645 act.
947 2621 1047 2645 conv.
1078 2609 1207 2655 philol.
1234 2610 1332 2652 1882,
1357 2611 1402 2643 53
1538 2612 1605 2643 554
1634 2612 1714 2645 tua-

56 2666 120 2701 tim
141 2671 317 2702 testantur
333 2666 486 2702 Sisenna
503 2677 564 2712 ap.
591 2665 885 2707 Clzarz'sium221‚
909 2665 1051 2700 Nonius
1069 2668 1145 2707 179,
1168 2665 1279 2710 qloss.
1297 2664 1440 2699 Plaut..·
1462 2667 1624 2700 tuautem

57 2725 122 2757 555
147 2723 236 2759 facit
259 2723 400 2758 Nonius
515 2722 594 2766 <tu>
618 2722 827 2757 Brunca-ias
942 2723 988 2757 sit
1011 2722 1112 2765 fides,
1138 2733 1232 2757 corr.
1259 2719 1407 2755 Guietus
1529 2724 1593 2756 558
1620 2732 1713 2758 com-

56 2778 198 2813 modum
231 2779 300 2815 siet
327 2779 444 2823 lubet,
474 2789 568 2814 corr.
596 2778 821 2814 Camerarius
936 2781 1000 2812 560
1025 2781 1147 2822 potest:
1169 2776 1219 2812 Β·
1319 2780 1382 2811 570
1407 2779 1489 2812 tua:
1514 2779 1618 2814 tanta
1640 2777 1712 2813 No-

54 2834 137 2868 nius
159 2835 226 2868 462
