<?xml version="1.0" encoding="UTF-8"?>
<!DOCTYPE html PUBLIC "-//W3C//DTD XHTML 1.0 Transitional//EN"
    "http://www.w3.org/TR/xhtml1/DTD/xhtml1-transitional.dtd">
<html xmlns="http://www.w3.org/1999/xhtml" xml:lang="en" lang="en">
 <head>
  <title>
</title>
<meta http-equiv="Content-Type" content="text/html;charset=utf-8" />
  <meta name='ocr-system' content='tesseract 3.04.00' />
  <meta name='ocr-capabilities' content='ocr_page ocr_carea ocr_par ocr_line ocrx_word'/>
</head>
<body>
  <div class='ocr_page' id='page_1' title='image "./comoediaerecensu01plauuoft_0047.png"; bbox 0 0 1998 3179; ppageno 0'>
   <div class='ocr_carea' id='block_1_1' title="bbox 71 73 1732 114">
    <p class='ocr_par' dir='ltr' id='par_1_1' title="bbox 71 73 1732 114">
     <span class='ocr_line' id='line_1_1' title="bbox 71 73 1732 114; baseline 0.008 -13"><span class='ocrx_word' id='word_1_1' title='bbox 71 73 99 102; x_wconf 93' lang='lat'>11</span> <span class='ocrx_word' id='word_1_2' title='bbox 112 75 138 108; x_wconf 86' lang='lat'>2,</span> <span class='ocrx_word' id='word_1_3' title='bbox 158 75 292 103; x_wconf 80' lang='lat'>187-217</span> <span class='ocrx_word' id='word_1_4' title='bbox 751 74 1044 110; x_wconf 86' lang='lat' dir='ltr'>AMPHITRVO</span> <span class='ocrx_word' id='word_1_5' title='bbox 1681 76 1732 114; x_wconf 86' lang='lat'>35</span> 
     </span>
    </p>
   </div>
   <div class='ocr_carea' id='block_1_2' title="bbox 57 187 1800 2132">
    <p class='ocr_par' dir='ltr' id='par_1_2' title="bbox 72 187 1123 240">
     <span class='ocr_line' id='line_1_2' title="bbox 72 187 1123 240; baseline 0.002 -14"><span class='ocrx_word' id='word_1_6' title='bbox 72 187 221 235; x_wconf 90' lang='lat' dir='ltr'>saltem,</span> <span class='ocrx_word' id='word_1_7' title='bbox 253 193 334 227; x_wconf 90' lang='lat' dir='ltr'>tute</span> <span class='ocrx_word' id='word_1_8' title='bbox 365 188 395 227; x_wconf 94' lang='lat' dir='ltr'>si</span> <span class='ocrx_word' id='word_1_9' title='bbox 426 188 586 240; x_wconf 90' lang='lat' dir='ltr'>pudoris</span> <span class='ocrx_word' id='word_1_10' title='bbox 617 200 742 240; x_wconf 84' lang='lat' dir='ltr'>egeas,</span> <span class='ocrx_word' id='word_1_11' title='bbox 772 201 902 229; x_wconf 88' lang='lat' dir='ltr'>sumas</span> <span class='ocrx_word' id='word_1_12' title='bbox 930 195 1123 229; x_wconf 90' lang='lat' dir='ltr'>mutuom.</span> 
     </span>
    </p>

    <p class='ocr_par' dir='ltr' id='par_1_3' title="bbox 69 253 1800 376">
     <span class='ocr_line' id='line_1_3' title="bbox 69 253 1800 309; baseline 0.002 -15"><span class='ocrx_word' id='word_1_13' title='bbox 69 253 173 295; x_wconf 83' lang='lat' dir='ltr'><strong>ALO.</strong></span> <span class='ocrx_word' id='word_1_14' title='bbox 222 255 327 295; x_wconf 88' lang='lat' dir='ltr'>Istuc</span> <span class='ocrx_word' id='word_1_15' title='bbox 357 256 522 303; x_wconf 82' lang='lat' dir='ltr'>facinus,</span> <span class='ocrx_word' id='word_1_16' title='bbox 555 257 658 307; x_wconf 90' lang='lat' dir='ltr'>quod</span> <span class='ocrx_word' id='word_1_17' title='bbox 688 262 731 295; x_wconf 82' lang='lat' dir='ltr'>tu</span> <span class='ocrx_word' id='word_1_18' title='bbox 761 257 974 304; x_wconf 82' lang='lat' dir='ltr'>insimulas,</span> <span class='ocrx_word' id='word_1_19' title='bbox 1006 263 1142 296; x_wconf 88' lang='lat' dir='ltr'>nostro</span> <span class='ocrx_word' id='word_1_20' title='bbox 1173 257 1309 309; x_wconf 81' lang='lat' dir='ltr'>generi</span> <span class='ocrx_word' id='word_1_21' title='bbox 1341 271 1421 297; x_wconf 91' lang='lat' dir='ltr'>non</span> <span class='ocrx_word' id='word_1_22' title='bbox 1453 258 1575 298; x_wconf 86' lang='lat' dir='ltr'>decet.</span> <span class='ocrx_word' id='word_1_23' title='bbox 1743 266 1800 298; x_wconf 85' lang='grc'>820</span> 
     </span>
     <span class='ocr_line' id='line_1_4' title="bbox 70 322 1156 376; baseline 0.004 -16"><span class='ocrx_word' id='word_1_24' title='bbox 70 328 111 361; x_wconf 91' lang='lat' dir='ltr'>tu</span> <span class='ocrx_word' id='word_1_25' title='bbox 143 322 174 360; x_wconf 91' lang='lat' dir='ltr'>si</span> <span class='ocrx_word' id='word_1_26' title='bbox 205 335 266 361; x_wconf 93' lang='lat' dir='ltr'>me</span> <span class='ocrx_word' id='word_1_27' title='bbox 297 323 541 374; x_wconf 84' lang='lat' dir='ltr'>inpudicitiai</span> <span class='ocrx_word' id='word_1_28' title='bbox 572 330 717 375; x_wconf 86' lang='lat' dir='ltr'>captas,</span> <span class='ocrx_word' id='word_1_29' title='bbox 749 336 887 376; x_wconf 82' lang='lat' dir='ltr'>capere</span> <span class='ocrx_word' id='word_1_30' title='bbox 919 337 999 363; x_wconf 91' lang='lat' dir='ltr'>non</span> <span class='ocrx_word' id='word_1_31' title='bbox 1031 331 1156 376; x_wconf 91' lang='lat' dir='ltr'>potes.</span> 
     </span>
    </p>

    <p class='ocr_par' dir='ltr' id='par_1_4' title="bbox 68 389 1457 442">
     <span class='ocr_line' id='line_1_5' title="bbox 68 389 1457 442; baseline 0.002 -14"><span class='ocrx_word' id='word_1_32' title='bbox 68 389 215 430; x_wconf 83' lang='grc' dir='ltr'><strong>ΑΜΡΗ.</strong></span> <span class='ocrx_word' id='word_1_33' title='bbox 266 390 343 428; x_wconf 88' lang='lat' dir='ltr'>Pro</span> <span class='ocrx_word' id='word_1_34' title='bbox 375 390 412 429; x_wconf 93' lang='lat' dir='ltr'>di</span> <span class='ocrx_word' id='word_1_35' title='bbox 444 390 694 436; x_wconf 86' lang='lat' dir='ltr'>immortales,</span> <span class='ocrx_word' id='word_1_36' title='bbox 726 391 938 442; x_wconf 85' lang='lat' dir='ltr'>cognoscin</span> <span class='ocrx_word' id='word_1_37' title='bbox 973 397 1014 430; x_wconf 88' lang='lat' dir='ltr'>tu</span> <span class='ocrx_word' id='word_1_38' title='bbox 1045 404 1107 430; x_wconf 89' lang='lat' dir='ltr'>me</span> <span class='ocrx_word' id='word_1_39' title='bbox 1138 392 1285 440; x_wconf 87' lang='lat' dir='ltr'>saltem,</span> <span class='ocrx_word' id='word_1_40' title='bbox 1317 392 1457 432; x_wconf 81' lang='lat' dir='ltr'>Sosia?</span> 
     </span>
    </p>

    <p class='ocr_par' dir='ltr' id='par_1_5' title="bbox 67 456 1798 710">
     <span class='ocr_line' id='line_1_6' title="bbox 68 456 1731 513; baseline 0.002 -16"><span class='ocrx_word' id='word_1_41' title='bbox 68 456 157 497; x_wconf 83' lang='lat' dir='ltr'>Sos.</span> <span class='ocrx_word' id='word_1_42' title='bbox 208 457 509 509; x_wconf 85' lang='lat' dir='ltr'>Propemodum.</span> <span class='ocrx_word' id='word_1_43' title='bbox 569 456 714 498; x_wconf 80' lang='grc' dir='ltr'><strong>ΑΜΡΗ.</strong></span> <span class='ocrx_word' id='word_1_44' title='bbox 766 457 933 497; x_wconf 80' lang='lat' dir='ltr'>Cenavin</span> <span class='ocrx_word' id='word_1_45' title='bbox 957 471 1028 509; x_wconf 88' lang='lat' dir='ltr'>ego</span> <span class='ocrx_word' id='word_1_46' title='bbox 1060 459 1144 498; x_wconf 91' lang='lat' dir='ltr'>heri</span> <span class='ocrx_word' id='word_1_47' title='bbox 1175 460 1214 498; x_wconf 93' lang='lat' dir='ltr'>in</span> <span class='ocrx_word' id='word_1_48' title='bbox 1238 459 1324 498; x_wconf 89' lang='lat' dir='ltr'>navi</span> <span class='ocrx_word' id='word_1_49' title='bbox 1345 460 1383 498; x_wconf 92' lang='lat' dir='ltr'>in</span> <span class='ocrx_word' id='word_1_50' title='bbox 1407 465 1524 513; x_wconf 88' lang='lat' dir='ltr'>portu</span> <span class='ocrx_word' id='word_1_51' title='bbox 1545 460 1731 500; x_wconf 80' lang='lat' dir='ltr'>Persico?</span> 
     </span>
     <span class='ocr_line' id='line_1_7' title="bbox 67 523 1729 577; baseline 0.002 -14"><span class='ocrx_word' id='word_1_52' title='bbox 67 523 170 564; x_wconf 84' lang='lat' dir='ltr'>ALc.</span> <span class='ocrx_word' id='word_1_53' title='bbox 221 525 312 564; x_wconf 93' lang='lat' dir='ltr'>Mihi</span> <span class='ocrx_word' id='word_1_54' title='bbox 345 537 501 576; x_wconf 91' lang='lat' dir='ltr'>quoque</span> <span class='ocrx_word' id='word_1_55' title='bbox 534 525 675 564; x_wconf 81' lang='lat' dir='ltr'>adsunt</span> <span class='ocrx_word' id='word_1_56' title='bbox 703 530 840 571; x_wconf 89' lang='lat' dir='ltr'>testes,</span> <span class='ocrx_word' id='word_1_57' title='bbox 883 525 948 575; x_wconf 90' lang='lat' dir='ltr'>qui</span> <span class='ocrx_word' id='word_1_58' title='bbox 981 525 1074 564; x_wconf 90' lang='lat' dir='ltr'>illud</span> <span class='ocrx_word' id='word_1_59' title='bbox 1106 526 1210 577; x_wconf 91' lang='lat' dir='ltr'>quod</span> <span class='ocrx_word' id='word_1_60' title='bbox 1241 539 1313 577; x_wconf 86' lang='lat' dir='ltr'>ego</span> <span class='ocrx_word' id='word_1_61' title='bbox 1345 527 1467 566; x_wconf 90' lang='lat' dir='ltr'>dicam</span> <span class='ocrx_word' id='word_1_62' title='bbox 1499 527 1729 567; x_wconf 87' lang='lat' dir='ltr'>adsentiant.</span> 
     </span>
     <span class='ocr_line' id='line_1_8' title="bbox 69 591 1798 645; baseline 0.003 -15"><span class='ocrx_word' id='word_1_63' title='bbox 69 591 156 631; x_wconf 83' lang='lat' dir='ltr'>Sos.</span> <span class='ocrx_word' id='word_1_64' title='bbox 206 591 345 631; x_wconf 91' lang='lat' dir='ltr'>Nescio</span> <span class='ocrx_word' id='word_1_65' title='bbox 377 592 469 642; x_wconf 89' lang='lat' dir='ltr'>quid</span> <span class='ocrx_word' id='word_1_66' title='bbox 503 592 604 631; x_wconf 67' lang='lat' dir='ltr'>istnc</span> <span class='ocrx_word' id='word_1_67' title='bbox 635 592 765 642; x_wconf 83' lang='lat' dir='ltr'>negoti</span> <span class='ocrx_word' id='word_1_68' title='bbox 797 592 935 638; x_wconf 86' lang='lat' dir='ltr'>dicam,</span> <span class='ocrx_word' id='word_1_69' title='bbox 968 592 1041 631; x_wconf 89' lang='lat' dir='ltr'>nisi</span> <span class='ocrx_word' id='word_1_70' title='bbox 1073 593 1104 631; x_wconf 92' lang='lat' dir='ltr'>si</span> <span class='ocrx_word' id='word_1_71' title='bbox 1136 593 1326 645; x_wconf 87' lang='lat' dir='ltr'>quispiam</span> <span class='ocrx_word' id='word_1_72' title='bbox 1360 601 1417 633; x_wconf 90' lang='lat' dir='ltr'>est</span> <span class='ocrx_word' id='word_1_73' title='bbox 1740 601 1798 635; x_wconf 84' lang='lat'>825</span> 
     </span>
     <span class='ocr_line' id='line_1_9' title="bbox 67 659 1227 710; baseline 0.003 -14"><span class='ocrx_word' id='word_1_74' title='bbox 67 659 298 710; x_wconf 85' lang='lat' dir='ltr'>Amphitruo</span> <span class='ocrx_word' id='word_1_75' title='bbox 329 659 439 706; x_wconf 85' lang='lat' dir='ltr'>alius,</span> <span class='ocrx_word' id='word_1_76' title='bbox 472 659 538 710; x_wconf 89' lang='lat' dir='ltr'>qui</span> <span class='ocrx_word' id='word_1_77' title='bbox 570 660 670 698; x_wconf 88' lang='lat' dir='ltr'>forte</span> <span class='ocrx_word' id='word_1_78' title='bbox 699 659 763 698; x_wconf 87' lang='lat' dir='ltr'>ted</span> <span class='ocrx_word' id='word_1_79' title='bbox 793 659 887 698; x_wconf 90' lang='lat' dir='ltr'>hinc</span> <span class='ocrx_word' id='word_1_80' title='bbox 917 659 1067 699; x_wconf 84' lang='lat' dir='ltr'>absenti</span> <span class='ocrx_word' id='word_1_81' title='bbox 1097 665 1227 699; x_wconf 88' lang='lat' dir='ltr'>tamen</span> 
     </span>
    </p>

    <p class='ocr_par' dir='ltr' id='par_1_6' title="bbox 66 727 1400 779">
     <span class='ocr_line' id='line_1_10' title="bbox 66 727 1400 779; baseline 0.002 -15"><span class='ocrx_word' id='word_1_82' title='bbox 66 733 168 764; x_wconf 84' lang='lat' dir='ltr'>tuam</span> <span class='ocrx_word' id='word_1_83' title='bbox 201 738 285 765; x_wconf 89' lang='lat' dir='ltr'>rem</span> <span class='ocrx_word' id='word_1_84' title='bbox 317 733 426 766; x_wconf 89' lang='lat' dir='ltr'>curet</span> <span class='ocrx_word' id='word_1_85' title='bbox 454 733 572 778; x_wconf 89' lang='lat' dir='ltr'>teque</span> <span class='ocrx_word' id='word_1_86' title='bbox 603 727 764 767; x_wconf 87' lang='lat' dir='ltr'>absente</span> <span class='ocrx_word' id='word_1_87' title='bbox 794 727 860 766; x_wconf 93' lang='lat' dir='ltr'>hic</span> <span class='ocrx_word' id='word_1_88' title='bbox 890 739 1034 767; x_wconf 90' lang='lat' dir='ltr'>munus</span> <span class='ocrx_word' id='word_1_89' title='bbox 1064 728 1249 779; x_wconf 87' lang='lat' dir='ltr'>fungatur</span> <span class='ocrx_word' id='word_1_90' title='bbox 1279 734 1400 767; x_wconf 88' lang='lat' dir='ltr'>tuom.</span> 
     </span>
    </p>

    <p class='ocr_par' dir='ltr' id='par_1_7' title="bbox 68 794 1163 845">
     <span class='ocr_line' id='line_1_11' title="bbox 68 794 1163 845; baseline 0.002 -14"><span class='ocrx_word' id='word_1_91' title='bbox 68 804 155 831; x_wconf 89' lang='lat' dir='ltr'>nam</span> <span class='ocrx_word' id='word_1_92' title='bbox 190 794 293 845; x_wconf 87' lang='lat' dir='ltr'>quod</span> <span class='ocrx_word' id='word_1_93' title='bbox 324 794 371 833; x_wconf 91' lang='lat' dir='ltr'>de</span> <span class='ocrx_word' id='word_1_94' title='bbox 402 794 467 833; x_wconf 94' lang='lat' dir='ltr'>illo</span> <span class='ocrx_word' id='word_1_95' title='bbox 498 794 689 834; x_wconf 84' lang='lat' dir='ltr'>subditivo</span> <span class='ocrx_word' id='word_1_96' title='bbox 722 795 830 834; x_wconf 89' lang='lat' dir='ltr'>Sosia</span> <span class='ocrx_word' id='word_1_97' title='bbox 862 795 1004 834; x_wconf 89' lang='lat' dir='ltr'>mirum</span> <span class='ocrx_word' id='word_1_98' title='bbox 1035 795 1163 841; x_wconf 89' lang='lat' dir='ltr'>nimis,</span> 
     </span>
    </p>

    <p class='ocr_par' dir='ltr' id='par_1_8' title="bbox 67 861 1424 914">
     <span class='ocr_line' id='line_1_12' title="bbox 67 861 1424 914; baseline 0.003 -16"><span class='ocrx_word' id='word_1_99' title='bbox 67 866 172 899; x_wconf 84' lang='lat' dir='ltr'>certe</span> <span class='ocrx_word' id='word_1_100' title='bbox 204 861 251 900; x_wconf 90' lang='lat' dir='ltr'>de</span> <span class='ocrx_word' id='word_1_101' title='bbox 281 862 379 901; x_wconf 92' lang='lat' dir='ltr'>istoc</span> <span class='ocrx_word' id='word_1_102' title='bbox 410 863 698 914; x_wconf 78' lang='lat' dir='ltr'>Amphitruone</span> <span class='ocrx_word' id='word_1_103' title='bbox 729 863 802 901; x_wconf 89' lang='lat' dir='ltr'>iam</span> <span class='ocrx_word' id='word_1_104' title='bbox 837 863 999 901; x_wconf 88' lang='lat' dir='ltr'>alterum</span> <span class='ocrx_word' id='word_1_105' title='bbox 1029 863 1171 902; x_wconf 90' lang='lat' dir='ltr'>mirum</span> <span class='ocrx_word' id='word_1_106' title='bbox 1202 869 1262 902; x_wconf 87' lang='lat' dir='ltr'>est</span> <span class='ocrx_word' id='word_1_107' title='bbox 1290 864 1424 914; x_wconf 85' lang='lat' dir='ltr'>magis.</span> 
     </span>
    </p>

    <p class='ocr_par' dir='ltr' id='par_1_9' title="bbox 63 927 1797 1049">
     <span class='ocr_line' id='line_1_13' title="bbox 63 927 1797 982; baseline 0.004 -17"><span class='ocrx_word' id='word_1_108' title='bbox 63 927 211 969; x_wconf 76' lang='lat' dir='ltr'><strong>AMPH.</strong></span> <span class='ocrx_word' id='word_1_109' title='bbox 261 929 401 969; x_wconf 91' lang='lat' dir='ltr'>Nescio</span> <span class='ocrx_word' id='word_1_110' title='bbox 432 931 519 981; x_wconf 91' lang='lat' dir='ltr'>quis</span> <span class='ocrx_word' id='word_1_111' title='bbox 548 930 820 982; x_wconf 83' lang='lat' dir='ltr'>praestigiator</span> <span class='ocrx_word' id='word_1_112' title='bbox 849 931 950 969; x_wconf 87' lang='lat' dir='ltr'>hanc</span> <span class='ocrx_word' id='word_1_113' title='bbox 981 931 1189 969; x_wconf 84' lang='lat' dir='ltr'>frustratur</span> <span class='ocrx_word' id='word_1_114' title='bbox 1220 930 1434 969; x_wconf 88' lang='lat' dir='ltr'>mulierem.</span> <span class='ocrx_word' id='word_1_115' title='bbox 1741 939 1797 972; x_wconf 83' lang='grc'>830</span> 
     </span>
     <span class='ocr_line' id='line_1_14' title="bbox 63 994 1394 1049; baseline 0.002 -16"><span class='ocrx_word' id='word_1_116' title='bbox 63 994 166 1035; x_wconf 83' lang='lat' dir='ltr'>ALc.</span> <span class='ocrx_word' id='word_1_117' title='bbox 218 996 292 1035; x_wconf 91' lang='lat' dir='ltr'>Per</span> <span class='ocrx_word' id='word_1_118' title='bbox 321 998 494 1048; x_wconf 90' lang='lat' dir='ltr'>supremi</span> <span class='ocrx_word' id='word_1_119' title='bbox 526 998 628 1049; x_wconf 88' lang='lat' dir='ltr'>regis</span> <span class='ocrx_word' id='word_1_120' title='bbox 658 1010 823 1049; x_wconf 88' lang='lat' dir='ltr'>regnum</span> <span class='ocrx_word' id='word_1_121' title='bbox 856 998 941 1037; x_wconf 90' lang='lat' dir='ltr'>iuro</span> <span class='ocrx_word' id='word_1_122' title='bbox 973 1004 1011 1036; x_wconf 88' lang='lat' dir='ltr'>et</span> <span class='ocrx_word' id='word_1_123' title='bbox 1040 1004 1202 1037; x_wconf 89' lang='lat' dir='ltr'>matrem</span> <span class='ocrx_word' id='word_1_124' title='bbox 1234 998 1394 1037; x_wconf 85' lang='lat' dir='ltr'>familias</span> 
     </span>
    </p>

    <p class='ocr_par' dir='ltr' id='par_1_10' title="bbox 64 1063 1350 1117">
     <span class='ocr_line' id='line_1_15' title="bbox 64 1063 1350 1117; baseline 0.003 -17"><span class='ocrx_word' id='word_1_125' title='bbox 64 1063 270 1112; x_wconf 88' lang='lat' dir='ltr'>Iunonem,</span> <span class='ocrx_word' id='word_1_126' title='bbox 303 1077 417 1116; x_wconf 90' lang='lat' dir='ltr'>quam</span> <span class='ocrx_word' id='word_1_127' title='bbox 448 1079 510 1105; x_wconf 91' lang='lat' dir='ltr'>me</span> <span class='ocrx_word' id='word_1_128' title='bbox 541 1066 665 1105; x_wconf 84' lang='lat' dir='ltr'>vereri</span> <span class='ocrx_word' id='word_1_129' title='bbox 696 1073 734 1105; x_wconf 88' lang='lat' dir='ltr'>et</span> <span class='ocrx_word' id='word_1_130' title='bbox 763 1073 938 1105; x_wconf 82' lang='lat' dir='ltr'>metuere</span> <span class='ocrx_word' id='word_1_131' title='bbox 970 1072 1028 1105; x_wconf 85' lang='lat' dir='ltr'>est</span> <span class='ocrx_word' id='word_1_132' title='bbox 1057 1078 1127 1117; x_wconf 92' lang='lat' dir='ltr'>par</span> <span class='ocrx_word' id='word_1_133' title='bbox 1157 1078 1350 1113; x_wconf 82' lang='lat' dir='ltr'>maxume,</span> 
     </span>
    </p>

    <p class='ocr_par' dir='ltr' id='par_1_11' title="bbox 66 1131 1272 1185">
     <span class='ocr_line' id='line_1_16' title="bbox 66 1131 1272 1185; baseline 0.003 -17"><span class='ocrx_word' id='word_1_134' title='bbox 66 1137 107 1169; x_wconf 91' lang='lat' dir='ltr'>ut</span> <span class='ocrx_word' id='word_1_135' title='bbox 137 1131 188 1169; x_wconf 91' lang='lat' dir='ltr'>mi</span> <span class='ocrx_word' id='word_1_136' title='bbox 220 1137 326 1171; x_wconf 90' lang='lat' dir='ltr'>extra</span> <span class='ocrx_word' id='word_1_137' title='bbox 357 1145 478 1173; x_wconf 91' lang='lat' dir='ltr'>unum</span> <span class='ocrx_word' id='word_1_138' title='bbox 510 1140 547 1173; x_wconf 83' lang='lat' dir='ltr'>te</span> <span class='ocrx_word' id='word_1_139' title='bbox 578 1133 751 1172; x_wconf 85' lang='lat' dir='ltr'>mortalis</span> <span class='ocrx_word' id='word_1_140' title='bbox 783 1146 898 1172; x_wconf 91' lang='lat' dir='ltr'>nemo</span> <span class='ocrx_word' id='word_1_141' title='bbox 931 1146 1074 1185; x_wconf 91' lang='lat' dir='ltr'>corpus</span> <span class='ocrx_word' id='word_1_142' title='bbox 1105 1146 1272 1185; x_wconf 89' lang='lat' dir='ltr'>corpore</span> 
     </span>
    </p>

    <p class='ocr_par' dir='ltr' id='par_1_12' title="bbox 64 1199 1548 1253">
     <span class='ocr_line' id='line_1_17' title="bbox 64 1199 1548 1253; baseline 0.001 -16"><span class='ocrx_word' id='word_1_143' title='bbox 64 1199 239 1250; x_wconf 87' lang='lat' dir='ltr'>contigit,</span> <span class='ocrx_word' id='word_1_144' title='bbox 271 1212 348 1251; x_wconf 91' lang='lat' dir='ltr'>quo</span> <span class='ocrx_word' id='word_1_145' title='bbox 379 1213 441 1240; x_wconf 92' lang='lat' dir='ltr'>me</span> <span class='ocrx_word' id='word_1_146' title='bbox 471 1201 704 1253; x_wconf 82' lang='lat' dir='ltr'>impudicam</span> <span class='ocrx_word' id='word_1_147' title='bbox 735 1202 891 1240; x_wconf 81' lang='lat' dir='ltr'>faceret.</span> <span class='ocrx_word' id='word_1_148' title='bbox 951 1200 1098 1241; x_wconf 79' lang='grc' dir='ltr'><strong>ΑΜΡΗ.</strong></span> <span class='ocrx_word' id='word_1_149' title='bbox 1148 1201 1245 1240; x_wconf 88' lang='lat' dir='ltr'>Vera</span> <span class='ocrx_word' id='word_1_150' title='bbox 1276 1201 1394 1240; x_wconf 85' lang='lat' dir='ltr'>istaec</span> <span class='ocrx_word' id='word_1_151' title='bbox 1423 1200 1548 1239; x_wconf 91' lang='lat' dir='ltr'>velim.</span> 
     </span>
    </p>

    <p class='ocr_par' dir='ltr' id='par_1_13' title="bbox 62 1265 1793 1454">
     <span class='ocr_line' id='line_1_18' title="bbox 62 1265 1793 1320; baseline 0.002 -16"><span class='ocrx_word' id='word_1_152' title='bbox 62 1265 164 1306; x_wconf 80' lang='lat' dir='ltr'>ALC.</span> <span class='ocrx_word' id='word_1_153' title='bbox 215 1266 313 1306; x_wconf 89' lang='lat' dir='ltr'>Vera</span> <span class='ocrx_word' id='word_1_154' title='bbox 343 1268 442 1314; x_wconf 81' lang='lat' dir='ltr'>dico,</span> <span class='ocrx_word' id='word_1_155' title='bbox 474 1269 541 1307; x_wconf 90' lang='lat' dir='ltr'>sed</span> <span class='ocrx_word' id='word_1_156' title='bbox 573 1269 825 1320; x_wconf 85' lang='lat' dir='ltr'>nequiquam,</span> <span class='ocrx_word' id='word_1_157' title='bbox 858 1268 1042 1319; x_wconf 90' lang='lat' dir='ltr'>quoniam</span> <span class='ocrx_word' id='word_1_158' title='bbox 1076 1281 1154 1307; x_wconf 92' lang='lat' dir='ltr'>non</span> <span class='ocrx_word' id='word_1_159' title='bbox 1187 1268 1242 1307; x_wconf 93' lang='lat' dir='ltr'>vis</span> <span class='ocrx_word' id='word_1_160' title='bbox 1273 1268 1443 1307; x_wconf 89' lang='lat' dir='ltr'>credere.</span> <span class='ocrx_word' id='word_1_161' title='bbox 1737 1276 1793 1309; x_wconf 82' lang='lat'>835</span> 
     </span>
     <span class='ocr_line' id='line_1_19' title="bbox 63 1333 1627 1387; baseline 0.001 -16"><span class='ocrx_word' id='word_1_162' title='bbox 63 1333 210 1375; x_wconf 81' lang='lat' dir='ltr'>AMPH.</span> <span class='ocrx_word' id='word_1_163' title='bbox 259 1335 400 1374; x_wconf 87' lang='lat' dir='ltr'>Mulier</span> <span class='ocrx_word' id='word_1_164' title='bbox 430 1348 483 1383; x_wconf 90' lang='lat' dir='ltr'>es,</span> <span class='ocrx_word' id='word_1_165' title='bbox 516 1337 698 1375; x_wconf 80' lang='lat' dir='ltr'>audacter</span> <span class='ocrx_word' id='word_1_166' title='bbox 729 1337 844 1375; x_wconf 87' lang='lat' dir='ltr'>iuras.</span> <span class='ocrx_word' id='word_1_167' title='bbox 905 1335 1009 1375; x_wconf 85' lang='lat' dir='ltr'>ALc.</span> <span class='ocrx_word' id='word_1_168' title='bbox 1060 1336 1167 1381; x_wconf 86' lang='lat' dir='ltr'>Quae</span> <span class='ocrx_word' id='word_1_169' title='bbox 1201 1349 1279 1374; x_wconf 91' lang='lat' dir='ltr'>non</span> <span class='ocrx_word' id='word_1_170' title='bbox 1313 1335 1486 1387; x_wconf 80' lang='lat' dir='ltr'>deliquit,</span> <span class='ocrx_word' id='word_1_171' title='bbox 1518 1334 1627 1373; x_wconf 90' lang='lat' dir='ltr'>decet</span> 
     </span>
     <span class='ocr_line' id='line_1_20' title="bbox 63 1401 1258 1454; baseline 0.002 -15"><span class='ocrx_word' id='word_1_172' title='bbox 63 1401 247 1440; x_wconf 84' lang='lat' dir='ltr'>audacem</span> <span class='ocrx_word' id='word_1_173' title='bbox 280 1415 375 1449; x_wconf 90' lang='lat' dir='ltr'>esse,</span> <span class='ocrx_word' id='word_1_174' title='bbox 407 1403 654 1442; x_wconf 83' lang='lat' dir='ltr'>confidenter</span> <span class='ocrx_word' id='word_1_175' title='bbox 684 1416 755 1454; x_wconf 91' lang='lat' dir='ltr'>pro</span> <span class='ocrx_word' id='word_1_176' title='bbox 787 1416 827 1442; x_wconf 90' lang='lat' dir='ltr'>se</span> <span class='ocrx_word' id='word_1_177' title='bbox 861 1410 898 1442; x_wconf 87' lang='lat' dir='ltr'>et</span> <span class='ocrx_word' id='word_1_178' title='bbox 929 1409 1107 1454; x_wconf 80' lang='lat' dir='ltr'>proterve</span> <span class='ocrx_word' id='word_1_179' title='bbox 1138 1404 1258 1454; x_wconf 88' lang='lat' dir='ltr'>loqui.</span> 
     </span>
    </p>

    <p class='ocr_par' dir='ltr' id='par_1_14' title="bbox 60 1467 1724 1589">
     <span class='ocr_line' id='line_1_21' title="bbox 61 1467 1724 1523; baseline 0 -16"><span class='ocrx_word' id='word_1_180' title='bbox 61 1467 207 1509; x_wconf 80' lang='lat' dir='ltr'>AMPH.</span> <span class='ocrx_word' id='word_1_181' title='bbox 251 1469 350 1509; x_wconf 85' lang='lat' dir='ltr'>Satis</span> <span class='ocrx_word' id='word_1_182' title='bbox 372 1471 565 1510; x_wconf 88' lang='lat' dir='ltr'>audacter.</span> <span class='ocrx_word' id='word_1_183' title='bbox 609 1471 712 1512; x_wconf 74' lang='lat' dir='ltr'>Am.</span> <span class='ocrx_word' id='word_1_184' title='bbox 759 1471 806 1510; x_wconf 89' lang='lat' dir='ltr'>Vt</span> <span class='ocrx_word' id='word_1_185' title='bbox 827 1471 1005 1523; x_wconf 88' lang='lat' dir='ltr'>pudicam</span> <span class='ocrx_word' id='word_1_186' title='bbox 1029 1472 1151 1510; x_wconf 88' lang='lat' dir='ltr'>decet.</span> <span class='ocrx_word' id='word_1_187' title='bbox 1196 1470 1283 1511; x_wconf 78' lang='lat' dir='ltr'>AM.</span> <span class='ocrx_word' id='word_1_188' title='bbox 1304 1480 1328 1512; x_wconf 83' lang='lat'>÷</span> <span class='ocrx_word' id='word_1_189' title='bbox 1353 1471 1395 1510; x_wconf 91' lang='lat' dir='ltr'>In</span> <span class='ocrx_word' id='word_1_190' title='bbox 1418 1469 1547 1508; x_wconf 77' lang='lat' dir='ltr'>verbis</span> <span class='ocrx_word' id='word_1_191' title='bbox 1567 1468 1724 1520; x_wconf 74' lang='lat' dir='ltr'>probas,</span> 
     </span>
     <span class='ocr_line' id='line_1_22' title="bbox 60 1536 1502 1589; baseline 0.001 -14"><span class='ocrx_word' id='word_1_192' title='bbox 60 1536 163 1577; x_wconf 83' lang='lat' dir='ltr'><strong>ALC.</strong></span> <span class='ocrx_word' id='word_1_193' title='bbox 215 1537 301 1576; x_wconf 85' lang='lat' dir='ltr'>Non</span> <span class='ocrx_word' id='word_1_194' title='bbox 334 1550 405 1589; x_wconf 85' lang='lat' dir='ltr'>ego</span> <span class='ocrx_word' id='word_1_195' title='bbox 437 1539 539 1577; x_wconf 88' lang='lat' dir='ltr'>illam</span> <span class='ocrx_word' id='word_1_196' title='bbox 572 1539 665 1578; x_wconf 83' lang='lat' dir='ltr'>mihi</span> <span class='ocrx_word' id='word_1_197' title='bbox 696 1539 825 1578; x_wconf 90' lang='lat' dir='ltr'>dotem</span> <span class='ocrx_word' id='word_1_198' title='bbox 859 1539 959 1577; x_wconf 90' lang='lat' dir='ltr'>duco</span> <span class='ocrx_word' id='word_1_199' title='bbox 991 1551 1086 1585; x_wconf 84' lang='lat' dir='ltr'>esse,</span> <span class='ocrx_word' id='word_1_200' title='bbox 1119 1551 1218 1589; x_wconf 90' lang='lat' dir='ltr'>quae</span> <span class='ocrx_word' id='word_1_201' title='bbox 1249 1538 1319 1578; x_wconf 89' lang='lat' dir='ltr'>dos</span> <span class='ocrx_word' id='word_1_202' title='bbox 1349 1539 1502 1584; x_wconf 86' lang='lat' dir='ltr'>dicitur,</span> 
     </span>
    </p>

    <p class='ocr_par' dir='ltr' id='par_1_15' title="bbox 60 1605 1792 1726">
     <span class='ocr_line' id='line_1_23' title="bbox 60 1605 1792 1658; baseline 0.003 -16"><span class='ocrx_word' id='word_1_203' title='bbox 60 1605 124 1643; x_wconf 85' lang='lat' dir='ltr'>sed</span> <span class='ocrx_word' id='word_1_204' title='bbox 159 1605 384 1656; x_wconf 88' lang='lat' dir='ltr'>pudicitiam</span> <span class='ocrx_word' id='word_1_205' title='bbox 416 1612 452 1645; x_wconf 91' lang='lat' dir='ltr'>et</span> <span class='ocrx_word' id='word_1_206' title='bbox 483 1607 674 1658; x_wconf 91' lang='lat' dir='ltr'>pudorem</span> <span class='ocrx_word' id='word_1_207' title='bbox 706 1613 743 1645; x_wconf 88' lang='lat' dir='ltr'>et</span> <span class='ocrx_word' id='word_1_208' title='bbox 773 1608 949 1646; x_wconf 88' lang='lat' dir='ltr'>sedatum</span> <span class='ocrx_word' id='word_1_209' title='bbox 981 1606 1219 1658; x_wconf 87' lang='lat' dir='ltr'>cupidinem,</span> <span class='ocrx_word' id='word_1_210' title='bbox 1735 1615 1792 1647; x_wconf 86' lang='grc'>840</span> 
     </span>
     <span class='ocr_line' id='line_1_24' title="bbox 61 1672 1414 1726; baseline 0.001 -15"><span class='ocrx_word' id='word_1_211' title='bbox 61 1672 174 1712; x_wconf 87' lang='lat' dir='ltr'>deum</span> <span class='ocrx_word' id='word_1_212' title='bbox 207 1680 366 1719; x_wconf 83' lang='lat' dir='ltr'>metum,</span> <span class='ocrx_word' id='word_1_213' title='bbox 399 1682 606 1726; x_wconf 86' lang='lat' dir='ltr'>parentum</span> <span class='ocrx_word' id='word_1_214' title='bbox 637 1687 809 1713; x_wconf 89' lang='lat' dir='ltr'>amorem</span> <span class='ocrx_word' id='word_1_215' title='bbox 841 1681 879 1713; x_wconf 92' lang='lat' dir='ltr'>et</span> <span class='ocrx_word' id='word_1_216' title='bbox 909 1681 1118 1725; x_wconf 86' lang='lat' dir='ltr'>cognatum</span> <span class='ocrx_word' id='word_1_217' title='bbox 1150 1674 1414 1720; x_wconf 87' lang='lat' dir='ltr'>concordiam,</span> 
     </span>
    </p>

    <p class='ocr_par' dir='ltr' id='par_1_16' title="bbox 58 1739 1406 1794">
     <span class='ocr_line' id='line_1_25' title="bbox 58 1739 1406 1794; baseline 0.001 -16"><span class='ocrx_word' id='word_1_218' title='bbox 58 1739 126 1778; x_wconf 84' lang='lat' dir='ltr'>tibi</span> <span class='ocrx_word' id='word_1_219' title='bbox 159 1741 350 1792; x_wconf 87' lang='lat' dir='ltr'>morigera</span> <span class='ocrx_word' id='word_1_220' title='bbox 381 1747 497 1793; x_wconf 91' lang='lat' dir='ltr'>atque</span> <span class='ocrx_word' id='word_1_221' title='bbox 528 1749 571 1781; x_wconf 86' lang='lat' dir='ltr'>ut</span> <span class='ocrx_word' id='word_1_222' title='bbox 600 1743 784 1781; x_wconf 82' lang='lat' dir='ltr'>munifica</span> <span class='ocrx_word' id='word_1_223' title='bbox 817 1742 889 1781; x_wconf 90' lang='lat' dir='ltr'>sim</span> <span class='ocrx_word' id='word_1_224' title='bbox 921 1742 1048 1789; x_wconf 88' lang='lat' dir='ltr'>bonis,</span> <span class='ocrx_word' id='word_1_225' title='bbox 1079 1743 1226 1794; x_wconf 90' lang='lat' dir='ltr'>prosim</span> <span class='ocrx_word' id='word_1_226' title='bbox 1257 1741 1406 1793; x_wconf 88' lang='lat' dir='ltr'>probis.</span> 
     </span>
    </p>

    <p class='ocr_par' dir='ltr' id='par_1_17' title="bbox 59 1807 1608 1862">
     <span class='ocr_line' id='line_1_26' title="bbox 59 1807 1608 1862; baseline -0.001 -15"><span class='ocrx_word' id='word_1_227' title='bbox 59 1807 148 1848; x_wconf 79' lang='lat' dir='ltr'>Sos.</span> <span class='ocrx_word' id='word_1_228' title='bbox 199 1808 255 1847; x_wconf 83' lang='lat' dir='ltr'>Ne</span> <span class='ocrx_word' id='word_1_229' title='bbox 286 1809 356 1847; x_wconf 85' lang='lat' dir='ltr'>ista</span> <span class='ocrx_word' id='word_1_230' title='bbox 387 1810 537 1862; x_wconf 89' lang='lat' dir='ltr'>edepol,</span> <span class='ocrx_word' id='word_1_231' title='bbox 569 1810 601 1850; x_wconf 90' lang='lat' dir='ltr'>si</span> <span class='ocrx_word' id='word_1_232' title='bbox 632 1811 728 1849; x_wconf 90' lang='lat' dir='ltr'>haec</span> <span class='ocrx_word' id='word_1_233' title='bbox 760 1823 848 1849; x_wconf 85' lang='lat' dir='ltr'>vera</span> <span class='ocrx_word' id='word_1_234' title='bbox 879 1810 1066 1861; x_wconf 89' lang='lat' dir='ltr'>loquitur,</span> <span class='ocrx_word' id='word_1_235' title='bbox 1099 1810 1330 1849; x_wconf 87' lang='lat' dir='ltr'>examussim</span> <span class='ocrx_word' id='word_1_236' title='bbox 1362 1815 1420 1848; x_wconf 90' lang='lat' dir='ltr'>est</span> <span class='ocrx_word' id='word_1_237' title='bbox 1451 1808 1608 1859; x_wconf 85' lang='lat' dir='ltr'>optima.</span> 
     </span>
    </p>

    <p class='ocr_par' dir='ltr' id='par_1_18' title="bbox 58 1875 1461 1929">
     <span class='ocr_line' id='line_1_27' title="bbox 58 1875 1461 1929; baseline 0.001 -15"><span class='ocrx_word' id='word_1_238' title='bbox 58 1875 205 1915; x_wconf 79' lang='lat' dir='ltr'><strong>AMPH.</strong></span> <span class='ocrx_word' id='word_1_239' title='bbox 253 1876 454 1916; x_wconf 86' lang='lat' dir='ltr'>Delenitus</span> <span class='ocrx_word' id='word_1_240' title='bbox 485 1890 570 1916; x_wconf 91' lang='lat' dir='ltr'>sum</span> <span class='ocrx_word' id='word_1_241' title='bbox 601 1878 779 1929; x_wconf 87' lang='lat' dir='ltr'>profecto</span> <span class='ocrx_word' id='word_1_242' title='bbox 812 1879 874 1925; x_wconf 90' lang='lat' dir='ltr'>ita,</span> <span class='ocrx_word' id='word_1_243' title='bbox 906 1884 950 1917; x_wconf 90' lang='lat' dir='ltr'>ut</span> <span class='ocrx_word' id='word_1_244' title='bbox 979 1890 1041 1916; x_wconf 90' lang='lat' dir='ltr'>me</span> <span class='ocrx_word' id='word_1_245' title='bbox 1072 1878 1138 1929; x_wconf 90' lang='lat' dir='ltr'>qui</span> <span class='ocrx_word' id='word_1_246' title='bbox 1171 1878 1242 1917; x_wconf 91' lang='lat' dir='ltr'>sim</span> <span class='ocrx_word' id='word_1_247' title='bbox 1277 1877 1461 1917; x_wconf 87' lang='lat' dir='ltr'>nesciam.</span> 
     </span>
    </p>

    <p class='ocr_par' dir='ltr' id='par_1_19' title="bbox 58 1942 1790 2065">
     <span class='ocr_line' id='line_1_28' title="bbox 59 1942 1790 1997; baseline 0.002 -14"><span class='ocrx_word' id='word_1_248' title='bbox 59 1942 147 1984; x_wconf 82' lang='lat' dir='ltr'>Sos.</span> <span class='ocrx_word' id='word_1_249' title='bbox 197 1944 431 1995; x_wconf 88' lang='lat' dir='ltr'>Amphitruo</span> <span class='ocrx_word' id='word_1_250' title='bbox 462 1958 504 1985; x_wconf 88' lang='lat' dir='ltr'>es</span> <span class='ocrx_word' id='word_1_251' title='bbox 536 1946 725 1996; x_wconf 78' lang='lat' dir='ltr'>profecto,</span> <span class='ocrx_word' id='word_1_252' title='bbox 757 1958 847 1984; x_wconf 90' lang='lat' dir='ltr'>cave</span> <span class='ocrx_word' id='word_1_253' title='bbox 878 1946 929 1984; x_wconf 91' lang='lat' dir='ltr'>sis</span> <span class='ocrx_word' id='word_1_254' title='bbox 960 1958 1009 1984; x_wconf 91' lang='lat' dir='ltr'>ne</span> <span class='ocrx_word' id='word_1_255' title='bbox 1040 1951 1082 1984; x_wconf 90' lang='lat' dir='ltr'>tu</span> <span class='ocrx_word' id='word_1_256' title='bbox 1113 1952 1150 1984; x_wconf 87' lang='lat' dir='ltr'>te</span> <span class='ocrx_word' id='word_1_257' title='bbox 1182 1958 1254 1984; x_wconf 90' lang='lat' dir='ltr'>usu</span> <span class='ocrx_word' id='word_1_258' title='bbox 1286 1945 1466 1997; x_wconf 87' lang='lat' dir='ltr'>perduis:</span> <span class='ocrx_word' id='word_1_259' title='bbox 1734 1954 1790 1986; x_wconf 80' lang='lat'>845</span> 
     </span>
     <span class='ocr_line' id='line_1_29' title="bbox 58 2011 1456 2065; baseline 0.001 -16"><span class='ocrx_word' id='word_1_260' title='bbox 58 2011 107 2049; x_wconf 82' lang='lat' dir='ltr'>ita</span> <span class='ocrx_word' id='word_1_261' title='bbox 140 2024 247 2051; x_wconf 91' lang='lat' dir='ltr'>nunc</span> <span class='ocrx_word' id='word_1_262' title='bbox 278 2013 456 2052; x_wconf 88' lang='lat' dir='ltr'>homines</span> <span class='ocrx_word' id='word_1_263' title='bbox 486 2013 754 2061; x_wconf 86' lang='lat' dir='ltr'>immutantur,</span> <span class='ocrx_word' id='word_1_264' title='bbox 787 2020 991 2064; x_wconf 83' lang='lat' dir='ltr'>postquam</span> <span class='ocrx_word' id='word_1_265' title='bbox 1026 2026 1188 2065; x_wconf 87' lang='lat' dir='ltr'>peregre</span> <span class='ocrx_word' id='word_1_266' title='bbox 1218 2013 1456 2052; x_wconf 88' lang='lat' dir='ltr'>advenimus.</span> 
     </span>
    </p>

    <p class='ocr_par' dir='ltr' id='par_1_20' title="bbox 57 2079 1518 2132">
     <span class='ocr_line' id='line_1_30' title="bbox 57 2079 1518 2132; baseline 0 -15"><span class='ocrx_word' id='word_1_267' title='bbox 57 2079 204 2120; x_wconf 77' lang='lat' dir='ltr'><strong>AMPH.</strong></span> <span class='ocrx_word' id='word_1_268' title='bbox 254 2079 404 2127; x_wconf 90' lang='lat' dir='ltr'>Mulier,</span> <span class='ocrx_word' id='word_1_269' title='bbox 435 2080 547 2119; x_wconf 91' lang='lat' dir='ltr'>istam</span> <span class='ocrx_word' id='word_1_270' title='bbox 577 2093 658 2119; x_wconf 91' lang='lat' dir='ltr'>rem</span> <span class='ocrx_word' id='word_1_271' title='bbox 689 2082 914 2132; x_wconf 81' lang='lat' dir='ltr'>inquisitam</span> <span class='ocrx_word' id='word_1_272' title='bbox 946 2087 1095 2120; x_wconf 87' lang='lat' dir='ltr'>certum</span> <span class='ocrx_word' id='word_1_273' title='bbox 1128 2088 1186 2120; x_wconf 92' lang='lat' dir='ltr'>est</span> <span class='ocrx_word' id='word_1_274' title='bbox 1217 2093 1295 2119; x_wconf 89' lang='lat' dir='ltr'>non</span> <span class='ocrx_word' id='word_1_275' title='bbox 1328 2080 1518 2119; x_wconf 87' lang='lat' dir='ltr'>amittere.</span> 
     </span>
    </p>
   </div>
   <div class='ocr_carea' id='block_1_3' title="bbox 1098 2159 1681 2173">
    <p class='ocr_par' dir='ltr' id='par_1_21' title="bbox 1098 2159 1681 2173">
     <span class='ocr_line' id='line_1_31' title="bbox 1098 2159 1681 2173; baseline 0 0"><span class='ocrx_word' id='word_1_276' title='bbox 1098 2159 1681 2173; x_wconf 95' lang='lat' dir='ltr'> </span> 
     </span>
    </p>
   </div>
   <div class='ocr_carea' id='block_1_4' title="bbox 53 2211 1726 2819">
    <p class='ocr_par' dir='ltr' id='par_1_22' title="bbox 53 2211 1726 2819">
     <span class='ocr_line' id='line_1_32' title="bbox 172 2211 1722 2259; baseline -0.001 -13"><span class='ocrx_word' id='word_1_277' title='bbox 172 2214 233 2247; x_wconf 94' lang='grc'>821</span> <span class='ocrx_word' id='word_1_278' title='bbox 260 2212 499 2258; x_wconf 81' lang='lat' dir='ltr'>inpudicitiae</span> <span class='ocrx_word' id='word_1_279' title='bbox 629 2223 759 2258; x_wconf 83' lang='lat' dir='ltr'>capere</span> <span class='ocrx_word' id='word_1_280' title='bbox 782 2224 855 2249; x_wconf 94' lang='lat' dir='ltr'>non</span> <span class='ocrx_word' id='word_1_281' title='bbox 880 2216 983 2259; x_wconf 83' lang='lat' dir='ltr'>potes</span> <span class='ocrx_word' id='word_1_282' title='bbox 1007 2213 1191 2249; x_wconf 76' lang='lat' dir='ltr'>Muretus:</span> <span class='ocrx_word' id='word_1_283' title='bbox 1214 2223 1288 2247; x_wconf 93' lang='lat' dir='ltr'>non</span> <span class='ocrx_word' id='word_1_284' title='bbox 1311 2215 1415 2257; x_wconf 86' lang='lat' dir='ltr'>potes</span> <span class='ocrx_word' id='word_1_285' title='bbox 1440 2214 1573 2257; x_wconf 86' lang='lat' dir='ltr'>(potest</span> <span class='ocrx_word' id='word_1_286' title='bbox 1596 2211 1639 2253; x_wconf 86' lang='grc' dir='ltr'>Β)</span> <span class='ocrx_word' id='word_1_287' title='bbox 1665 2222 1722 2246; x_wconf 86' lang='lat' dir='ltr'>ca-</span> 
     </span>
     <span class='ocr_line' id='line_1_33' title="bbox 56 2269 1631 2314; baseline -0.001 -11"><span class='ocrx_word' id='word_1_288' title='bbox 56 2278 142 2313; x_wconf 86' lang='lat' dir='ltr'>pere</span> <span class='ocrx_word' id='word_1_289' title='bbox 279 2271 343 2302; x_wconf 84' lang='lat'>822</span> <span class='ocrx_word' id='word_1_290' title='bbox 376 2270 575 2305; x_wconf 88' lang='lat' dir='ltr'>inmortalis</span> <span class='ocrx_word' id='word_1_291' title='bbox 712 2270 809 2305; x_wconf 85' lang='lat' dir='ltr'>sosia</span> <span class='ocrx_word' id='word_1_292' title='bbox 841 2271 967 2305; x_wconf 84' lang='lat' dir='ltr'>saltem</span> <span class='ocrx_word' id='word_1_293' title='bbox 992 2269 1028 2304; x_wconf 83' lang='lat' dir='ltr'><em>E</em></span> <span class='ocrx_word' id='word_1_294' title='bbox 1163 2273 1228 2305; x_wconf 75' lang='lat'>824</span> <span class='ocrx_word' id='word_1_295' title='bbox 1251 2280 1306 2314; x_wconf 78' lang='lat' dir='ltr'>sq.</span> <span class='ocrx_word' id='word_1_296' title='bbox 1338 2269 1477 2310; x_wconf 85' lang='lat' dir='ltr'>Sosiae,</span> <span class='ocrx_word' id='word_1_297' title='bbox 1501 2277 1594 2302; x_wconf 82' lang='lat' dir='ltr'>corr.</span> <span class='ocrx_word' id='word_1_298' title='bbox 1614 2279 1631 2302; x_wconf 85' lang='grc' dir='ltr'><em>ς</em></span> 
     </span>
     <span class='ocr_line' id='line_1_34' title="bbox 59 2322 1722 2371; baseline -0.002 -12"><span class='ocrx_word' id='word_1_299' title='bbox 59 2326 122 2359; x_wconf 81' lang='grc'>826</span> <span class='ocrx_word' id='word_1_300' title='bbox 150 2325 270 2371; x_wconf 85' lang='lat' dir='ltr'>possis</span> <span class='ocrx_word' id='word_1_301' title='bbox 302 2325 394 2360; x_wconf 85' lang='lat' dir='ltr'>alius</span> <span class='ocrx_word' id='word_1_302' title='bbox 427 2325 643 2370; x_wconf 85' lang='lat' dir='ltr'>Amphitruo</span> <span class='ocrx_word' id='word_1_303' title='bbox 781 2329 816 2361; x_wconf 88' lang='lat' dir='ltr'>te</span> <span class='ocrx_word' id='word_1_304' title='bbox 841 2326 900 2361; x_wconf 89' lang='lat' dir='ltr'>hic</span> <span class='ocrx_word' id='word_1_305' title='bbox 927 2326 1089 2369; x_wconf 85' lang='lat' dir='ltr'>absente,</span> <span class='ocrx_word' id='word_1_306' title='bbox 1114 2327 1164 2371; x_wconf 84' lang='lat' dir='ltr'>cf.</span> <span class='ocrx_word' id='word_1_307' title='bbox 1186 2327 1272 2369; x_wconf 68' lang='lat'>542,</span> <span class='ocrx_word' id='word_1_308' title='bbox 1305 2324 1337 2359; x_wconf 90' lang='lat' dir='ltr'><em>V</em></span> <span class='ocrx_word' id='word_1_309' title='bbox 1337 2324 1488 2359; x_wconf 70' lang='lat' dir='ltr'>ablenus</span> <span class='ocrx_word' id='word_1_310' title='bbox 1516 2322 1640 2357; x_wconf 84' lang='lat' dir='ltr'>Herm.</span> <span class='ocrx_word' id='word_1_311' title='bbox 1668 2324 1722 2364; x_wconf 87' lang='lat'>17,</span> 
     </span>
     <span class='ocr_line' id='line_1_35' title="bbox 56 2379 1726 2427; baseline -0.001 -12"><span class='ocrx_word' id='word_1_312' title='bbox 56 2382 123 2415; x_wconf 82' lang='lat'>599</span> <span class='ocrx_word' id='word_1_313' title='bbox 135 2391 190 2426; x_wconf 83' lang='lat' dir='ltr'>sq.</span> <span class='ocrx_word' id='word_1_314' title='bbox 224 2380 267 2416; x_wconf 83' lang='lat' dir='ltr'>de</span> <span class='ocrx_word' id='word_1_315' title='bbox 290 2391 330 2415; x_wconf 88' lang='lat' dir='ltr'>re</span> <span class='ocrx_word' id='word_1_316' title='bbox 354 2381 405 2425; x_wconf 84' lang='lat' dir='ltr'>cf.</span> <span class='ocrx_word' id='word_1_317' title='bbox 433 2380 504 2416; x_wconf 79' lang='lat' dir='ltr'>Cic.</span> <span class='ocrx_word' id='word_1_318' title='bbox 523 2392 597 2427; x_wconf 79' lang='lat' dir='ltr'>pro</span> <span class='ocrx_word' id='word_1_319' title='bbox 622 2380 763 2424; x_wconf 80' lang='lat' dir='ltr'>Quinct.</span> <span class='ocrx_word' id='word_1_320' title='bbox 789 2383 833 2416; x_wconf 81' lang='lat'>60</span> <span class='ocrx_word' id='word_1_321' title='bbox 846 2393 899 2427; x_wconf 84' lang='lat' dir='ltr'>sq.</span> <span class='ocrx_word' id='word_1_322' title='bbox 911 2394 925 2422; x_wconf 93' lang='lat'>‚·</span> <span class='ocrx_word' id='word_1_323' title='bbox 956 2382 1058 2416; x_wconf 81' lang='lat' dir='ltr'>aliud</span> <span class='ocrx_word' id='word_1_324' title='bbox 1087 2388 1139 2416; x_wconf 85' lang='lat' dir='ltr'>est</span> <span class='ocrx_word' id='word_1_325' title='bbox 1171 2393 1246 2417; x_wconf 82' lang='lat' dir='ltr'>rem</span> <span class='ocrx_word' id='word_1_326' title='bbox 1277 2380 1432 2416; x_wconf 81' lang='lat' dir='ltr'>alicuius</span> <span class='ocrx_word' id='word_1_327' title='bbox 1464 2390 1593 2414; x_wconf 80' lang='lat' dir='ltr'>curare</span> <span class='ocrx_word' id='word_1_328' title='bbox 1617 2379 1726 2424; x_wconf 77' lang='lat' dir='ltr'>quasi</span> 
     </span>
     <span class='ocr_line' id='line_1_36' title="bbox 53 2437 1723 2484; baseline -0.003 -11"><span class='ocrx_word' id='word_1_329' title='bbox 53 2442 331 2483; x_wconf 80' lang='lat' dir='ltr'>procuratorem</span> <span class='ocrx_word' id='word_1_330' title='bbox 356 2449 378 2472; x_wconf 85' lang='lat' dir='ltr'><em>a</em></span> <span class='ocrx_word' id='word_1_331' title='bbox 395 2438 654 2483; x_wconf 79' lang='lat' dir='ltr'>proficiscente</span> <span class='ocrx_word' id='word_1_332' title='bbox 668 2438 844 2480; x_wconf 82' lang='lat' dir='ltr'>relictum,</span> <span class='ocrx_word' id='word_1_333' title='bbox 870 2438 973 2472; x_wconf 81' lang='lat' dir='ltr'>atiud</span> <span class='ocrx_word' id='word_1_334' title='bbox 995 2439 1110 2484; x_wconf 78' lang='lat' dir='ltr'>ipsius</span> <span class='ocrx_word' id='word_1_335' title='bbox 1125 2449 1271 2473; x_wconf 77' lang='lat' dir='ltr'>munere</span> <span class='ocrx_word' id='word_1_336' title='bbox 1284 2438 1399 2483; x_wconf 54' lang='grc' dir='ltr'><em>ἵππῳ·</em></span> <span class='ocrx_word' id='word_1_337' title='bbox 1489 2437 1552 2469; x_wconf 85' lang='grc'>828</span> <span class='ocrx_word' id='word_1_338' title='bbox 1570 2445 1723 2479; x_wconf 83' lang='lat' dir='ltr'>namque</span> 
     </span>
     <span class='ocr_line' id='line_1_37' title="bbox 56 2492 1722 2540; baseline -0.002 -12"><span class='ocrx_word' id='word_1_339' title='bbox 56 2493 112 2537; x_wconf 89' lang='lat' dir='ltr'>de,</span> <span class='ocrx_word' id='word_1_340' title='bbox 137 2494 288 2529; x_wconf 74' lang='lat' dir='ltr'>correxi</span> <span class='ocrx_word' id='word_1_341' title='bbox 398 2493 505 2528; x_wconf 81' lang='lat' dir='ltr'>nimis</span> <span class='ocrx_word' id='word_1_342' title='bbox 530 2497 595 2535; x_wconf 85' lang='lat' dir='ltr'>est,</span> <span class='ocrx_word' id='word_1_343' title='bbox 620 2494 768 2529; x_wconf 77' lang='lat' dir='ltr'>correxi</span> <span class='ocrx_word' id='word_1_344' title='bbox 876 2497 940 2529; x_wconf 81' lang='lat'>829</span> <span class='ocrx_word' id='word_1_345' title='bbox 965 2494 1241 2540; x_wconf 72' lang='lat' dir='ltr'>Amphitryonis</span> <span class='ocrx_word' id='word_1_346' title='bbox 1264 2493 1298 2528; x_wconf 84' lang='lat' dir='ltr'><em>D</em></span> <span class='ocrx_word' id='word_1_347' title='bbox 1408 2495 1472 2527; x_wconf 89' lang='grc'>830</span> <span class='ocrx_word' id='word_1_348' title='bbox 1498 2493 1621 2526; x_wconf 79' lang='lat' dir='ltr'>AMPH.</span> <span class='ocrx_word' id='word_1_349' title='bbox 1648 2492 1722 2526; x_wconf 87' lang='lat' dir='ltr'>Bo-</span> 
     </span>
     <span class='ocr_line' id='line_1_38' title="bbox 58 2548 1631 2595; baseline -0.002 -11"><span class='ocrx_word' id='word_1_350' title='bbox 58 2549 173 2584; x_wconf 69' lang='lat' dir='ltr'>iltius.-</span> <span class='ocrx_word' id='word_1_351' title='bbox 197 2560 265 2584; x_wconf 86' lang='lat' dir='ltr'>om.</span> <span class='ocrx_word' id='word_1_352' title='bbox 377 2550 472 2594; x_wconf 84' lang='lat' dir='ltr'>fort.</span> <span class='ocrx_word' id='word_1_353' title='bbox 497 2551 711 2586; x_wconf 85' lang='lat' dir='ltr'>frustratust</span> <span class='ocrx_word' id='word_1_354' title='bbox 827 2553 891 2585; x_wconf 87' lang='grc'>836</span> <span class='ocrx_word' id='word_1_355' title='bbox 916 2551 1074 2595; x_wconf 85' lang='lat' dir='ltr'>deliquid</span> <span class='ocrx_word' id='word_1_356' title='bbox 1099 2550 1180 2592; x_wconf 78' lang='lat' dir='ltr'>DE,</span> <span class='ocrx_word' id='word_1_357' title='bbox 1205 2550 1380 2594; x_wconf 87' lang='lat' dir='ltr'>delinquit</span> <span class='ocrx_word' id='word_1_358' title='bbox 1404 2548 1545 2583; x_wconf 84' lang='lat' dir='ltr'>Nonius</span> <span class='ocrx_word' id='word_1_359' title='bbox 1563 2548 1631 2581; x_wconf 78' lang='lat'>262</span> 
     </span>
     <span class='ocr_line' id='line_1_39' title="bbox 57 2604 1718 2651; baseline -0.001 -12"><span class='ocrx_word' id='word_1_360' title='bbox 57 2607 120 2639; x_wconf 80' lang='grc'>837</span> <span class='ocrx_word' id='word_1_361' title='bbox 145 2608 342 2651; x_wconf 80' lang='lat' dir='ltr'>propterue</span> <span class='ocrx_word' id='word_1_362' title='bbox 365 2605 399 2640; x_wconf 80' lang='lat' dir='ltr'><em>D</em></span> <span class='ocrx_word' id='word_1_363' title='bbox 492 2609 557 2641; x_wconf 87' lang='grc'>838</span> <span class='ocrx_word' id='word_1_364' title='bbox 582 2607 765 2642; x_wconf 83' lang='lat' dir='ltr'>condecet.</span> <span class='ocrx_word' id='word_1_365' title='bbox 791 2609 833 2641; x_wconf 90' lang='lat' dir='ltr'>A.</span> <span class='ocrx_word' id='word_1_366' title='bbox 860 2607 981 2642; x_wconf 84' lang='lat' dir='ltr'>uerbis</span> <span class='ocrx_word' id='word_1_367' title='bbox 1009 2606 1161 2641; x_wconf 78' lang='lat' dir='ltr'>Bothius</span> <span class='ocrx_word' id='word_1_368' title='bbox 1251 2607 1367 2650; x_wconf 86' lang='lat' dir='ltr'>proba</span> <span class='ocrx_word' id='word_1_369' title='bbox 1391 2616 1430 2640; x_wconf 88' lang='lat' dir='ltr'>es</span> <span class='ocrx_word' id='word_1_370' title='bbox 1449 2606 1621 2639; x_wconf 81' lang='lat' dir='ltr'>Gruterus</span> <span class='ocrx_word' id='word_1_371' title='bbox 1628 2616 1643 2646; x_wconf 91' lang='lat'><em>;</em></span> <span class='ocrx_word' id='word_1_372' title='bbox 1667 2604 1718 2649; x_wconf 79' lang='lat' dir='ltr'>cf.</span> 
     </span>
     <span class='ocr_line' id='line_1_40' title="bbox 56 2661 1718 2709; baseline 0 -14"><span class='ocrx_word' id='word_1_373' title='bbox 56 2661 257 2696; x_wconf 82' lang='lat' dir='ltr'>Lorenzius</span> <span class='ocrx_word' id='word_1_374' title='bbox 287 2662 336 2696; x_wconf 83' lang='lat' dir='ltr'>ad</span> <span class='ocrx_word' id='word_1_375' title='bbox 360 2662 490 2698; x_wconf 82' lang='lat' dir='ltr'>Pseud.</span> <span class='ocrx_word' id='word_1_376' title='bbox 517 2665 580 2697; x_wconf 81' lang='lat'>101</span> <span class='ocrx_word' id='word_1_377' title='bbox 605 2675 690 2709; x_wconf 77' lang='lat' dir='ltr'>app.</span> <span class='ocrx_word' id='word_1_378' title='bbox 784 2674 923 2699; x_wconf 79' lang='lat' dir='ltr'>versum</span> <span class='ocrx_word' id='word_1_379' title='bbox 948 2662 1217 2709; x_wconf 62' lang='lat' dir='ltr'>dittographiae</span> <span class='ocrx_word' id='word_1_380' title='bbox 1243 2662 1368 2697; x_wconf 75' lang='lat' dir='ltr'>tribuit</span> <span class='ocrx_word' id='word_1_381' title='bbox 1392 2661 1608 2697; x_wconf 71' lang='lat' dir='ltr'>Ribbeclcius</span> <span class='ocrx_word' id='word_1_382' title='bbox 1631 2672 1718 2696; x_wconf 85' lang='lat' dir='ltr'>mus.</span> 
     </span>
     <span class='ocr_line' id='line_1_41' title="bbox 58 2717 1719 2764; baseline 0 -12"><span class='ocrx_word' id='word_1_383' title='bbox 58 2717 170 2753; x_wconf 83' lang='lat' dir='ltr'>Rlzen.</span> <span class='ocrx_word' id='word_1_384' title='bbox 197 2719 258 2760; x_wconf 80' lang='lat'>38,</span> <span class='ocrx_word' id='word_1_385' title='bbox 284 2720 370 2756; x_wconf 77' lang='lat'><em>453:</em></span> <span class='ocrx_word' id='word_1_386' title='bbox 393 2719 485 2755; x_wconf 81' lang='lat' dir='ltr'>idem</span> <span class='ocrx_word' id='word_1_387' title='bbox 511 2724 594 2754; x_wconf 78' lang='lat' dir='ltr'>ante</span> <span class='ocrx_word' id='word_1_388' title='bbox 610 2731 641 2755; x_wconf 87' lang='lat' dir='ltr'>v.</span> <span class='ocrx_word' id='word_1_389' title='bbox 655 2722 721 2755; x_wconf 79' lang='lat'>839</span> <span class='ocrx_word' id='word_1_390' title='bbox 745 2720 970 2755; x_wconf 76' lang='lat' dir='ltr'>intercidisse</span> <span class='ocrx_word' id='word_1_391' title='bbox 993 2719 1266 2764; x_wconf 73' lang='lat' dir='ltr'>Amphitryonis</span> <span class='ocrx_word' id='word_1_392' title='bbox 1288 2719 1396 2753; x_wconf 78' lang='lat' dir='ltr'>verba</span> <span class='ocrx_word' id='word_1_393' title='bbox 1421 2718 1465 2752; x_wconf 82' lang='lat' dir='ltr'>cle</span> <span class='ocrx_word' id='word_1_394' title='bbox 1488 2718 1640 2764; x_wconf 79' lang='lat' dir='ltr'>repudio</span> <span class='ocrx_word' id='word_1_395' title='bbox 1666 2718 1719 2752; x_wconf 86' lang='lat' dir='ltr'>in-</span> 
     </span>
     <span class='ocr_line' id='line_1_42' title="bbox 59 2773 1629 2819; baseline 0 -11"><span class='ocrx_word' id='word_1_396' title='bbox 59 2774 199 2809; x_wconf 79' lang='lat' dir='ltr'>tellexit</span> <span class='ocrx_word' id='word_1_397' title='bbox 291 2777 354 2809; x_wconf 88' lang='grc'>842</span> <span class='ocrx_word' id='word_1_398' title='bbox 371 2778 410 2810; x_wconf 88' lang='lat' dir='ltr'>ut</span> <span class='ocrx_word' id='word_1_399' title='bbox 427 2776 478 2819; x_wconf 84' lang='lat' dir='ltr'>cf.</span> <span class='ocrx_word' id='word_1_400' title='bbox 493 2775 542 2810; x_wconf 83' lang='lat' dir='ltr'>ad</span> <span class='ocrx_word' id='word_1_401' title='bbox 553 2787 584 2810; x_wconf 83' lang='grc' dir='ltr'>υ.</span> <span class='ocrx_word' id='word_1_402' title='bbox 598 2778 620 2810; x_wconf 89' lang='grc'><em>9</em></span> <span class='ocrx_word' id='word_1_403' title='bbox 711 2776 900 2811; x_wconf 87' lang='lat' dir='ltr'>munificas</span> <span class='ocrx_word' id='word_1_404' title='bbox 913 2776 950 2810; x_wconf 90' lang='lat' dir='ltr'>in</span> <span class='ocrx_word' id='word_1_405' title='bbox 967 2775 1070 2810; x_wconf 85' lang='lat' dir='ltr'>bonis</span> <span class='ocrx_word' id='word_1_406' title='bbox 1164 2777 1229 2809; x_wconf 78' lang='lat'>843</span> <span class='ocrx_word' id='word_1_407' title='bbox 1243 2785 1332 2809; x_wconf 85' lang='lat' dir='ltr'>uera</span> <span class='ocrx_word' id='word_1_408' title='bbox 1348 2776 1437 2809; x_wconf 83' lang='lat' dir='ltr'>haec</span> <span class='ocrx_word' id='word_1_409' title='bbox 1455 2773 1595 2809; x_wconf 79' lang='lat' dir='ltr'>Nonius</span> <span class='ocrx_word' id='word_1_410' title='bbox 1607 2775 1629 2808; x_wconf 89' lang='lat'><em>9</em></span> 
     </span>
    </p>
   </div>
   <div class='ocr_carea' id='block_1_5' title="bbox 60 2830 1628 2922">
    <p class='ocr_par' dir='ltr' id='par_1_23' title="bbox 60 2830 1628 2922">
     <span class='ocr_line' id='line_1_43' title="bbox 60 2830 1628 2868; baseline 0.001 -4"><span class='ocrx_word' id='word_1_411' title='bbox 60 2833 124 2865; x_wconf 75' lang='grc'>844</span> <span class='ocrx_word' id='word_1_412' title='bbox 149 2830 327 2866; x_wconf 84' lang='lat' dir='ltr'>delenitus</span> <span class='ocrx_word' id='word_1_413' title='bbox 350 2831 492 2866; x_wconf 70' lang='lat' dir='ltr'>Nonius</span> <span class='ocrx_word' id='word_1_414' title='bbox 508 2833 588 2866; x_wconf 75' lang='lat'><em>278:</em></span> <span class='ocrx_word' id='word_1_415' title='bbox 616 2833 785 2868; x_wconf 84' lang='lat' dir='ltr'>delinitus</span> <span class='ocrx_word' id='word_1_416' title='bbox 879 2835 943 2867; x_wconf 81' lang='grc'>845</span> <span class='ocrx_word' id='word_1_417' title='bbox 968 2834 1023 2867; x_wconf 82' lang='lat' dir='ltr'>est</span> <span class='ocrx_word' id='word_1_418' title='bbox 1039 2831 1180 2866; x_wconf 82' lang='lat' dir='ltr'>Nonius</span> <span class='ocrx_word' id='word_1_419' title='bbox 1197 2832 1264 2865; x_wconf 76' lang='lat'>453</span> <span class='ocrx_word' id='word_1_420' title='bbox 1357 2833 1419 2866; x_wconf 78' lang='grc'>847</span> <span class='ocrx_word' id='word_1_421' title='bbox 1445 2830 1562 2866; x_wconf 79' lang='lat' dir='ltr'>istanc</span> <span class='ocrx_word' id='word_1_422' title='bbox 1580 2830 1628 2865; x_wconf 70' lang='lat'>3²</span> 
     </span>
     <span class='ocr_line' id='line_1_44' title="bbox 1399 2888 1447 2922; baseline 0 -13"><span class='ocrx_word' id='word_1_423' title='bbox 1399 2888 1447 2922; x_wconf 82' lang='lat'>3*</span> 
     </span>
    </p>
   </div>
  </div>
 </body>
</html>
