2018 3183
228 88 309 126 410
970 87 1150 122 PLAVTI
1638 86 1682 115 Ν
1700 87 1897 121 2.109-3,24

227 215 336 242 nune
368 201 446 249 ibo,
479 201 599 240 orabo
631 206 674 239 ut
704 200 797 240 mihi
829 200 968 252 pallam
1001 201 1148 249 reddat,
1180 213 1295 252 quam
1329 202 1475 242 dudum
1506 203 1616 251 dedi;

227 270 342 309 aliam
373 269 426 309 illi
459 268 647 307 redimam
678 267 896 307 meliorem.
957 269 1066 315 heus,
1098 269 1234 320 ecquis
1264 269 1326 308 hic
1358 276 1416 309 est
1446 268 1617 309 ianitor?

228 338 377 389 aperite
408 343 524 387 atque
556 334 734 374 Erotium
766 334 906 387 aliquis
937 342 1095 375 evocate
1127 343 1218 376 ante
1251 337 1406 376 ostium.

925 403 1191 444 EROTIVM
1787 404 1851 444 IV
1872 406 1896 444 3

227 473 324 519 Quis
354 472 417 511 hic
449 484 510 511 me
541 469 721 522 quaerit?
781 471 898 512 MEN.
948 471 1031 511 Sibi
1062 472 1247 512 inimicus
1277 472 1400 524 magis
1433 484 1550 525 quam
1583 472 1698 511 aetati
1728 477 1830 510 tuae.
1908 478 1965 511 675

225 541 302 581 ER.
353 540 404 579 Mi
435 538 702 585 Menaechme,
734 550 806 578 cur
836 545 927 578 ante
958 539 1063 579 aedis
1094 537 1224 579 astas?
1269 552 1434 592 sequere
1455 541 1574 580 intio.
1629 539 1746 579 ΜΕΝ.
1767 538 1895 578 Mane.

224 609 306 648 scin
340 607 432 659 quid
453 614 512 647 est
534 607 637 658 quod
670 619 741 658 ego
763 606 808 645 ad
840 613 877 646 te
908 605 1051 646 venio?
1093 607 1171 648 ER.
1223 607 1325 655 Scio,
1356 614 1400 647 ut
1420 607 1489 647 tibi
1520 620 1567 647 ex
1597 620 1659 647 me
1688 607 1738 647 sit
1766 607 1896 658 volup.

224 675 340 716 ΜΕΝ.
391 674 515 714 Immo
546 674 687 726 edepol
718 674 858 726 pallam
889 674 1007 721 illam,
1039 675 1178 715 amabo
1210 681 1261 724 te,
1294 687 1410 726 quam
1442 675 1511 715 tibi
1542 675 1690 715 dudum
1721 674 1822 722 dedi,

227 743 320 782 mihi
352 755 438 782 eam
470 743 602 782 redde.
663 755 761 782 uxor
792 742 950 782 rescivit
979 755 1063 782 rem
1094 755 1265 791 omnem,
1297 750 1340 782 ut
1371 744 1515 783 sactum
1547 749 1617 790 est,
1650 742 1801 783 ordine.

224 824 297 863 ego
329 811 398 850 tibi
429 811 615 850 redimam
648 810 708 851 bis
740 817 848 850 tanto
879 811 1005 863 pluris
1037 811 1191 863 pallam,
1224 824 1338 863 quam
1371 811 1489 852 voles.
1909 817 1966 851 680

224 879 302 920 ER.
354 878 441 918 Tibi
472 879 560 918 dedi
591 878 773 930 equidem
804 878 923 926 illam,
954 879 1001 918 ad
1032 879 1292 931 phrygionem
1328 882 1371 919 ut
1401 880 1536 925 ferres,
1568 879 1684 931 paulo
1718 879 1840 931 prius,

224 954 263 985 et
293 946 386 986 illud
418 947 584 999 spinter,
617 952 659 986 ut
689 947 735 986 ad
768 947 968 986 aurificem
1000 948 1139 995 serres,
1170 955 1214 986 ut
1244 948 1357 988 fieret
1389 960 1545 987 novom.

223 1015 340 1056 ΜΕΝ.
391 1015 485 1054 Mihi
516 1021 557 1054 tu
589 1021 633 1054 ut
655 1014 808 1054 dederis
828 1014 968 1066 pallam
1000 1020 1039 1054 et
1067 1013 1249 1067 spinter?
1288 1027 1502 1067 numquam
1535 1016 1680 1055 sactum
1711 1014 1897 1067 reperies.

224 1095 312 1122 nam
347 1094 420 1133 ego
452 1081 611 1134 quidem
642 1090 848 1134 postquam
880 1081 983 1121 illam
1014 1083 1160 1122 dudum
1192 1082 1263 1122 tibi
1293 1083 1380 1122 dedi
1412 1089 1530 1134 atque
1562 1082 1639 1122 abii
1671 1081 1718 1122 ad
1750 1083 1892 1129 forum,

223 1163 330 1190 nunc
361 1150 491 1196 redeo,
525 1162 632 1189 nunc
664 1156 700 1189 te
733 1149 910 1201 postillac
940 1149 1065 1189 video.
1125 1151 1203 1191 ER.
1253 1150 1372 1190 Video
1404 1163 1519 1202 quam
1552 1163 1635 1190 rem
1665 1150 1758 1202 agis.
1908 1158 1965 1192 685
2015 1167 2018 1174 ·

222 1219 311 1269 quia
342 1218 532 1266 commisi,
564 1225 606 1257 ut
636 1230 698 1257 me
729 1217 925 1265 defrudes,
955 1218 1002 1257 ad
1034 1231 1117 1258 eam
1149 1230 1230 1258 rem
1263 1218 1434 1258 adfectas
1463 1219 1575 1258 viam.

221 1286 338 1328 ΜΕΝ.
369 1287 505 1338 Neque
536 1286 676 1338 edepol
708 1293 744 1325 te
776 1286 1010 1326 defrudandi
1041 1299 1154 1326 causa
1187 1299 1308 1338 posco
1341 1288 1452 1339 (quin
1486 1286 1557 1327 tibi

221 1355 307 1394 dico
339 1367 500 1394 uxorem
533 1355 750 1404 rescivisse)
782 1377 837 1383 -—
867 1355 945 1395 ER.
995 1355 1075 1395 Nec
1105 1362 1143 1394 te
1175 1355 1277 1395 ultro
1310 1356 1414 1395 oravi
1445 1361 1488 1396 ut
1518 1355 1653 1395 dares:

219 1430 303 1463 tute
334 1424 437 1463 ultro
469 1423 514 1462 ad
548 1435 608 1462 me
639 1422 824 1471 detulisti,
855 1423 993 1463 dedisti
1026 1435 1110 1463 eam
1141 1424 1246 1462 dono
1280 1423 1393 1471 mihi;

221 1490 385 1530 eandem
419 1504 527 1530 nuuc
559 1492 752 1543 reposcis:
786 1492 924 1544 patiar.
985 1490 1056 1531 tibi
1087 1491 1201 1538 habe,
1234 1493 1357 1539 aufer,
1391 1498 1499 1532 utere
1907 1496 1964 1530 690

221 1559 280 1598 vel
311 1566 352 1598 tu
383 1560 442 1599 vel
474 1566 538 1599 tua
570 1572 682 1606 uxor,
715 1559 772 1599 vel
803 1560 917 1599 etiam
950 1560 989 1599 in
1021 1559 1171 1600 loculos
1203 1560 1456 1613 compingite.

220 1634 262 1667 tu
295 1627 372 1667 huc
402 1634 493 1679 post
522 1628 629 1668 hunc
659 1628 760 1667 diem
792 1628 932 1680 pedem
963 1628 1069 1667 iutro
1101 1641 1182 1668 non
1215 1629 1330 1676 feres,
1362 1641 1412 1668 ne
1443 1629 1587 1669 frustra
1618 1628 1692 1677 sis;

223 1696 381 1747 quando
413 1702 454 1734 tu
487 1708 548 1735 me
580 1695 682 1735 bene
715 1703 928 1735 melenlem
961 1695 1030 1735 tibi
1062 1696 1182 1736 habes
1212 1697 1441 1749 despicatui,

222 1764 295 1803 nisi
329 1764 430 1803 seres
461 1770 682 1815 argentum
715 1765 860 1803 trustra
892 1776 954 1803 me
985 1756 1146 1804 ductare
1178 1777 1258 1803 non
1291 1771 1417 1816 potes.

220 1831 334 1870 aliam
364 1832 528 1883 posthac
558 1831 732 1870 invenito
764 1834 880 1883 quam
913 1831 1056 1871 habeas
1086 1832 1303 1872 frustratui.
1337 1821 1437 1865 —''-³.‘
1906 1836 1962 1868 ⁶95

220 1898 337 1940 ΜΕΝ.
386 1899 510 1939 Nimis
541 1899 730 1939 iracunde
761 1899 894 1939 hercle
926 1900 1256 1940 tandem.het'1s
1286 1906 1341 1948 tu,
1373 1899 1444 1939 tibi
1474 1899 1575 1948 dico,
1607 1911 1733 1946 mane,

220 1966 316 2005 redi.
376 1967 546 2006 etiamne
577 1966 703 2007 astas?
735 1968 849 2007 etiam
882 1968 1002 2007 audes
1031 1980 1116 2007 mea
1147 1968 1291 2007 revorti
1322 1966 1472 2019 gratia?

220 2033 315 2073 abiit
346 2034 463 2081 intro,
497 2035 662 2074 occlusit
692 2036 809 2075 aedis.
873 2048 979 2075 nunc
1010 2048 1082 2087 ego
1114 2048 1201 2076 sum
1233 2036 1546 2076 exclusissimus:

334 2137 398 2169 672
423 2136 536 2170 reddo
561 2135 717 2179 adquam
747 2136 796 2170 B¹
890 2139 954 2170 673
981 2138 1072 2172 heus
1097 2149 1131 2173 s:
1156 2137 1234 2172 eius
1327 2139 1394 2172 hec
1419 2136 1499 2181 quis
1523 2136 1582 2176 3²,
1607 2142 1641 2170 et
1667 2136 1744 2180 quis
1766 2135 1825 2170 CO

219 2193 286 2226 674
311 2191 423 2236 aliqui
449 2191 483 2225 B
576 2192 734 2227 hostium
763 2190 830 2227 BD
923 2196 988 2228 675
1013 2203 1176 2228 ERocwm
1200 2202 1638 2228 nmmum-memorium
1662 2201 1772 2227 mon.
1798 2190 1834 2226 B
1858 2196 1892 2226 et

218 2248 295 2282 sim.
325 2247 372 2282 D²
463 2248 593 2293 <quist>
618 2259 723 2293 quam
750 2247 967 2283 Re'tsclielius
1061 2251 1126 2284 676
1151 2260 1185 2284 Ε.
1210 2260 1278 2284 om.
1370 2250 1439 2284 mei
1465 2248 1527 2291 3¹,
1554 2260 1622 2284 om.
1648 2248 1681 2284 D
1773 2250 1893 2284 asstas

220 2304 255 2346 C,
274 2305 341 2339 has
359 2307 433 2340 stas
449 2303 500 2338 B2
593 2306 656 2339 677
676 2304 856 2350 voluptas,
873 2316 968 2340 corr.
989 2305 1147 2351 Pylades
1240 2308 1305 2341 680
1324 2308 1428 2341 tanta
1447 2305 1493 2340 Β*
1586 2315 1710 2350 quam:
1735 2303 1894 2350 ele'qeudi

216 2365 379 2405 potestas
397 2361 520 2407 pretio
547 2360 691 2396 accedet
786 2364 847 2396 681
875 2361 943 2397 tibi
967 2362 1132 2406 equidem
1157 2362 1241 2397 dedi
1259 2361 1464 2408 Seyffbrtus
1488 2361 1588 2397 Berl.
1610 2360 1701 2408 phil.
1728 2359 1892 2396 mochen-

217 2417 311 2453 sehr,
330 2418 444 2459 1890,
458 2417 531 2452 214
611 2416 713 2462 prius
728 2430 766 2453 3.-
791 2418 847 2452 uis
942 2420 1007 2453 683
1026 2421 1066 2453 tu
1083 2421 1123 2454 ut
1139 2418 1220 2454 CD:
1243 2421 1284 2453 ut
1300 2422 1340 2453 tu
1356 2418 1400 2459 B,
1418 2422 1459 2454 tu
1472 2417 1688 2453 Priscianus
1703 2419 1737 2461 1,
1749 2418 1815 2452 151

216 2475 378 2520 reperies
403 2473 636 2509 Priscianus:
669 2474 838 2509 releceris
866 2474 936 2515 B',
967 2474 1136 2520 relegeris
1174 2474 1252 2515 CD,
1284 2475 1418 2510 dixeris
1443 2475 1495 2510 B²
1611 2477 1675 2510 685
1701 2474 1784 2510 dost
1806 2474 1892 2509 illac

219 2531 334 2566 B¹CD
428 2533 492 2565 686
518 2540 610 2574 quae
635 2530 787 2565 Boclte'us
895 2533 960 2565 688
984 2542 1043 2566 ER.
1069 2529 1247 2575 Pylades:
1271 2541 1360 2573 om.;
1385 2532 1435 2576 cf.
1458 2531 1649 2577 Vssinqius
1747 2533 1812 2565 659
1830 2541 1889 2566 ΕΒ.

210 2599 353 2634 praem.
449 2590 513 2622 690
539 2587 633 2622 habe
657 2587 724 2622 tibi
751 2588 898 2621 Getiecns
990 2589 1052 2622 691
1082 2587 1222 2630 oculos,
1248 2598 1340 2621 corr.
1367 2587 1592 2623 Balbaclzius
1685 2589 1750 2623 692
1776 2587 1890 2623 ferres

217 2644 268 2679 B¹
363 2643 570 2679 frustrassis
597 2643 668 2685 CD,
693 2643 884 2679 ferustasis
909 2646 1002 2690 (sup.
1027 2646 1043 2678 t
1066 2655 1136 2678 scr.
1162 2650 1193 2684 r)
1219 2643 1253 2678 B
1279 2656 1282 2657 ⁷
1346 2646 1424 2679 694.
1450 2645 1516 2678 695
1541 2644 1625 2680 Ιιίηο
1649 2643 1791 2680 alienos
1814 2653 1890 2678 esse

217 2700 314 2736 dixit
333 2699 634 2745 Sonnenburqius
658 2699 702 2735 cle
718 2699 814 2735 Men.
829 2701 881 2735 24
898 2711 952 2745 sq.
977 2712 1049 2736 non
1066 2699 1371 2746 improbabilitem
1394 2699 1530 2736 frustra
1546 2710 1584 2735 es
1602 2699 1822 2736 Rilsohelius

217 2759 284 2790 696
307 2756 430 2791 hercle
453 2756 629 2791 iracunde
646 2755 853 2802 Seyffcrms
875 2756 970 2792 stud.
988 2756 1044 2792 Pl.
1064 2760 1087 2792 5
1109 2757 1172 2801 (cf.
1190 2758 1321 2799 1013„
1346 2756 1468 2791 hercle
1484 2757 1630 2791 tandem
1655 2755 1890 2802 coniunyitur

217 2817 255 2847 ut
281 2813 404 2848 υ.127
516 2815 581 2848 698
607 2812 681 2848 abii
698 2812 761 2854 13¹,
785 2813 846 2849 abi
866 2812 926 2848 CI)
1020 2813 1174 2849 occlusit
1198 2813 1298 2848 aedis
1317 2812 1386 2848 ΒΕ.-
1411 2816 1512 2848 octus
1541 2813 1677 2848 *taedis
1701 2812 1760 2855 13¹,
1785 2815 1888 2848 octus

216 2869 347 2904 itaedis
372 2868 518 2910 ‹iraedis
544 2868 583 2912 0)
609 2868 670 2905 CD

2011 56 2018 98 ἓ
