2018 3183
238 74 318 112 280
977 73 1158 110 PLAVTI
1746 76 1760 104 1
1777 75 1804 110 2,
1818 75 1903 106 2-29

378 201 477 240 quae
508 189 613 228 hunc
644 194 848 240 quaestum
880 188 1063 228 facimus:
1096 200 1197 240 quae
1229 187 1298 227 ubi
1327 188 1552 228 saburratae
1581 201 1730 239 sumus,

377 256 616 307 largiloquae
647 256 843 308 extemplo
874 268 1025 303 sumus,
1056 256 1144 308 plus
1174 256 1375 307 loquimur
1404 268 1521 307 quam
1551 262 1610 297 sat
1640 264 1711 297 est.

377 336 465 362 nam
498 336 569 375 ego
600 323 716 362 illanc
747 323 852 371 olim,
884 336 984 375 quae
1013 324 1107 363 hinc
1138 323 1237 363 flens
1267 323 1372 371 abiit,
1405 324 1605 375 parvolam

377 391 545 442 puellam
577 391 794 442 proiectam
825 403 871 429 ex
902 391 1114 442 angiportu
1144 390 1297 430 sustuli.

380 455 629 512 [adulescens
659 458 816 510 quidam
848 457 912 498 hic
942 464 1001 498 est
1030 457 1205 510 adprime
1236 457 1380 498 nobilis

377 525 382 579 Ι
415 525 510 576 quin
543 538 615 577 ego
648 538 756 565 nunc
789 526 878 577 quia
909 538 996 565 sum
1028 530 1169 564 onusta
1199 537 1285 564 mea
1317 538 1364 565 ex
1394 526 1590 567 sententia

374 594 543 646 quiaque
574 594 669 633 adeo
703 606 763 633 me
794 593 986 645 complevi
1017 594 1113 632 ssorc
1143 592 1289 640 Liberi,

376 661 498 713 magis
528 661 650 701 libera
681 661 736 700 uti
768 661 900 712 lingua
931 660 1163 700 conlibitum
1196 666 1254 699 est
1283 660 1390 707 mihi,

374 734 503 767 tacere
535 741 690 780 nequeo
722 729 863 768 misera
894 729 999 780 quod
1032 728 1146 767 tacito
1179 740 1271 767 usus
1301 734 1372 768 est.
1415 727 1420 781 Ι

373 795 555 848 Sicyone,
586 809 739 837 summo
771 808 939 848 genere;
972 796 1006 835 ei
1036 795 1127 835 vivit
1158 802 1281 847 pater.

373 864 405 903 is
435 875 568 903 amore
601 865 742 904 misere
772 865 875 903 hanc
906 863 1059 915 deperit
1088 863 1371 911 mulierculam,

373 943 471 982 quae
503 931 595 970 liinc
627 931 741 970 modo
773 932 871 971 flens
902 931 1008 970 abiit.
1068 937 1205 970 contra
1236 943 1370 970 amore
1402 942 1491 970 eum
1521 930 1619 970 haec
1649 924 1832 982 deperit.]

372 1011 456 1038 eam
488 1011 595 1038 meae
627 1011 698 1050 ego
729 999 874 1038 amicae
903 999 1007 1037 dono
1040 998 1131 1037 huic
1162 998 1358 1038 meretrici
1390 998 1490 1046 dedi,

374 1078 473 1117 quae
503 1078 620 1118 saepe
651 1079 805 1106 mecum
837 1066 1079 1105 mentionem
1111 1065 1269 1112 fecerat,

370 1145 538 1184 puerum
570 1141 635 1173 aut
666 1134 836 1186 puellam
866 1132 1047 1172 alicunde
1079 1138 1121 1172 ut
1151 1132 1366 1184 reperirem
1397 1130 1484 1179 sibi,

372 1213 511 1240 recens
544 1207 691 1249 natum,
724 1213 839 1253 eapse
870 1201 975 1252 quod
1005 1199 1078 1240 sibi
1111 1206 1369 1252 supponeret.

372 1268 439 1308 ubi
472 1268 563 1307 mihi
595 1274 767 1320 potestas
797 1269 966 1321 primum
999 1268 1140 1315 evenit,
1171 1267 1261 1306 ilico

372 1336 446 1376 feci
478 1336 562 1376 eius
593 1336 627 1375 ei
659 1337 764 1387 quod
796 1348 859 1376 me
890 1335 1014 1374 oravit
1044 1335 1210 1387 copiam.

375 1410 583 1455 postquam
616 1416 700 1443 eam
731 1403 900 1456 puellam
933 1406 954 1442 a
984 1416 1046 1442 me
1077 1402 1240 1455 accepit,
1272 1402 1360 1441 ilico

372 1471 535 1510 eandem
565 1471 735 1523 puellam
767 1471 921 1524 peperit
951 1483 1067 1522 quan]
1099 1484 1118 1510 a
1150 1483 1212 1510 me
1244 1476 1461 1521 acceperat,

371 1539 456 1578 sine
488 1538 709 1579 obstetricis
741 1552 859 1591 opera
891 1546 928 1579 et
957 1539 1042 1579 sine
1075 1538 1289 1585 doloribus,

374 1606 466 1645 item
501 1613 542 1645 ut
572 1607 668 1647 aliae
699 1608 869 1659 pariunt,
903 1620 1002 1659 quae
1034 1607 1178 1645 malum
1210 1610 1407 1657 quaerunt
1436 1605 1522 1645 sibi.

372 1686 462 1713 nam
494 1680 706 1714 amatorem
739 1675 841 1714 aibat
871 1687 957 1715 esse
988 1674 1241 1727 peregrinum
1273 1672 1346 1713 sibi

372 1742 766 1794 suppositionemque
798 1743 882 1783 eius
913 1744 1042 1782 facere
1074 1742 1208 1794 gratia.
1357 1793 1360 1796 ψ

371 1808 408 1847 id
441 1809 538 1848 duae
571 1823 643 1850 nos
674 1811 779 1850 solae
809 1811 974 1850 scimus:
1007 1823 1079 1862 ego
1112 1822 1212 1861 quae
1243 1809 1297 1848 illi
1329 1808 1417 1848 dedi

371 1883 408 1914 et
438 1876 500 1915 illa
533 1890 631 1928 quae
663 1891 683 1917 a
714 1891 776 1917 me
807 1878 969 1930 accepit,
1002 1884 1157 1929 praeter
1187 1890 1253 1916 vos
1285 1876 1457 1927 quidem.

371 1944 467 1983 haec
498 1944 553 1983 sic
583 1957 646 1985 res
676 1952 783 1997 gesta
815 1952 885 1986 est.
945 1946 976 1986 si
1009 1945 1103 1997 quid
1135 1956 1228 1984 usus
1257 1944 1420 1992 venerit,

369 2011 593 2051 meminisse
625 2025 697 2064 ego
730 2015 830 2053 hanc
861 2026 943 2053 rem
976 2026 1042 2053 vos
1074 2013 1173 2052 volo.
1235 2024 1307 2063 ego
1339 2012 1437 2051 abeo
1468 2011 1640 2052 domum.
1672 2033 1727 2039 —

344 2166 403 2200 121
431 2176 523 2210 quae
554 2176 651 2201 nunc
683 2170 849 2211 questum
883 2167 1058 2203 faciemus
1086 2166 1117 2201 P
1236 2169 1296 2201 122
1327 2177 1449 2202 sumus
1474 2165 1524 2201 P:
1556 2168 1593 2202 et
1623 2164 1679 2202 vel
1707 2165 1743 2201 ei
1774 2166 1806 2202 A

230 2222 291 2255 123
317 2221 416 2257 illam
440 2232 525 2266 ego,
557 2233 650 2257 corr.
677 2236 705 2264 ς,
731 2221 873 2258 Par-eus
991 2226 1055 2258 124
1079 2224 1188 2269 angui
1220 2226 1329 2270 portu
1354 2223 1501 2259 sustulit
1525 2222 1567 2265 (-i
1590 2222 1657 2265 ΒΞ)
1778 2225 1838 2258 125
1863 2226 1897 2258 ct

228 2279 418 2320 130—132,
452 2290 474 2313 a
509 2277 829 2313 Windiscltmanno
857 2278 993 2321 notati,
1025 2291 1067 2315 eo
1101 2280 1251 2316 consilio
1285 2279 1418 2314 adiecti
1439 2282 1523 2314 sunt
1547 2283 1586 2314 ut
1610 2278 1753 2314 Auxilia·
1777 2280 1896 2326 oratio

227 2334 342 2369 omitti
367 2339 513 2381 posset‚·
548 2337 724 2370 126—129
758 2345 826 2370 om.
852 2335 883 2370 A
908 2335 1229 2382 amplificationem
1261 2346 1427 2372 versuum
1457 2336 1535 2370 120
1557 2346 1612 2381 sq.
1644 2338 1742 2383 (post
1772 2347 1805 2372 v.
1820 2337 1896 2372 122

218 2390 346 2435 posuit
369 2390 568 2433 Acidalius,
592 2389 658 2426 sed
680 2391 766 2436 quin
787 2402 859 2437 pro
884 2391 984 2427 uelut
1008 2402 1080 2427 non
1105 2396 1201 2428 recte
1224 2403 1287 2428 eos
1311 2392 1502 2438 acliuuqat)
1620 2395 1683 2427 126
1708 2391 1794 2438 quia
1817 2403 1896 2428 sum

227 2448 358 2482 onusta
377 2446 626 2482 Camerarius:
650 2447 754 2492 quasi
771 2457 849 2482 sum
872 2448 1027 2483 honesta
1146 2451 1206 2483 130
1233 2448 1378 2494 sycione
1396 2448 1442 2493 B,
1468 2459 1624 2494 sycyone
1648 2448 1685 2483 E
1774 2448 1818 2485 de
1842 2448 1895 2484 di-

224 2502 414 2537 stinctione
445 2503 496 2547 cf.
523 2504 618 2546 190,
651 2508 730 2538 arte
760 2502 933 2539 adhaeret
963 2503 1012 2539 acl
1040 2505 1115 2539 125
1233 2506 1294 2539 132
1320 2507 1414 2549 [euin
1445 2505 1547 2549 ljaeJc
1571 2505 1714 2550 deperit
1737 2506 1788 2541 A.-
1814 2516 1895 2542 eum

224 2559 316 2594 haec
332 2559 476 2604 perdita
492 2561 548 2595 est
559 2558 595 2593 P
686 2562 748 2595 134
765 2559 894 2595 fecerit
988 2562 1050 2595 135
1067 2561 1254 2606 repperire
1267 2563 1335 2603 (-et
1352 2566 1436 2597 ante
1449 2567 1696 2597 correcturum
1715 2561 1763 2605 E)
1784 2561 1854 2597 VE

230 2616 292 2649 136
310 2625 419 2660 capse
444 2615 512 2650 VE
606 2618 668 2651 139
695 2616 751 2652 vel
765 2616 846 2651 med
942 2619 1004 2652 143
1028 2617 1151 2652 aiebat
1168 2616 1211 2658 P,
1235 2618 1267 2652 A
1285 2628 1319 2651 n.
1337 2617 1359 2652 l.
1450 2620 1512 2653 144
1536 2618 1894 2664 suppositionemque

225 2671 330 2713 [ei]us
350 2672 402 2706 A:
425 2672 711 2717 suppositionem
735 2673 812 2708 eius
836 2672 890 2708 rei
909 2671 942 2707 P
964 2673 1055 2715 (eius
1073 2674 1110 2708 z‘n
1138 2683 1210 2708 ras.
1228 2673 1292 2715 B2)
1401 2677 1464 2708 145
1490 2673 1623 2710 seimus
1647 2675 1770 2718 sonae]
1793 2675 1826 2710 A

229 2729 404 2762 146-232
429 2727 555 2764 deest
571 2728 603 2763 A
699 2732 758 2764 147
786 2728 838 2763 sic
856 2727 928 2763 B2:
953 2729 994 2771 si,
1019 2729 1070 2773 cf.
1090 2740 1120 2765 v.
1138 2730 1213 2764 197
1302 2730 1332 2764 si
1356 2730 1501 2775 quidem
1527 2729 1596 2765 VE
1688 2733 1751 2767 148
1775 2731 1892 2767 habeo

233 2781 303 2817 ΥΕ
414 2783 558 2819 domum
594 2784 787 2827 auxilium,
825 2784 953 2820 deinde
988 2785 1184 2821 Pnonoevs
1213 2796 1264 2820 Dv
1299 2785 1363 2830 (Dv
1393 2797 1461 2822 om.
1490 2787 1536 2830 B)
1565 2786 1678 2822 BVE
1706 2786 1894 2830 (auxilium

225 2839 337 2874 erasit
359 2844 393 2875 et
409 2849 553 2875 Avmn
571 2850 636 2875 Dm
660 2840 792 2876 adiecit
809 2840 874 2884 132)

1908 465 1966 498 125

1911 802 1966 835 130

1914 1139 1966 1172 135

1912 1478 1965 1511 140

1909 1814 1963 1847 145

2006 2103 2018 2195 ἑ

2007 2205 2018 2238 ³.

2004 2238 2018 2324 Ξ

2007 2332 2018 2358 τ

2008 2363 2018 2374 ζ
