2018 3183
222 135 302 172 470
959 129 1139 166 PLAVTI
1714 130 1744 157 v
1761 130 1786 163 2.
1799 131 1883 160 8—27

224 249 500 302 [solitudinem
531 245 746 292 stultitiam,
779 245 952 292 exitium,
983 243 1269 296 pertinaciam].

223 317 323 362 date,
355 315 405 362 di,
437 325 582 365 quaeso
614 312 877 352 conveniundi
909 313 961 351 mi
993 312 1077 352 eius
1108 311 1272 351 celerem
1306 311 1474 363 copiam.
1896 319 1954 353 850

222 384 359 424 CHAR.
408 383 629 433 Apparatus
659 392 746 419 sum
776 386 819 419 ut
848 380 1003 419 videtis:
1036 378 1162 418 abicio
1194 377 1440 429 superbiam;

222 455 376 502 egomet
406 449 498 488 mihi
530 460 673 494 comes,
706 447 864 495 calator,
897 460 1032 499 equos,
1063 459 1192 498 agaso,
1223 446 1404 498 armiger,

223 523 377 570 egomet
407 528 494 556 sum
525 515 620 555 mihi
651 515 875 567 imperator,
906 515 1009 554 idem
1040 520 1195 565 egomet
1225 514 1319 552 mihi
1351 513 1530 560 oboedio,

222 590 378 637 egomet
406 583 501 622 mihi
530 584 614 623 fero
646 583 750 634 quod
782 588 903 622 usust.
964 596 986 622 o
1018 582 1180 633 Cupido,
1212 587 1382 633 quantus
1412 593 1464 620 es.

224 665 312 692 nam
342 658 385 691 tu
416 651 589 702 quemvis
619 650 883 690 confidentem
914 650 1025 689 facile
1056 650 1134 689 tuis
1165 649 1276 689 factis
1307 648 1413 696 facis,
1898 654 1956 688 855

224 721 393 760 eundem
424 731 471 758 ex
501 718 726 758 confidente
756 724 930 758 actutum
960 718 1201 757 dissidentem
1233 718 1377 756 denuo.

224 788 330 828 Evvr.
381 787 515 837 Cogito
549 798 719 837 quonam
751 788 823 836 ego
856 786 964 824 illum
996 797 1149 824 curram
1173 785 1446 836 quaeritatum.
1506 783 1644 824 CHAR.
1691 782 1805 823 Certa
1825 794 1889 823 res

227 868 289 894 me
320 867 445 906 usque
479 866 667 905 quaerere
698 853 813 900 illam,
846 864 1005 904 quoquo
1037 853 1129 891 hinc
1160 852 1363 891 abductast
1392 851 1588 903 gentium3

225 934 355 974 neque
386 922 480 960 mihi
512 922 589 960 ulla
621 921 785 960 obsistet
815 920 940 960 amnis
972 932 1046 959 nec
1077 932 1190 958 mons
1222 931 1352 970 neque
1384 919 1479 958 adeo
1511 931 1628 966 mare,

225 1002 298 1029 nec
330 989 437 1029 calor
469 1001 541 1028 nec
572 988 694 1039 frigus
725 994 859 1027 metuo
892 1000 1021 1038 neque
1050 992 1211 1026 ventum
1243 999 1372 1037 neque
1404 987 1656 1038 grandinem;
1901 992 1959 1026 860

223 1058 389 1097 imbrem
420 1056 628 1109 perpetiar,
661 1056 838 1095 laborem
875 1055 1072 1102 sufferam,
1104 1054 1239 1102 solem,
1270 1054 1396 1103 sitim;

224 1138 305 1165 non
337 1124 552 1164 concedam
584 1136 712 1175 neque
745 1123 941 1174 quiescam
974 1125 1141 1173 usquam
1173 1127 1293 1161 noctu
1325 1133 1454 1172 neque
1485 1121 1571 1160 dius

225 1193 335 1244 prius
365 1193 542 1245 profecto
575 1203 692 1242 quam
724 1197 791 1230 aut
822 1190 984 1230 amicam
1015 1196 1082 1229 aut
1110 1195 1277 1229 mortem
1309 1189 1603 1240 investigavero.

222 1261 328 1302 Evm.
378 1260 517 1300 Nescio
549 1260 665 1311 quoia
693 1272 767 1299 vox
798 1259 845 1298 ad
876 1271 990 1298 aures
1022 1258 1073 1297 mi
1105 1258 1304 1297 advolavit.
1363 1257 1501 1298 CHAR.
1551 1256 1695 1296 Invoco

222 1342 301 1377 vos,
334 1329 453 1368 Lares
484 1327 610 1375 viales‚
643 1332 686 1367 ut
716 1339 777 1366 me
809 1327 910 1366 bene
940 1327 1086 1366 tutetis.
1146 1327 1251 1367 EVT.
1302 1325 1489 1377 Iuppiter,
1901 1329 1960 1362 865

223 1403 334 1436 estne
365 1396 443 1435 illic
473 1393 694 1435 Charinus?
753 1394 891 1435 CHAR.
943 1394 1064 1441 Cives,
1096 1393 1197 1433 bene
1229 1393 1363 1446 valete.
1423 1393 1527 1434 Ev'r.
1580 1392 1673 1432 llico

224 1471 294 1512 sta,
327 1463 506 1504 Charine.
566 1462 703 1503 CHAR.
755 1462 829 1509 Qui
860 1476 922 1502 me
953 1460 1136 1502 revocat?
1196 1463 1301 1503 EVT.
1352 1462 1462 1514 Spes,
1493 1461 1620 1508 Salus,
1652 1459 1834 1499 Victoria.

223 1533 301 1573 Cn.
351 1531 452 1578 Quid
493 1544 554 1570 me
591 1529 735 1570 voltis?
792 1531 840 1571 E.
892 1531 952 1570 Ire
990 1538 1133 1570 tecum.
1193 1531 1270 1571 Cn.
1321 1530 1449 1569 Alium
1489 1529 1669 1569 comitem
1704 1529 1892 1580 quaerite,

223 1654 336 1695 vitae;
365 1653 417 1688 sic
446 1651 662 1688 Ribbecke'us
686 1652 708 1687 l.
733 1663 763 1688 S.
789 1650 836 1686 12
853 1662 926 1698 sq.,
957 1652 1023 1698 qui
1044 1651 1173 1687 delevit
1196 1662 1227 1686 v.
1248 1652 1323 1686 849
1347 1651 1412 1695 (cf.
1438 1650 1605 1685 Loemt'us
1625 1649 1751 1695 praef.
1776 1647 1894 1691 XIII)

224 1714 260 1746 et
288 1710 436 1756 aqnovit
459 1708 758 1755 amplificatorem
783 1709 846 1753 qai
875 1719 998 1743 versus
1022 1709 1074 1742 24
1098 1718 1150 1753 sq.
1178 1707 1313 1751 finxi&
1345 1706 1436 1742 idem
1467 1706 1724 1752 interpolatam
1752 1717 1893 1742 versum

224 1767 343 1802 locum
359 1775 558 1811 occupasse
582 1764 678 1800 dixit
694 1763 891 1800 desiderati
913 1770 998 1809 post
1022 1775 1102 1800 eum
1128 1775 1150 1798 a
1167 1762 1378 1806 Ritsclzelw,
1403 1773 1474 1808 qao
1493 1762 1673 1798 Charinus
1688 1763 1894 1797 nominatus

223 1823 351 1867 fuerit.
399 1821 558 1856 solitudo
585 1820 634 1855 ad
658 1821 820 1866 inopiam
831 1822 995 1866 pertinet
1018 1820 1103 1861 (Cic.
1128 1831 1198 1865 pro
1216 1818 1357 1862 Quina.
1384 1821 1416 1862 5,
1441 1829 1511 1864 pro
1528 1817 1636 1853 Rosc.
1659 1819 1739 1854 Am.
1756 1819 1823 1861 20,
1847 1817 1896 1853 ad

224 1878 264 1922 Q.
288 1880 335 1918 l'r.
360 1879 392 1921 1,
416 1879 448 1922 1,
472 1879 557 1921 25),
581 1877 787 1923 pertinacia
812 1876 862 1911 ad
883 1877 974 1912 iram
1000 1876 1058 1917 (cle
1077 1876 1142 1920 fin.
1166 1878 1197 1916 1,
1214 1877 1291 1918 28),
1333 1876 1384 1921 cf.
1413 1875 1491 1910 Ter.
1511 1874 1578 1910 Act.
1596 1875 1673 1910 303
1765 1877 1828 1910 851
1855 1877 1896 1911 ut

225 1938 266 1971 ut
283 1935 318 1970 B
413 1937 477 1969 852
503 1933 619 1970 caltor
638 1933 672 1967 B
764 1943 849 1976 agas
874 1933 919 1974 B,
946 1943 1055 1978 agaso
1080 1933 1204 1977 (sum)
1222 1932 1442 1968 Rttsclzelius
1532 1932 1665 1967 armier
1692 1931 1736 1974 B,
1764 1930 1793 1966 0
1812 1936 1896 1966 ante

225 2002 321 2026 corr.
438 1994 504 2025 854
535 1992 675 2034 egomet
697 2009 743 2015 -
766 1992 871 2025 usust
902 1990 991 2024 mire
1023 1990 1196 2034 lanquent
1218 1993 1309 2035 post
1341 1990 1426 2024 852.
1455 1989 1529 2023 853
1644 1987 1822 2033 occupido
1851 1988 1894 2031 B,

226 2048 358 2093 cupido
386 2046 463 2089 CD,
488 2046 631 2082 Nonius
657 2047 729 2080 421
764 2046 912 2091 (cupido
945 2057 978 2090 q.
1004 2050 1056 2086 es)
1172 2048 1235 2080 857
1270 2056 1334 2090 ego
1370 2056 1439 2080 om.
1468 2044 1528 2081 CD
1643 2047 1719 2080 rest
1749 2044 1804 2087 B,
1835 2055 1894 2080 res

225 2106 282 2139 est
308 2103 368 2139 CD
461 2106 526 2138 859
551 2103 693 2138 Nonius
718 2103 785 2137 191
811 2113 926 2147 neque
950 2102 1025 2137 ulla
1056 2102 1144 2136 mihi
1168 2101 1329 2137 obstauit
1359 2102 1394 2142 (i.
1420 2113 1448 2138 e.
1475 2101 1648 2144 obstabit)
1680 2100 1795 2136 amnis
1827 2111 1894 2136 nec

224 2171 327 2196 mons
357 2162 465 2204 atque
493 2161 586 2196 adeo
610 2170 725 2203 mare3
759 2159 809 2204 cf.
834 2157 946 2193 Stich.
970 2159 1052 2193 287
1166 2160 1230 2192 860
1255 2168 1323 2193 nec
1355 2158 1455 2194 calor
1484 2169 1552 2193 nec
1577 2157 1690 2203 frigus
1715 2156 1765 2191 ad
1782 2167 1893 2203 prae-

225 2216 390 2252 cedentia
408 2215 505 2250 trahi
529 2220 623 2251 vetat
640 2216 771 2251 oratio.
806 2214 949 2250 Nonius
965 2215 1048 2249 200
1067 2214 1166 2250 calor
1181 2215 1322 2258 generis
1338 2215 1475 2250 neutri:
1500 2215 1652 2250 Plautus
1668 2214 1893 2250 Mercatore:

226 2283 343 2318 neque
367 2272 479 2317 frigus
504 2283 621 2317 neque
645 2272 801 2307 calorem
825 2274 958 2315 metuo,
982 2271 1093 2306 schot.
1117 2282 1246 2317 θεον-9.
1271 2273 1309 2313 2,
1334 2272 1409 2306 344
1435 2271 1631 2316 (frigusque
1657 2270 1895 2315 caloremque)

227 2329 300 2364 fuit
316 2331 438 2364 autem
454 2328 555 2374 prior
570 2328 678 2363 lectio
703 2324 900 2372 ‘frigusque
918 2323 1105 2372 calorque'
1131 2331 1173 2363 ut
1189 2328 1359 2364 Plautus:
1385 2328 1501 2372 neque
1518 2327 1632 2372 frigus
1655 2324 1771 2372 neque
1797 2326 1896 2362 calor

228 2389 349 2422 metuo
383 2388 434 2428 (ut
459 2385 558 2420 Noni
590 2389 737 2425 ametor,-
768 2384 819 2430 cf.
846 2384 1094 2420 Buecltelerus
1117 2395 1208 2419 mus.
1233 2384 1347 2420 Rhen.
1380 2385 1444 2426 15,
1468 2384 1569 2425 442).
1617 2393 1746 2418 nomen
1775 2383 1895 2418 nescio

227 2443 288 2478 ubi
311 2442 349 2477 in
374 2446 491 2477 vetere
513 2442 616 2488 poesi
640 2441 785 2486 leqatur
802 2444 956 2486 praeter
980 2439 1095 2475 Ennii
1118 2440 1376 2487 Epicharmnm
1400 2439 1501 2485 apud
1533 2438 1732 2475 Varronem
1756 2438 1800 2474 de
1824 2438 1846 2474 l.
1874 2439 1896 2474 l.

230 2500 263 2540 5,
291 2500 340 2533 60
365 2498 491 2543 frigori
514 2497 641 2533 miscet
665 2497 822 2532 calorem
915 2498 978 2531 861
1005 2496 1049 2531 de
1073 2496 1199 2533 labore
1218 2502 1306 2545 post
1330 2496 1421 2532 caeli
1443 2495 1599 2531 iniurias
1623 2495 1673 2541 cf.
1700 2495 1776 2531 Tib.
1799 2496 1832 2537 1,
1855 2497 1893 2537 2,

227 2556 280 2590 29
296 2566 362 2600 sq„
386 2554 450 2589 sect
470 2554 563 2600 fort.
589 2557 684 2588 recte
709 2552 925 2588 Rtbbeclcius
942 2564 984 2598 p.
1002 2553 1049 2588 13
1073 2562 1211 2588 versam
1236 2553 1376 2587 notavit
1483 2554 1548 2586 862
1573 2551 1653 2587 dius
1678 2551 1731 2587 D:
1755 2551 1837 2587 dnis
1856 2551 1890 2594 C,

228 2612 284 2647 uis
309 2611 368 2653 B;
392 2610 532 2646 Nonius
554 2611 603 2644 98
627 2609 690 2644 diu
706 2629 749 2635 —
767 2609 820 2644 Pl.
845 2609 958 2644 Merc.
984 2608 1108 2644 adlato
1133 2620 1165 2644 υ.
1186 2608 1264 2644 Cas.
1285 2609 1364 2644 820
1387 2607 1471 2651 (hac
1493 2608 1632 2643 rettulit
1650 2608 1895 2645 Buechelerus

227 2679 316 2703 mus.
342 2667 456 2702 Rlzen.
480 2668 537 2708 15,
554 2667 632 2701 440
649 2668 716 2711 sq.)
810 2668 874 2701 864
899 2666 982 2701 cuia
1005 2676 1078 2700 uox
1097 2664 1174 2701 (ΙΙ).-
1201 2664 1259 2700 cui
1284 2676 1355 2700 nox
1379 2675 1472 2700 corr.
1498 2676 1547 2700 ex
1572 2665 1630 2700 cui
1654 2676 1752 2702 noxa
1772 2665 1804 2700 B

227 2724 325 2760 auris
353 2724 386 2759 B
479 2726 544 2759 865
570 2723 683 2758 diales
701 2721 842 2757 Nonius
859 2724 933 2757 476
942 2735 956 2764 ;
978 2721 1071 2757 idem
1097 2725 1251 2757 testatur
1273 2725 1309 2757 et
1330 2721 1508 2768 exemplis
1532 2722 1744 2768 comprobat
1766 2722 1894 2758 tutetis

227 2782 291 2826 (cf.
309 2780 439 2827 Amph.
466 2780 563 2822 651),
592 2790 663 2825 pro
689 2790 759 2825 quo
785 2779 885 2825 quod
907 2779 1040 2814 uiuetis
1065 2778 1100 2813 B
1119 2777 1291 2824 praebet,
1322 2778 1457 2814 iuuetis
1481 2779 1629 2825 scripsit
1655 2778 1894 2821 Camerarius,

228 2847 344 2882 neque
367 2836 491 2882 aptius
515 2836 579 2881 (cf.
605 2846 635 2871 e.
660 2847 695 2882 q.
723 2835 797 2871 Tib.
822 2836 862 2878 1,
885 2836 954 2877 10,
979 2836 1026 2870 15
1040 2837 1106 2880 sq.)
1138 2844 1253 2880 neque
1284 2835 1496 2870 auctoritati
1525 2834 1687 2871 codicum
1711 2845 1806 2881 quae
1822 2845 1895 2882 per

227 2891 321 2928 hanc
342 2892 511 2937 fabulam
537 2892 632 2929 valet
654 2892 905 2928 convenienter
1020 2892 1086 2926 866
1109 2890 1246 2936 <heus>
1270 2890 1352 2926 ilico
1380 2890 1535 2927 Bothae'us
1678 2885 1689 2894 '
