1998 3179
78 86 108 114 ΙΙ
126 85 261 119 1‚6-15;
282 85 336 120 trg.
356 85 380 114 Ι-
399 85 429 113 11
744 82 1067 119 CISTELLARIA
1654 79 1734 118 283

334 200 385 239 ita
417 199 591 238 nubilam
620 204 792 237 mentem
824 197 942 236 animi
973 196 1111 236 habeo.
1663 201 1731 234 209.
1748 200 1804 232 210

282 267 349 306 ubi
379 279 478 314 sum,
509 265 563 304 ibi
595 278 676 304 non
709 276 808 311 sum,
839 263 905 303 ubi
938 277 1018 302 non
1050 275 1148 311 sum,
1179 262 1271 302 ibist
1301 262 1464 308 animus,

348 334 398 373 ita
429 333 482 372 mi
512 332 642 371 emnia
671 337 764 371 sunt
792 331 972 382 ingeni33

280 401 384 452 quod
413 399 535 446 lubet,
567 412 646 438 non
678 398 787 438 lubet
816 399 892 437 iam
922 397 958 436 id
991 398 1193 443 continuo,

279 469 332 507 ita
361 480 424 507 me
453 469 572 506 Amor
601 466 745 505 lassum
775 465 893 504 animi
923 464 1106 510 ludificat,
1662 470 1728 502 214.
1747 468 1802 500 215

279 536 400 585 fugat,
431 534 520 586 agit,
552 533 710 584 appetit,
741 535 879 583 raptat,
910 531 1067 577 retinet,

278 601 403 649 lactat,
434 601 616 651 largitur:
650 599 752 650 qued
783 599 847 637 dat
878 611 957 637 non
1074 598 1157 645 dat;
1189 598 1356 637 deludit:

279 669 393 707 modo
426 667 530 719 qued
559 667 693 713 suasit,
723 662 810 719 (id)
839 665 1046 710 dissuadet,

346 736 450 787 quod
481 734 675 781 dissuasit,
707 733 744 772 id
777 735 958 772 ostentat.
1663 737 1731 770 219.
1749 741 1804 773 220

401 801 620 841 maritumis
651 799 827 839 moribus
859 811 1013 838 mecum
1044 798 1244 850 experitur

344 869 397 908 ita
427 872 557 908 meum
588 868 733 919 frangit
764 873 960 906 amantem
992 867 1188 913 animum3

280 949 423 988 neque,
455 936 531 975 nisi
562 935 651 987 quia
682 934 801 974 miser
832 947 913 973 non
945 938 990 974 ee
1023 945 1195 986 pessum,

282 1004 376 1043 mihi
406 1004 483 1043 ulla
514 1003 624 1042 abest
655 1001 810 1053 perdito
841 1001 1053 1053 permities.

276 1072 327 1110 ita
358 1074 469 1123 pater
499 1071 602 1122 apud
631 1069 759 1108 villam
790 1069 957 1108 detinuit
1749 1078 1804 1110 225

278 1151 339 1177 me
370 1138 442 1178 hos
472 1138 553 1177 dies
583 1150 648 1177 sex
679 1137 762 1176 ruri
793 1137 1017 1176 centinuos.

282 1217 410 1256 neque
431 1205 580 1244 licitum
611 1205 759 1243 interea
792 1210 849 1243 est.
879 1207 1004 1243 meam
1035 1203 1197 1242 amicam
1315 1201 1436 1241 visei‘e
1498 1216 1519 1239 >:=

346 1280 456 1312 estne
487 1273 560 1311 hec
594 1272 781 1311 miserum
815 1269 1057 1310 memoratu?

744 1354 765 1376 3⁵<
1042 1352 1063 1375 ²i<

74 1406 348 1447 nudiussextus
1748 1406 1804 1438 230

75 1540 208 1592 (ALC.)
239 1541 375 1580 Potine
384 1548 426 1580 ω
438 1541 555 1580 homo
568 1541 717 1580 facinus
731 1542 857 1580 facere
869 1539 1100 1579 strenuom?
1123 1540 1320 1588 (SERVVS)
1335 1539 1507 1578 Aliorum
1519 1539 1660 1578 ass'atim
1680 1545 1737 1577 est

186 1655 262 1687 209.
289 1655 352 1688 210
377 1653 513 1688 nullam
538 1651 591 1696 E,
628 1653 729 1687 nulla
762 1651 790 1686 V
906 1655 971 1687 212
996 1652 1140 1695 ingenia
1164 1654 1268 1694 sunt,
1301 1662 1396 1685 corr.
1431 1649 1648 1696 Spenqelius

74 1710 139 1744 213
162 1708 263 1744 iubet
294 1719 367 1744 non
395 1709 496 1744 iubet
531 1708 598 1742 VE
709 1712 776 1744 214
799 1720 853 1754 sq.
885 1707 979 1754 disp.
1008 1708 1060 1742 B:
1090 1707 1146 1743 Ita
1170 1728 1212 1732 —
1238 1707 1390 1752 Appetit
1417 1706 1422 1751 Ι
1449 1706 1586 1750 Raptat
1612 1725 1650 1730 -—
1678 1706 1738 1740 de·

73 1765 167 1801 ludit
186 1768 191 1809 Ι
211 1765 322 1801 Modo
335 1786 380 1791 —
397 1768 556 1802 ostentat
576 1765 626 1807 (iu
641 1765 802 1800 versibus
816 1765 935 1809 Fugat
947 1764 1033 1809 Agit
1045 1764 1164 1799 Iactat
1177 1763 1347 1807 Largitur
1361 1762 1478 1806 Quod)
1570 1764 1634 1797 216
1646 1762 1738 1806 fort.

75 1821 190 1866 agitat
212 1821 304 1868 petit
389 1825 453 1856 21ῖ
478 1822 603 1865 iactat,
627 1831 722 1856 corr.
739 1820 934 1867 Scioppius
1019 1822 1152 1865 lagitur
1170 1820 1203 1854 B
1296 1818 1394 1864 quod
1417 1823 1451 1853 et
1475 1818 1614 1853 deludit
1630 1819 1739 1852 inter-

68 1877 200 1925 polata
216 1889 291 1913 esse
307 1878 455 1918 coniecI,
473 1888 545 1912 non
563 1882 718 1923 propter
734 1882 894 1912 metrum.
917 1877 1011 1912 Eud.
1031 1880 1133 1914 1068
1149 1876 1266 1913 habeo
1282 1885 1356 1910 non
1372 1875 1488 1909 habeo
1581 1876 1646 1908 218
1662 1873 1740 1919 (id)

74 1934 223 1970 Reizius
315 1934 500 1976 dissuasit,
522 1943 616 1967 corr.
631 1933 791 1980 Pylades
884 1936 957 1971 219.
987 1937 1050 1970 220
1069 1947 1137 1981 quo
1158 1936 1192 1970 B
1285 1933 1346 1965 221
1363 1941 1416 1975 sq.
1440 1930 1531 1976 disp.
1552 1929 1606 1964 B:
1626 1930 1738 1965 Mari-

73 1991 183 2027 tumis
207 2010 250 2016 —-
274 1993 454 2026 amantem
471 1988 477 2034 Ι
496 1989 662 2024 Animum
686 2009 730 2015 —
755 1990 858 2025 abest
877 1995 880 2029 Ι
901 1986 1046 2024 Perdito
1072 2003 1115 2007 —
1140 1996 1205 2021 sex
1231 1987 1236 2030 Ι
1263 1987 1355 2022 Ruri
1379 2007 1421 2010 —
1448 1987 1566 2022 uisere
1593 1988 1598 2031 Ι
1624 1987 1738 2022 Estne

73 2058 103 2083 e.
117 2058 150 2093 q.
167 2058 196 2082 s.
291 2049 354 2083 221
381 2047 563 2093 expetitur
654 2045 849 2081 dubitabile
868 2045 1054 2091 experitur
1146 2046 1211 2079 222
1235 2047 1414 2079 amentem
1432 2043 1481 2077 B¹
1576 2046 1640 2078 223
1665 2054 1738 2079 non

74 2113 117 2139 eo
140 2114 286 2149 pessum
308 2103 338 2138 Β
347 2116 359 2138 .·
381 2115 426 2139 ne
451 2114 643 2149 oppessum
669 2101 736 2136 VE
826 2104 891 2136 224
916 2106 977 2136 aut
1002 2100 1121 2135 letatus
1130 2104 1219 2146 post
1235 2099 1323 2134 mihi
1340 2104 1404 2134 aut
1418 2101 1670 2145 paroemiacus

76 2159 255 2205 pernicies
275 2159 325 2194 Β2
440 2162 504 2194 227
528 2158 700 2204 (misero)
724 2157 927 2193 Sclzoellius
1017 2157 1070 2191 sic
1092 2162 1252 2202 perqzmt
1276 2155 1405 2191 BVE2

163 2215 282 2252 Estne
305 2217 375 2252 hoc
399 2216 568 2251 miserum
592 2214 816 2250 memoratu?
840 2225 1010 2249 mmsis.
1047 2213 1102 2249 Eo
1129 2212 1271 2249 facetus
1297 2213 1381 2258 quia
1405 2212 1472 2248 tibi
1497 2216 1541 2251 (v.
1559 2214 1647 2255 492)

77 2271 138 2307 ubi
160 2272 253 2307 inter
281 2275 481 2308 memoratu
502 2278 538 2307 et
560 2282 718 2307 :un-nnius
744 2270 829 2317 plus
852 2271 1004 2305 sescenti
1029 2281 1152 2305 versus
1180 2270 1368 2315 perierunt
1392 2280 1441 2305 ea·
1471 2269 1738 2314 computatione

74 2326 329 2370 Studemmzdz',
362 2329 413 2373 cf.
439 2328 534 2364 stud.
558 2330 602 2370 2,
627 2329 715 2363 422.
754 2338 802 2362 ea:
833 2328 963 2372 quibus
986 2327 1022 2361 in
1047 2328 1077 2361 A
1103 2326 1238 2361 servati
1264 2330 1349 2360 suut
1375 2335 1404 2360 v.
1429 2326 1652 2367 233-491,
1678 2325 1738 2360 ubi

76 2383 170 2420 inter
192 2394 224 2419 v.
249 2385 322 2419 145
349 2390 384 2420 et
413 2386 493 2419 232
529 2385 687 2430 quinque
721 2384 818 2429 folla
848 2383 1004 2429 periisse
1039 2382 1224 2418 videntur,
1261 2382 1312 2426 cf.
1342 2385 1494 2427 praeter
1530 2380 1738 2427 apoqraphi

69 2440 295 2486 paqinarum
327 2441 580 2476 adnotationes
609 2442 685 2475 eius
707 2440 829 2486 praef.
852 2452 888 2486 p.
907 2437 1052 2474 XXIII
1072 2438 1154 2473 adn.
1179 2439 1228 2472 62
1365 2437 1409 2472 de
1433 2438 1565 2472 amissa
1585 2437 1738 2482 fabulae

74 2499 182 2542 parte
205 2496 278 2542 eqt't
302 2496 570 2533 Studemmzdus
593 2496 687 2531 stud.
705 2498 742 2536 2,
760 2497 831 2530 419
847 2506 913 2540 sq„
939 2506 1061 2530 versus
1085 2494 1279 2529 nonnullos
1305 2493 1456 2528 tractavi
1473 2493 1536 2527 rel.
1553 2504 1625 2528 soc.
1644 2493 1736 2528 Gott.

74 2552 193 2594 1894,
217 2553 292 2587 201
317 2563 370 2599 sq.
486 2553 552 2598 frg.
577 2554 595 2588 I
623 2553 730 2598 gloss.
754 2553 874 2587 Plaut.
902 2548 956 2586 ‘in
987 2550 1191 2587 Cistellaria
1222 2550 1498 2592 nudiussextus,
1522 2550 1736 2593 summatim,

78 2604 290 2653 benigniter'
309 2620 461 2654 quorum
485 2609 641 2655 primum
668 2609 717 2644 acl
740 2609 833 2644 lcanc
854 2612 995 2654 partem
1021 2607 1159 2642 rettulit
1183 2605 1452 2641 Studemunclus
1474 2605 1566 2640 stud.
1584 2607 1621 2646 2,
1640 2606 1738 2646 422,-

78 2663 127 2708 cfi
145 2673 176 2698 v.
191 2665 272 2698 226
385 2665 452 2709 frg.
478 2666 513 2700 11
539 2664 676 2700 Gellius
703 2666 743 2706 6,
772 2666 807 2706 7,
833 2666 855 2698 3
881 2663 1031 2708 (affatim
1049 2663 1174 2707 prima
1198 2673 1271 2696 non
1296 2662 1412 2696 media
1438 2667 1546 2696 acuta
1571 2672 1737 2707 pronun-

77 2719 239 2754 tiandum
263 2723 352 2762 esse)
387 2721 510 2765 itaque
546 2732 584 2756 se
614 2722 784 2757 audiente
814 2721 971 2755 Probum
1003 2719 1271 2763 grammaticum
1306 2719 1372 2753 hos
1401 2728 1524 2752 versus
1555 2718 1593 2752 in
1616 2717 1736 2753 Plauti

79 2774 283 2813 Cistellaria
305 2776 434 2821 legisse
458 2777 548 2812 dicit
640 2780 700 2812 231
730 2777 780 2822 cf.
806 2775 1073 2811 Stuclemundus
1096 2780 1131 2810 et
1155 2774 1360 2821 Seyffertus
1383 2773 1475 2808 stud.
1500 2775 1537 2816 2,
1562 2775 1648 2815 425,
1673 2774 1736 2819 qui

77 2830 128 2866 ad
152 2841 304 2868 scaenae
327 2843 357 2867 v.
382 2833 460 2867 233
482 2833 521 2867 in
545 2834 575 2867 Α
600 2833 832 2868 continuatae
854 2832 1012 2877 priorem
1028 2836 1174 2877 partem
1198 2831 1304 2866 verba
1328 2832 1544 2866 rettulerunt

1826 1407 1891 1441 ffrg,
1910 1407 1935 1439 Ι)

1825 1544 1890 1577 (frg.
1907 1544 1950 1576 II)
