1998 3179
93 104 124 133 v
140 105 168 138 2,
179 103 280 131 47—76
805 102 1046 139 CVROVLIO
1672 104 1753 143 335

179 217 354 258 exoritur
384 224 524 257 ventus
553 218 684 265 turbo,
715 217 908 269 spectacla
939 217 993 257 ibi
1021 224 1154 265 ruont,

178 298 251 337 ego
281 285 534 338 pertimesco:
568 284 680 337 [tum]
711 285 763 324 ibi
794 288 856 324 me
887 286 1021 325 nescio
1053 286 1139 337 quis
1169 285 1305 338 arripit

178 353 351 392 timidam
382 359 499 404 atque
530 353 718 404 pavidam,
750 366 824 393 nec
853 353 974 392 vivam
1006 366 1080 393 nec
1110 360 1316 393 mortuam.

176 433 250 460 nec
282 433 360 472 quo
391 433 452 460 me
483 428 597 473 pacto
629 420 832 460 abstulerit
860 433 1021 473 possum
1051 421 1194 461 dicere.

174 488 312 527 THER.
363 489 521 528 Memini
551 489 676 529 istanc
704 489 860 528 turbam
890 489 986 527 fieri.
1043 489 1113 528 sed
1143 497 1185 528 tu
1216 490 1277 529 dic
1308 489 1413 537 mihi,

175 556 243 595 ubi
273 557 306 596 is
335 563 394 596 est
422 557 539 597 homo
571 557 637 608 qui
668 563 705 596 te
735 556 955 608 surripuit?
1012 557 1146 598 PLAN.
1195 557 1348 597 Nescio.

172 637 308 663 verum
338 625 444 664 hunc
474 626 619 664 servavi
650 637 805 676 semper
833 637 987 664 mecum
1018 637 1096 664 una
1127 625 1311 673 anulum3

174 704 264 732 cum
293 693 370 732 hoc
401 693 491 731 olim
522 693 632 744 perii.
691 693 828 733 THER.
880 692 995 739 Cedo,
1025 698 1069 732 ut
1088 693 1305 744 inspiciam.
1364 692 1493 734 CvRo.
1543 694 1673 733 Sanan
1697 706 1750 739 es,

173 772 273 812 quae
302 760 362 800 isti
395 759 642 800 committas?
699 760 832 800 PLAN.
883 760 977 799 Sine
1007 760 1137 799 modo.
1195 761 1331 801 THER.
1382 760 1457 800 Pro
1489 761 1677 813 Iuppiter,

173 828 236 867 hic
267 834 325 868 est
354 841 471 880 quem
503 833 574 880 ego
606 827 676 868 tibi
705 828 792 868 misi
823 828 941 867 natali
972 828 1046 867 die.

170 902 247 936 tam
279 897 391 936 facile
422 896 513 935 novi
544 908 659 948 quam
690 908 765 935 me.
824 895 938 942 salve,
969 907 1054 934 mea
1084 908 1208 935 soror.

170 964 304 1005 PLAN.
348 964 484 1004 Frater
515 965 580 1011 mi,
611 964 725 1004 salve.
784 963 954 1003 PHAED.
1003 963 1105 1002 Deos
1135 963 1222 1002 volo
1253 963 1355 1003 bene
1386 969 1539 1003 vortere

170 1031 284 1071 istam
313 1045 395 1072 rem
425 1031 548 1072 vobis.
609 1032 737 1072 CVRC.
786 1032 837 1071 Et
867 1044 939 1082 ego
971 1031 1086 1071 nobis
1118 1031 1321 1071 omnibus:

168 1105 212 1138 tu
241 1105 285 1138 ut
314 1099 430 1139 hodie
461 1100 672 1140 adveniens
703 1112 839 1139 cenam
869 1100 937 1139 des
958 1099 1170 1146 'sororiam,

167 1166 231 1206 hic
263 1167 475 1219 nuptialem
507 1180 593 1207 cras
624 1167 739 1207 dabit.
799 1167 1074 1220 promittimus.

165 1233 303 1276 Tmzss.
353 1236 454 1275 Tace
484 1238 539 1275 tu.
599 1236 725 1276 Cmc.
775 1235 861 1274 Non
893 1241 1015 1282 taceo,
1048 1234 1204 1286 quando
1236 1245 1299 1272 res
1327 1232 1445 1272 vortit
1472 1233 1586 1273 bene.

168 1309 210 1342 tu
242 1304 368 1343 istanc
397 1304 599 1356 desponde
630 1304 732 1350 huic,
763 1304 885 1343 miles.
947 1315 1018 1354 ego
1051 1304 1180 1342 dotem
1213 1302 1326 1341 dabo.

167 1370 303 1411 ΤΗΕΒ.
354 1371 455 1417 Quid
487 1370 615 1410 dotis?
674 1371 802 1411 Cvizc.
851 1369 1018 1423 Egone?
1049 1377 1092 1409 ut
1120 1382 1287 1422 semper,
1319 1370 1409 1409 dum
1431 1370 1542 1417 vivat,
1573 1381 1634 1409 me
1658 1369 1745 1408 alat.

164 1450 301 1477 verum
330 1438 462 1477 hercle
493 1438 592 1478 dico.
652 1439 789 1479 THER.
839 1438 899 1477 Me
930 1438 1091 1477 lubente
1120 1438 1272 1477 feceris.

165 1506 231 1545 sed
262 1506 353 1545 leno
383 1505 445 1545 hic
476 1505 593 1545 debet
623 1506 737 1546 nobis
767 1507 925 1557 triginta
956 1507 1094 1546 minas.

164 1572 332 1614 PHAED.
382 1573 505 1620 Quam
533 1574 581 1613 ob
603 1586 685 1613 rem
706 1573 837 1615 istuc?
896 1575 1033 1614 Tum.
1084 1574 1182 1620 Quia
1205 1573 1269 1613 ille
1294 1575 1347 1612 ita
1377 1572 1601 1624 repromisit
1630 1571 1742 1610 mihi:

164 1640 196 1679 si
226 1641 433 1693 quisquam
463 1642 566 1681 hanc
596 1641 745 1680 liberali
777 1642 1006 1681 asseruisset
1035 1654 1168 1688 manu,

162 1709 247 1748 sine
278 1710 541 1749 controversia
573 1723 690 1749 omne
721 1716 926 1761 argentum
958 1709 1135 1749 reddere.

1764 433 1822 464 650

1762 769 1818 802 655

1760 1107 1818 1138 660

1757 1445 1814 1476 665

162 1789 270 1816 nunc
292 1790 424 1817 eamus
454 1777 500 1816 ad
531 1777 727 1818 lenonem.
789 1778 915 1818 CVRC.
967 1778 1111 1817 Laudo.
1169 1778 1340 1817 PHAED.
1389 1776 1474 1816 Hoc
1504 1775 1613 1827 prius
1643 1774 1742 1821 volo,
1756 1782 1813 1814 670

161 1852 377 1885 meam'rem
390 1849 518 1898 agere.
549 1846 686 1886 ΤΗΕΡ..
718 1845 961 1892 Quididest?
991 1847 1159 1886 PHAED.
1192 1846 1238 1884 Vt
1254 1845 1347 1884 mihi
1364 1844 1466 1884 hanc
1485 1842 1742 1894 despondeas.

163 1912 291 1954 cvnc.
341 1913 443 1960 Quid
474 1925 614 1958 cessas,
647 1914 766 1962 miles,
799 1914 900 1952 hanc
929 1914 1021 1953 huic
1051 1926 1213 1953 uxoren]
1245 1910 1366 1952 dare?

159 1980 205 2021 T.
255 1981 295 2020 Si
325 1981 420 2021 haec
451 1982 542 2021 volt.
601 1982 673 2022 PL.
723 1982 774 2021 Mi
806 1983 938 2029 frater,
970 1982 1098 2033 cupio.
1158 1982 1203 2022 T.
1254 1980 1350 2019 Fiat.
1409 1979 1453 2020 C.
1504 1977 1610 2018 Bene
1634 1978 1741 2018 facis.

159 2048 328 2089 PHAED.
379 2050 625 2102 Spondesne,
656 2050 779 2096 miles,
810 2050 862 2088 mi
893 2049 995 2089 hanc
1027 2047 1216 2089 uxorem?
1274 2049 1412 2088 THER.
1463 2047 1660 2098 Spondeo.

160 2116 288 2157 CVRC.
338 2116 387 2156 Et
418 2130 490 2169 ego
521 2118 598 2157 hoc
627 2118 728 2157 idem
760 2130 838 2157 una
870 2118 1058 2169 spondeo,
1118 2117 1255 2157 THER.
1304 2115 1451 2167 Lepide
1481 2115 1588 2154 facis.

160 2185 228 2224 sed
258 2188 397 2225 ecclim
426 2187 625 2234 lenonem,
656 2186 814 2233 incedit,
847 2186 1102 2225 thensaurum
1133 2196 1277 2224 meum.

185 2355 250 2388 647
269 2356 395 2398 specta
419 2353 487 2388 VE
565 2357 630 2389 646
648 2357 746 2396 [tum]
767 2353 1040 2401 Kumpmannus
1132 2356 1193 2387 651
1213 2352 1358 2387 memini
1373 2351 1491 2387 istanc
1512 2350 1738 2386 Gulielmius.-

73 2409 292 2445 meministin
315 2411 409 2445 hanc
502 2413 568 2445 654
593 2410 699 2446 credo
725 2409 788 2443 VE
882 2410 959 2446 Cvfi
984 2410 1038 2444 B:
1061 2409 1152 2444 Par..
1179 2409 1211 2443 V
1215 2408 1249 2444 Ε
1338 2412 1401 2443 657
1429 2419 1531 2443 soror
1553 2418 1634 2443 mea
1659 2407 1694 2441 B

73 2468 136 2501 661
162 2466 265 2502 dabit
287 2487 329 2491 —
356 2467 421 2501 662
445 2469 486 2502 tu
510 2466 644 2507 militis,
667 2477 762 2502 corr.
787 2467 973 2502 Acidalius
1065 2469 1131 2501 664
1155 2466 1225 2501 ΤΗ.
1251 2465 1427 2501 Botlu'us:
1451 2465 1519 2499 PH.
1611 2463 1694 2498 med

73 2524 137 2557 665
161 2523 266 2558 militi
289 2522 476 2564 tribuitur,
501 2533 594 2558 corr.
628 2522 816 2569 Vssinqius
929 2523 1089 2565 iubente,
1115 2533 1206 2557 corr.
1234 2522 1462 2557 Camerarius
1547 2520 1739 2567 parasitus

72 2584 255 2614 asseverat
277 2590 316 2614 se
331 2590 409 2614 eam
425 2579 541 2615 dotem
558 2579 739 2622 daturum,
757 2580 858 2615 miles
875 2580 961 2615 dicit
983 2591 1022 2614 se
1038 2579 1178 2615 lubente
1195 2589 1274 2613 eum
1291 2577 1472 2619 daturum,
1501 2577 1525 2611 i.
1551 2589 1580 2612 e.
1606 2578 1737 2612 victum

72 2640 303 2682 accepturum
320 2646 397 2671 esse
466 2638 531 2671 666
555 2636 619 2671 sed
636 2635 812 2672 Pistoris:
829 2640 865 2672 et
934 2639 997 2671 667
1022 2637 1106 2681 quia
1128 2635 1258 2680 (enim)
1283 2635 1451 2670 Goetzius
1520 2636 1584 2668 669
1610 2635 1738 2668 contra

71 2692 194 2728 uersia
205 2692 253 2737 B,
269 2693 450 2729 trouersia
471 2693 539 2728 VE
626 2694 806 2737 redderet,
824 2704 916 2729 corr.
930 2692 1098 2737 Scalz'yer
1191 2694 1254 2726 6ῖο
1272 2701 1369 2726 1111110
1382 2690 1602 2725 —lenonem
1619 2688 1737 2723 Phae-

72 2747 197 2784 dromo
221 2750 440 2792 iribuuntur,
465 2760 561 2785 corr.
595 2749 784 2795 Vssinqius
875 2750 958 2794 pius
991 2748 1058 2783 VE
1149 2751 1213 2783 675
1238 2748 1305 2782 ΡΗ.
1324 2758 1467 2794 praem.
1493 2746 1529 2780 B
1613 2755 1736 2788 unum,

70 2815 164 2842 corr.
201 2805 411 2851 Vssinqius;
434 2807 482 2852 cf.
512 2807 609 2842 Trin.
633 2807 738 2848 1163,
763 2816 1045 2851 consponsorem
1069 2816 1107 2841 se
1129 2806 1225 2851 facit
1317 2805 1381 2838 676
1407 2803 1474 2838 ΡΗ.
1495 2813 1635 2849 praem.
1660 2802 1690 2834 B

70 2863 121 2907 cf.
139 2861 249 2899 Stich.
266 2864 342 2898 527
353 2863 446 2906 sim„
463 2864 534 2899 nisi
549 2864 785 2899 thensaurum
803 2862 1059 2902 nominativus;
1075 2862 1124 2906 cf.
1145 2861 1307 2898 Baclu'us
1324 2860 1483 2896 Stuclem.
1497 2858 1590 2894 stud.
1604 2860 1641 2898 2,
1656 2858 1738 2892 408

1754 2123 1810 2154 675
