1998 3179
699 534 1030 569 ARGVMENTVM
1066 536 1082 566 1

503 643 630 682 Senex
659 654 796 682 avarus
826 642 887 680 vix
916 642 989 682 sibi
1021 643 1185 683 eredens
1215 643 1351 683 Euclio

388 710 493 749 domi
522 721 614 749 suae
645 710 837 750 defossam
867 710 999 750 multis
1030 713 1120 750 clim
1152 710 1291 762 opibus

389 777 515 816 aulam
545 778 706 826 invenit,
736 789 972 828 rursumque
1002 778 1160 829 penitus
1189 778 1387 818 conditam

388 845 575 896 exanguis
605 857 739 884 amens
769 851 907 884 servat.
959 845 1042 884 eius
1074 845 1189 884 filiam

388 912 606 964 Lyconides
636 912 798 951 vitiarat.
847 912 998 952 interea
1028 925 1148 952 senex

388 980 620 1031 Megadorus
651 992 670 1018 a
701 991 838 1019 sorore
869 992 1005 1020 suasus
1036 979 1180 1020 ducere

388 1059 550 1087 uxorem
581 1048 683 1086 avari
713 1054 870 1099 gnatam
900 1047 1076 1100 deposcit
1106 1047 1191 1087 sibi.

388 1114 510 1154 durtis
539 1127 660 1154 senex
688 1118 750 1154 vix
780 1115 984 1167 promittit,
1015 1120 1130 1166 atque
1161 1115 1272 1154 aulae
1301 1115 1443 1155 timens

389 1182 504 1221 domo
535 1182 723 1222 sublatam
755 1183 869 1222 variis
898 1181 1091 1221 abstrudit
1121 1183 1229 1222 locis.

388 1250 547 1290 insidias
577 1262 709 1290 servos
738 1249 830 1288 facit
858 1250 973 1289 huius
1003 1249 1212 1302 Lyconidis

388 1317 455 1369 qui
485 1317 676 1369 virginem
706 1317 873 1365 vitiarat3
906 1323 1021 1368 atque
1051 1317 1136 1368 ipse
1169 1317 1348 1357 obsecrat

388 1385 620 1424 avonculum
650 1384 901 1435 Megadorum
931 1384 1086 1423 sibimet
1117 1385 1253 1424 cedere

391 1465 549 1491 uxorem
580 1452 737 1491 amanti.
787 1464 858 1503 per
887 1451 1020 1490 dolum
1050 1463 1140 1491 mox
1171 1452 1307 1492 Euclio

389 1531 479 1559 cum
508 1519 739 1571 perdidisset
768 1518 908 1566 aulam,
939 1519 1138 1570 insperato
1169 1519 1317 1559 invenit

387 1587 591 1637 laetusque
622 1592 751 1625 natam
782 1586 959 1626 conlocat
990 1586 1193 1639 Lyconidi.

691 1770 1023 1804 ARGVMENTVM
1059 1771 1095 1802 11

386 1878 525 1922 Aulam
555 1884 749 1930 repertam
780 1879 865 1917 auri
894 1878 1051 1930 plenam
1082 1878 1219 1917 Euclio

386 1944 430 1989 vi
460 1957 611 1986 summa
640 1952 778 1994 servat,
809 1946 961 1985 miseris
991 1947 1165 1986 adfectus
1194 1946 1332 1986 modis.

389 2012 606 2065 Lyconides
636 2013 746 2052 istius
775 2013 882 2052 vitiat
912 2014 1043 2053 filiam.

386 2078 474 2124 Volt
502 2081 605 2120 hanc
635 2080 866 2132 Megadorus
895 2081 1107 2120 indotatam
1138 2081 1297 2130 ducere,

389 2146 628 2199 Lubensque
659 2155 702 2187 ut
730 2148 846 2187 faciat
874 2149 939 2188 dat
969 2161 1117 2200 coquos
1148 2161 1238 2189 cuin
1273 2149 1452 2189 obsonio.

388 2215 496 2259 Auro
529 2215 710 2255 formidat
739 2214 889 2264 Euclio,
922 2216 1115 2256 abstrudit
1146 2217 1253 2257 foris.

389 2282 444 2326 Re
475 2284 582 2323 omni
611 2284 786 2334 inspecta
817 2284 1098 2335 compressoris
1128 2284 1301 2324 servolus

390 2350 428 2393 td
459 2351 598 2403 surpit.
647 2350 725 2390 illic
755 2350 935 2390 Euclioni
965 2364 1048 2391 rem
1069 2353 1202 2391 refert.

388 2417 448 2461 Ab
479 2430 525 2458 eo
556 2419 726 2458 donatur
754 2430 862 2467 auro,
894 2431 1017 2458 uxore
1047 2426 1085 2458 et
1114 2420 1207 2459 filio.

174 2563 314 2598 Iucn>1m
338 2565 421 2604 (om.
450 2561 498 2606 E)
529 2573 730 2598 PROLOGVS.
761 2573 810 2598 m.
835 2573 1048 2598 AVLVLAMA
1072 2575 1203 2600 PLAVTI
1227 2563 1316 2607 BE,
1341 2576 1398 2600 om
1416 2564 1450 2600 D
1557 2567 1575 2598 5
1600 2563 1721 2606 licon„

63 2619 145 2654 item
167 2619 226 2655 10.
251 2620 320 2660 15;
343 2620 381 2660 2,
399 2619 423 2654 3
517 2622 554 2653 11
582 2619 662 2664 ipse
688 2629 755 2653 om.
776 2618 810 2653 E

176 2675 317 2710 vam
339 2684 552 2711 AVLVLARIA
572 2685 722 2710 1N01P1'r.
747 2685 1004 2711 ARGVMENTVM
1030 2675 1112 2718 BE,
1138 2686 1206 2711 om.
1230 2675 1265 2711 D
1387 2678 1406 2709 6
1432 2676 1601 2712 abstridit
1625 2675 1722 2712 fores
