1998 3179
73 107 102 135 11
114 107 140 140 2,
159 107 277 135 85—113
785 104 1015 140 ASINARIA
1678 106 1730 144 67

74 221 160 261 dico
191 221 279 260 med
311 232 395 260 esse
426 220 645 259 atriensem.
695 220 750 259 sic
781 220 856 260 hoc
886 219 1089 272 respondit
1118 219 1230 258 mihi:

69 286 160 340 ‘ego
190 288 257 340 pol
288 288 472 327 Sauream
503 300 584 326 non
616 287 704 326 novi
736 300 866 339 neque
898 299 973 338 qua
1003 287 1100 326 facie
1130 287 1180 326 sit
1207 286 1302 326 scio.

72 363 109 395 te
140 369 220 395 non
253 361 456 406 aequomst
484 367 725 394 suscensere.
776 357 810 394 si
841 367 950 394 erum
981 355 1036 394 vis
1068 355 1360 401 Demaenetum,

72 426 188 474 quem
219 435 290 474 ego
322 422 424 469 novi,
455 421 624 461 adduce:
656 427 858 472 argentum
893 435 974 460 non
1005 421 1314 472 morabor'quin
1346 414 1470 460 feras.³
1742 431 1797 464 355

72 503 143 542 ego
174 503 236 530 me
266 490 343 529 dixi
374 502 482 529 erum
513 489 773 528 adducturum
804 495 842 527 et
870 501 932 527 me
962 489 1067 528 domi
1097 495 1252 540 praesto
1283 490 1387 536 fore;

72 558 135 597 ille
166 558 205 596 in
236 557 408 596 balineas
438 557 593 604 iturust,
624 556 714 595 inde
744 557 820 595 huc
853 557 982 595 veniet
1011 564 1158 608 postea.

71 626 164 676 quid
195 637 302 664 nunc
332 624 471 663 consili
502 623 734 675 captandum
765 622 932 663 censes?
964 624 1037 662 dic.
1095 624 1188 664 LIB.
1238 623 1309 662 Em
1340 622 1439 662 istuc
1468 635 1552 673 ago,

72 705 148 743 quo
179 692 295 731 modo
326 698 490 743 argento
521 692 770 730 intervortam
803 698 842 730 et
870 691 1120 730 adventorem
1152 698 1187 729 et
1220 691 1419 729 Sauream.

70 761 144 799 iam
175 761 250 799 hoc
281 772 379 811 opus
410 766 467 798 est
496 768 522 800 -1-
556 765 820 807 exasceatum;
853 770 941 797 nam
971 759 1002 797 si
1034 758 1096 797 ille
1127 765 1331 809 argentum
1362 757 1471 808 prius
1740 770 1796 802 360

69 827 211 878 hospes
241 827 317 866 huc
348 826 472 873 affert,
504 826 693 865 continuo
725 839 796 865 nos
828 825 942 864 ambo
974 826 1119 864 exclusi
1149 837 1294 864 sumus.

70 907 158 934 nam
189 906 251 933 me
280 894 394 933 hodie
425 905 544 932 senex
574 894 725 933 seduxit
754 893 879 932 solum
911 905 1063 932 sorsum
1095 892 1142 931 ab
1173 892 1345 939 aedibus,

69 962 162 1001 mihi
194 961 342 1012 tibique
373 961 664 1000 interminatust
694 974 768 1001 nos
799 962 952 1000 futuros
983 961 1145 1007 ulmeos,

70 1033 110 1068 ni
140 1029 255 1069 hodie
285 1029 504 1080 Argyrippo
536 1032 666 1068 essent
694 1029 829 1079 viginti
860 1028 1011 1080 argenti
1040 1029 1186 1076 minae;

69 1098 179 1137 iussit
207 1097 267 1136 vel
298 1109 370 1135 nos
400 1096 608 1136 atriensem
639 1096 698 1134 vel
730 1109 802 1135 nos
833 1108 995 1135 uxorem
1027 1108 1135 1135 suam
1740 1105 1794 1137 365

68 1165 309 1212 defraudare,
340 1164 435 1203 dixit
463 1177 547 1203 sese
579 1167 736 1215 operam
767 1165 1001 1216 promiscam
1034 1163 1138 1202 dare.

68 1245 175 1272 nunc
205 1239 246 1272 tu
278 1231 339 1270 abi
370 1232 415 1270 ad
448 1233 575 1271 forum
606 1232 652 1270 ad
684 1244 793 1270 erum
827 1238 864 1271 et
894 1244 1009 1270 narra
1041 1232 1135 1270 haec
1167 1236 1209 1270 ut
1239 1243 1311 1269 nos
1342 1230 1465 1269 acturi
1496 1242 1649 1269 sumus:

66 1307 104 1340 te
135 1313 180 1339 ex
211 1299 382 1339 Leonida
415 1300 590 1338 futurum
622 1312 704 1338 esse
735 1300 944 1339 atriensem
977 1299 1176 1344 Sauream,

66 1368 156 1407 dum
189 1373 392 1419 argentum
424 1367 559 1405 afferat
587 1373 781 1405 mercator
810 1370 883 1417 pro
914 1366 1043 1405 asinis.
1103 1365 1239 1406 LEON.
1289 1364 1443 1403 Faciam
1475 1370 1517 1403 ut
1546 1364 1668 1404 iubes.

64 1435 157 1475 Lm.
206 1434 289 1487 Ego
320 1434 429 1473 illum
460 1434 609 1473 interea
639 1434 702 1473 hic
734 1433 950 1480 oblectabo,
982 1433 1091 1484 prius
1121 1433 1152 1471 si
1183 1433 1282 1472 forte
1313 1432 1526 1473 advenerit.
1737 1442 1795 1474 370

63 1503 198 1542 Lon.
249 1501 348 1548 Quid
371 1500 454 1541 ais?
503 1501 595 1541 Lrss.
642 1502 742 1547 Quid
764 1500 849 1540 vis?
898 1501 975 1541 LE.
1020 1501 1156 1552 Pugno
1178 1500 1315 1539 malam
1338 1501 1368 1539 si
1392 1500 1459 1539 tibi
1481 1513 1725 1551 percussere,

64 1583 155 1610 mox
186 1582 275 1610 cum
307 1570 490 1609 Sauream
522 1569 716 1617 imitabor,
748 1576 880 1610 caveto
912 1583 961 1608 ne
992 1581 1234 1609 suscenseas.

63 1639 158 1678 LIB.
206 1638 345 1677 Hercle
377 1650 466 1676 vero
498 1643 538 1676 tu
570 1637 722 1677 cavebis
754 1650 804 1677 ne
835 1650 896 1676 me
927 1637 1107 1688 attingas,
1139 1637 1169 1676 si
1201 1636 1315 1687 sapis,

64 1709 114 1745 ne
146 1706 259 1744 hodie
290 1704 390 1744 malo
422 1717 509 1744 cum
541 1705 714 1756 auspicio
747 1718 892 1744 nomen
925 1705 1234 1743 commutaveris.

63 1774 198 1813 LEON.
220 1773 387 1818 Quaeso,
403 1785 528 1823 aequo
540 1773 670 1811 animo
689 1773 844 1824 patitor.
875 1773 923 1814 L.
947 1773 1095 1812 Patitor
1110 1776 1152 1811 tu
1169 1772 1275 1818 item,
1293 1783 1381 1810 cum
1394 1782 1466 1821 ego
1484 1777 1520 1809 te
1532 1771 1724 1809 reseriam‚
1739 1779 1794 1811 375

62 1841 197 1881 LEON.
237 1841 330 1880 Dico
355 1846 397 1879 ut
416 1847 527 1880 usust
547 1841 644 1879 fieri.
693 1841 787 1882 LIB.
827 1841 921 1880 Dico
942 1841 1074 1880 hercle
1096 1853 1168 1891 ego
1190 1852 1348 1891 quoque
1369 1845 1411 1877 ut
1432 1839 1605 1877 facturus
1627 1849 1725 1877 sum.

63 1909 198 1948 LEON.
236 1908 291 1947 Ne
314 1920 424 1959 nega.
464 1908 558 1948 Lm.
597 1908 700 1954 Quin
719 1909 919 1960 promitto,
942 1909 1114 1960 inquam,
1136 1908 1283 1948 hostire
1306 1913 1443 1947 contra
1460 1912 1503 1945 ut
1524 1905 1726 1945 merueris,

63 1973 198 2013 LEON.
246 1972 329 2023 Ego
361 1972 471 2019 abeo,
503 1979 544 2012 tu
576 1973 665 2020 iam,
697 1974 790 2021 scio,
821 1974 982 2026 patiere.
1032 1973 1099 2012 sed
1131 1973 1218 2023 quis
1248 1973 1311 2011 hic
1342 1970 1428 2011 est?
1458 1973 1489 2012 is
1521 1979 1590 2019 est,

63 2041 127 2080 ille
158 2046 216 2079 est
245 2040 365 2091 ipsus.
417 2040 490 2078 iam
523 2052 594 2090 ego
625 2052 787 2080 recurro
818 2042 906 2080 huc.
956 2047 998 2079 tu
1028 2041 1135 2079 hunc
1165 2040 1314 2079 interea
1346 2040 1407 2079 hic
1440 2046 1540 2079 tene.

63 2107 151 2147 volo
182 2107 267 2147 seni
299 2119 472 2148 narrare.
531 2107 624 2148 Lm.
674 2108 777 2154 Quin
810 2115 916 2148 tuom
949 2108 1122 2147 officium
1153 2108 1247 2147 sacis
1278 2119 1372 2159 ergo
1404 2120 1449 2147 ac
1480 2105 1610 2158 fugis?
1736 2115 1792 2148 380

187 2299 253 2330 352
276 2306 333 2331 me
447 2296 478 2331 si
504 2296 554 2331 Βι
669 2298 732 2330 356
764 2297 839 2331 dixi
869 2308 968 2332 erum
993 2296 1197 2331 Acidalius:
1227 2296 1389 2330 dixeram
1518 2298 1580 2330 357
1610 2295 1727 2330 iturus

65 2356 119 2388 est
142 2356 193 2394 (es
220 2352 264 2392 D)
379 2352 474 2387 unde
498 2352 536 2386 in
561 2352 708 2387 balneas
734 2363 841 2398 cyrus
864 2353 948 2388 inde
977 2353 1037 2388 hic
1062 2353 1145 2388 ueni
1170 2352 1313 2387 Nonius
1336 2352 1408 2386 194
1432 2362 1459 2387 s.
1485 2351 1637 2386 balneae

65 2411 130 2444 358
153 2410 236 2444 hem
339 2412 403 2443 360
429 2409 613 2444 exasciato
639 2409 846 2450 Acidalz'us,·
875 2410 939 2444 sed
965 2410 1067 2454 prius
1100 2421 1171 2443 uon
1203 2409 1308 2444 lcabet
1341 2420 1413 2454 quo
1444 2409 1631 2453 referatur
1663 2409 1726 2452 (cf.

66 2465 175 2506 370),·
204 2464 295 2508 fort.
325 2464 397 2499 iam
428 2466 498 2500 hoc
529 2464 564 2506 (ἱ.
589 2476 617 2499 e.
641 2466 726 2506 huc)
758 2469 866 2511 opust
895 2477 1004 2501 senex
1034 2466 1199 2501 acciatur
1221 2465 1278 2500 vel
1293 2465 1421 2510 pocius
1444 2465 1648 2508 accieatur‚
1676 2464 1725 2508 cf.

65 2520 140 2556 Mil.
162 2522 235 2555 935
253 2524 338 2561 (asc.
355 2521 531 2566 scriptum
553 2532 623 2567 pro
640 2531 716 2556 acc.
736 2522 831 2556 velut
849 2522 918 2557 Cic.
937 2522 986 2557 ad
1009 2526 1087 2557 Act.
1107 2525 1140 2563 5,
1164 2523 1195 2563 1,
1221 2522 1244 2555 3
1261 2521 1438 2562 asciuero)
1532 2523 1595 2555 363
1613 2520 1726 2556 inter-

64 2576 221 2611 minatus
235 2579 289 2611 est
358 2578 421 2611 364
436 2577 619 2621 argirippo
635 2577 669 2611 B
682 2580 724 2619 (v.
738 2578 786 2612 ad
800 2589 830 2612 v.
845 2579 912 2620 74),
926 2578 1090 2623 agirippo
1108 2577 1142 2611 E
1200 2577 1330 2621 uiginti
1343 2579 1463 2612 essent
1476 2576 1636 2622 Pylades

66 2635 130 2667 366
152 2632 374 2677 promissam,
399 2642 494 2667 corr.
518 2633 719 2668 palmerius
811 2637 875 2669 372
904 2635 953 2678 cf.
981 2636 1040 2668 85.
1065 2633 1233 2669 imitabor
1258 2634 1430 2668 Sauream
1456 2632 1726 2674 Fleckeisenus;

65 2693 174 2733 atque
206 2692 333 2723 caueto
367 2693 470 2730 (caue
502 2692 542 2724 tu
568 2690 767 2732 Bentleius)
799 2691 873 2726 slve
903 2692 956 2725 sic
987 2690 1211 2726 retinendum
1247 2695 1301 2725 est
1331 2690 1405 2724 sive
1438 2689 1559 2725 cauito
1587 2689 1726 2733 ῥιπὴ,-

65 2745 182 2780 v.375
202 2744 338 2790 patitor
354 2745 417 2789 (cf.
443 2743 544 2791 Capt.
568 2746 651 2788 431)
788 2748 851 2780 373
883 2747 913 2781 si
939 2746 1009 2780 B2:
1042 2746 1072 2781 si
1095 2757 1151 2780 me
1288 2748 1353 2780 376
1386 2747 1490 2780 usust
1513 2745 1728 2781 Lambinus.-

65 2811 152 2835 usus
267 2803 328 2835 377·
353 2811 399 2835 ne
422 2811 489 2835 om.
515 2800 552 2835 E
667 2801 871 2838 memineris
895 2802 1037 2837 Nonius
1062 2803 1085 2835 3
1200 2804 1264 2837 380
1289 2804 1391 2836 tuum
1416 2814 1452 2838 ς.·
1474 2804 1515 2837 tu
1644 2804 1725 2846 hac,

65 2857 113 2901 cf.
141 2857 219 2891 420

1403 2915 1451 2948 5*
