2018 3183
185 87 266 127 168
932 89 1112 125 PLAVTI
1614 92 1658 120 IV
1671 94 1697 125 9,
1716 93 1851 121 114-144

273 215 403 255 neque
435 215 507 254 ego
538 202 641 242 haud
672 203 910 242 committam
941 210 994 251 ut,
1026 204 1058 243 si
1090 204 1181 255 quid
1211 211 1417 256 peecatum
1447 205 1530 252 siet,

272 272 410 311 fecisse
442 271 545 310 dicas
576 270 622 309 de
653 282 739 309 mea
770 270 977 309 sententia.

266 351 416 385 verum,
447 345 491 377 ut
520 349 591 388 ego
624 338 778 389 opinor,
811 341 843 376 si
874 349 946 389 ego
978 338 1018 377 in
1050 338 1147 378 istoc
1176 339 1248 378 sim
1279 339 1378 386 loco,

269 406 356 445 dem
387 406 518 458 potius
548 417 686 445 aurum
718 417 834 456 quam
865 405 973 444 illum
1005 406 1205 458 corrumpi
1235 406 1372 446 sinam.
1867 416 1941 448 1040

270 473 367 513 duae
399 473 653 513 condiciones
683 480 796 513 sunt:
830 479 955 513 utram
987 480 1027 513 tu
1059 474 1226 525 accipias
1256 473 1359 513 vide:
1996 466 1998 468 ’

269 540 327 579 vel
357 547 400 580 ut
431 552 569 580 aurum
598 540 739 592 perdas
770 541 828 580 vel
860 547 901 580 ut
932 548 1080 580 amator
1110 541 1290 593 perieret.

270 620 341 660 ego
375 619 504 659 neque
534 615 572 647 te
604 608 719 648 iubeo
752 621 883 660 neque
912 616 1013 654 veto,
1046 621 1176 660 neque
1207 609 1364 648 suadeo.

266 676 361 718 N1c.
410 676 570 716 Miseret
598 688 661 715 me
691 675 805 715 illius.
866 675 1024 716 Cnms.
1076 676 1182 715 Tuos
1214 683 1283 723 est,
1316 689 1397 715 non
1429 676 1570 715 mirum
1604 676 1708 717 facis.

268 744 300 784 si
331 744 419 796 plus
448 743 697 796 perdundum
728 744 788 790 sit,
825 744 988 794 periisse
1018 744 1201 791 suaviust,
1867 751 1940 784 1045

269 824 385 862 quam
416 811 510 852 illud
541 812 729 863 flagitium
761 811 872 862 volgo
904 812 1177 863 dispalescere.

267 879 362 921 NIC.
412 879 468 919 Ne
499 880 563 919 ille
594 879 734 930 edepol
764 879 908 930 Ephesi
940 880 1062 919 multo
1094 879 1294 919 mavellem
1328 880 1442 926 foret,

269 947 361 986 dum
392 947 517 986 salvos
547 953 660 994 esset,
693 959 808 997 quam
840 947 1055 986 revenisset
1084 947 1257 986 domum.

268 1014 362 1066 quid
393 1027 464 1066 ego
496 1013 610 1054 istic?
641 1014 745 1065 quod
776 1014 1063 1065 perdundumst
1093 1026 1302 1065 properem
1332 1013 1509 1066 perdere.

267 1080 383 1121 binos
414 1081 605 1121 ducentos
635 1081 838 1133 Philippos
868 1081 943 1119 iam
972 1081 1080 1120 intus
1111 1082 1291 1129 ecseram,
1867 1087 1942 1121 1050

269 1156 306 1189 et
335 1149 447 1189 militi
477 1162 576 1200 quos
607 1149 754 1188 dudum
784 1149 947 1200 promisi
978 1149 1096 1188 miser

272 1223 309 1256 et
339 1217 448 1256 istos.
496 1229 610 1256 mane
640 1217 740 1264 istic,
770 1217 845 1256 iam
877 1229 972 1256 exeo
1003 1217 1049 1256 ad
1082 1224 1132 1264 te,
1165 1216 1359 1268 Chrysale.
1391 1239 1445 1245 —

269 1284 428 1324 CHRYS.
480 1284 541 1324 Fit
570 1291 675 1324 vasta
705 1285 832 1331 Troia,
864 1284 1049 1324 scindunt
1079 1296 1264 1336 proceres
1295 1284 1541 1335 Pergamum.

269 1353 363 1392 scivi
395 1365 466 1404 ego
498 1353 573 1392 iam
604 1351 749 1392 dudum
783 1353 867 1391 fore
899 1364 960 1390 me
992 1352 1108 1391 exitio
1143 1352 1344 1404 Pergamo.

269 1419 410 1472 edepol
441 1420 507 1472 qui
539 1432 601 1458 me
633 1432 718 1459 esse
748 1420 851 1458 dicat
881 1419 1057 1458 cruciatu
1089 1419 1189 1457 malo
1868 1423 1942 1456 1055

270 1487 446 1539 dignum,
478 1500 528 1527 ne
559 1500 629 1539 ego
662 1499 752 1527 cum
782 1487 848 1526 illo
880 1487 1023 1538 pignus
1054 1487 1156 1526 haud
1188 1487 1310 1526 ausim
1344 1487 1455 1535 dare;

268 1561 394 1595 tantas
425 1555 612 1595 turbellas
641 1556 753 1595 facio.
800 1555 868 1594 sed
900 1555 1053 1606 crepuit
1083 1555 1197 1594 soris:

269 1624 439 1663 ecfertur
470 1623 612 1676 praeda
643 1636 687 1663 ex
719 1623 849 1662 Troia.
900 1630 1046 1662 taceam
1080 1623 1278 1662 nunciam.

266 1690 360 1731 Nlo.
412 1691 514 1742 Cape
544 1691 620 1730 hoc
650 1690 719 1730 tibi
752 1703 903 1737 aurum,
936 1690 1130 1742 Chrysam,
1163 1691 1186 1739 i,
1218 1690 1277 1728 ser
1307 1689 1399 1728 filio.

267 1770 339 1810 ego
371 1758 417 1797 ad
449 1759 578 1797 forum
609 1765 739 1798 autem
770 1758 863 1798 hinc
893 1758 971 1805 ibo,
1003 1764 1045 1796 ut
1075 1757 1219 1797 solvam
1251 1757 1375 1796 militi.
1868 1761 1943 1795 1060

266 1825 424 1867 CfflYs.
470 1826 556 1865 Non
590 1826 770 1877 equidem
801 1825 1003 1877 accipiam.
1056 1825 1169 1877 proin
1203 1832 1243 1864 tu
1275 1836 1439 1876 quaeras
1471 1824 1537 1875 qui
1569 1825 1679 1865 serat.

267 1893 359 1932 nolo
392 1906 463 1945 ego
495 1894 587 1932 mihi
619 1894 737 1932 credi.
795 1893 890 1933 Nlo.
941 1894 1044 1945 Cape
1075 1905 1181 1940 vero,
1215 1892 1349 1932 odiose
1380 1892 1484 1932 sacis.

266 1960 425 2002 CER-fs.
454 1961 540 2000 Non
559 1961 738 2012 equidem
756 1961 918 2013 capiam.
957 1961 1050 2001 Nm.
1081 1963 1130 2000 At
1147 1973 1303 2012 quaeso.
1346 1959 1388 2000 C.
1417 1960 1510 1999 Dico
1529 1967 1648 2000 utres
1664 1973 1706 2001 se
1722 1961 1851 2002 habet.

265 2028 361 2069 Nm.
410 2028 577 2068 Morare.
637 2029 795 2069 CHRYS.
845 2029 957 2075 Nolo,
989 2029 1163 2080 inquam,
1196 2040 1334 2067 aurum
1366 2028 1553 2067 concredi
1583 2028 1690 2068 mihi.

269 2095 329 2134 vel
360 2095 407 2134 da
439 2096 608 2147 aliquem
639 2096 705 2147 qui
737 2102 863 2135 servet
892 2108 967 2135 me.
1027 2096 1121 2136 Nlc.
1173 2095 1270 2143 One,
1302 2095 1435 2134 odiose
1466 2095 1572 2135 sacis.
1869 2101 1944 2135 1065

268 2162 426 2203 CHRYS.
458 2163 575 2212 Cedo,
596 2166 627 2203 si
650 2176 809 2203 necesse
831 2170 901 2203 est.
936 2163 1030 2205 Nm.
1063 2163 1163 2203 Cura
1184 2164 1271 2202 hoc.
1295 2163 1371 2202 iam
1388 2165 1460 2215 ego
1482 2163 1559 2203 huc
1576 2176 1779 2204 revenero.
1799 2188 1851 2193 —

267 2230 426 2273 Omnes.
478 2231 663 2271 Curatum
695 2238 753 2271 est
781 2254 836 2259 —
868 2243 952 2271 esse
982 2238 1020 2270 te
1050 2244 1185 2271 senem
1217 2232 1504 2271 miserrumum.

299 2343 384 2376 1033
410 2342 455 2377 de
478 2352 535 2377 me
558 2352 639 2377 mea
652 2341 780 2384 BDC2,
805 2342 850 2377 de
865 2352 946 2377 mea.
961 2352 1018 2376 me
1037 2342 1077 2376 C²
1173 2343 1260 2376 1039
1277 2341 1358 2377 Nrc.
1371 2352 1512 2387 praem.
1531 2340 1567 2375 B
1662 2344 1747 2377 1042
1772 2352 1853 2387 per-

179 2398 277 2434 iuret
410 2401 496 2434 1043
522 2398 600 2434 Cm.
622 2408 760 2444 praem.
785 2397 821 2432 B
960 2401 1047 2434 1044
1073 2397 1186 2433 facias
1211 2397 1262 2432 B¹
1404 2400 1488 2432 1045
1514 2397 1664 2433 suauius
1688 2401 1745 2434 est
1771 2397 1853 2440 CD;

181 2454 297 2491 satius
321 2457 377 2491 est
401 2453 568 2500 Scaliqer
662 2456 748 2489 1046
771 2453 872 2489 illum
899 2454 932 2489 B
1028 2457 1126 2488 1047.
1157 2457 1239 2489 1045
1273 2464 1341 2489 om.
1367 2452 1418 2488 B¹
1513 2456 1595 2488 1047
1622 2452 1701 2490 fore
1725 2454 1762 2490 B

183 2513 270 2546 1049
293 2510 486 2556 perdundu
509 2513 544 2547 st
567 2510 603 2546 B
694 2521 884 2556 properem
911 2510 963 2555 cf.
988 2511 1101 2552 1058,
1125 2509 1283 2545 Brioeius
1307 2509 1356 2544 ad
1380 2508 1477 2544 Trin.
1489 2510 1594 2544 1136.
1633 2510 1698 2545 sed
1719 2521 1852 2558 expec-

181 2572 299 2602 tamus
324 2567 411 2612 quid
434 2567 542 2603 istic?
567 2567 653 2612 quin
677 2567 772 2612 quod
787 2567 1051 2612 perdundumst
1073 2576 1230 2611 propero
1248 2566 1422 2611 perdere?
1448 2565 1498 2611 cf.
1523 2565 1635 2602 Poen.
1660 2568 1764 2602 1225

184 2626 268 2658 1050
293 2623 478 2669 philippos
510 2623 686 2659 ducentos
710 2622 746 2658 B
774 2627 859 2658 ante
882 2633 978 2658 corr.
1118 2625 1203 2657 1054
1228 2621 1387 2665 exitium,
1416 2632 1509 2657 corr.
1533 2620 1776 2665 Bitschelius;
1801 2624 1852 2670 cf.

182 2680 258 2715 947
349 2681 435 2715 1060
459 2679 607 2715 militem
630 2680 666 2722 (i.
685 2691 716 2715 e.
731 2679 881 2724 militen,
907 2690 1001 2714 corr.
1019 2678 1238 2719 Lambinus;
1261 2678 1310 2723 cf.
1333 2677 1463 2714 Pseud.
1478 2679 1580 2713 1:230
1674 2682 1760 2716 1062
1785 2690 1851 2725 ego

180 2746 251 2771 om.
277 2736 329 2771 B¹
424 2735 608 2772 Charisius
622 2736 704 2771 209
727 2735 782 2773 Pl.
805 2736 844 2771 in
866 2737 1019 2772 Bacch:
1045 2736 1169 2772 odiose
1190 2734 1292 2779 facis,
1318 2745 1408 2780 cape
1432 2738 1531 2777 (care
1554 2735 1647 2778 cod.)
1671 2746 1759 2772 uero

183 2793 268 2826 1065
294 2791 354 2827 uel
377 2812 421 2817 —
445 2795 566 2830 seruet
588 2803 655 2828 om.
682 2792 743 2828 CD
871 2803 928 2828 me
952 2795 1083 2836 seruet,
1107 2803 1202 2828 corr.
1228 2791 1460 2827 Hermannus
1570 2794 1653 2827 1067
1679 2792 1730 2837 cs.
1753 2790 1851 2829 Men.

183 2848 270 2891 548,
296 2846 406 2895 Epid.
431 2848 508 2885 338
599 2849 828 2885 miserumum
853 2848 889 2884 B
