2003 3188
208 131 260 167 20
938 123 1116 159 PLAVTI
1650 122 1664 149 1
1676 122 1702 156 1.
1721 122 1858 152 249—278

207 244 324 290 venit,
356 254 453 293 quae
484 253 545 279 me
575 238 753 279 advexit?
786 251 919 278 nonne
950 250 1011 276 me
1041 237 1119 275 huc
1150 248 1240 275 erus
1271 234 1375 273 misit
1404 233 1541 273 meus?

208 324 342 351 nonne
372 322 443 360 ego
477 321 582 346 nunc
612 314 671 346 sto
701 313 791 345 ante
821 305 935 344 aedes
957 302 1140 343 nostras?
1171 315 1251 341 non
1283 302 1334 340 mi
1356 307 1414 341 est
1444 302 1619 341 lanterna
1650 303 1689 342 in
1712 302 1860 342 manu?

209 392 287 417 non
320 378 469 427 loquor,
502 379 579 414 non
611 371 756 424 vigilo?
789 384 922 410 nonne
952 371 1015 409 hic
1046 371 1162 408 homo
1194 369 1309 407 mado
1340 381 1402 407 me
1434 370 1577 420 pugnis
1608 369 1813 409 contudit?

208 446 298 484 fecit
326 443 468 488 hercle,
502 454 587 480 nam
622 441 733 478 etiam
767 439 908 477 misero
941 449 1047 476 nunc
1076 433 1216 489 (mihi)
1246 436 1367 474 malae
1397 436 1544 475 dolent.

208 512 298 563 quid
331 511 447 561 igitur
478 521 549 559 ego
581 507 729 553 dubito,
761 512 827 544 aut
857 517 927 544 cur
958 517 1037 543 non
1071 505 1173 543 intro
1205 516 1251 542 eo
1282 504 1321 542 in
1355 510 1528 543 nostram
1559 503 1747 543 domum?

206 580 262 619 M.
293 577 406 624 Quid,
428 577 586 615 domum
607 571 804 613 vostram?
846 573 885 613 8.
908 572 961 611 lta
983 572 1085 610 enim
1108 583 1213 609 vero.
1258 570 1314 610 M.
1333 571 1434 617 Quin
1461 583 1558 622 quae
1581 572 1707 611 dixisti
1729 573 1845 611 modo

208 646 333 685 omnia
364 643 604 683 ementitu's:
638 641 815 692 equidem
848 640 955 679 Sosia
987 638 1285 690 Amphitruonis
1315 651 1412 678 sum.

208 726 296 752 nam
330 718 447 751 noctu
480 711 551 748 hac
581 709 704 747 soluta
737 715 794 747 est
826 708 931 746 navis
963 714 1093 745 nostra
1125 719 1145 744 e
1176 711 1293 757 portu
1326 706 1495 753 Persico,

207 787 245 820 et
274 780 341 818 ubi
372 777 518 817 Pterela
551 789 617 815 rex
649 776 822 827 regnavit
855 774 1039 826 oppidum
1073 774 1390 824 expugnavimus,

207 855 244 887 et
274 847 447 897 legiones
477 844 736 882 Teloboarum
768 843 802 881 vi
834 842 1044 893 pugnando
1076 841 1263 891 cepimus,

208 920 245 953 et
275 914 381 965 ipsus
411 912 641 963 Amphitruo
674 912 920 962 optruncavit
951 921 1082 959 regem
1116 908 1306 947 Pterelam
1338 909 1376 947 in
1410 909 1571 960 proelio.

207 982 295 1022 Sos.
346 980 508 1030 Egomet
538 979 630 1017 mihi
664 991 744 1017 non
779 977 908 1024 credo,
942 989 1030 1016 cum
1061 976 1170 1014 illaec
1201 982 1402 1014 autumare
1433 976 1539 1015 illum
1571 976 1706 1024 audi0;

206 1049 268 1087 hic
299 1049 452 1099 quidem
486 1049 590 1085 certe
623 1058 723 1096 quae
755 1045 830 1083 illic
862 1051 956 1083 sunt
985 1056 1047 1083 res
1076 1050 1206 1094 gestae
1237 1050 1427 1083 memorat
1457 1044 1692 1082 memoriter.

206 1115 271 1154 sed
304 1115 393 1165 quid
425 1113 508 1153 ais?
539 1114 631 1164 quid
664 1112 938 1164 Amphitruoni
968 1109 1108 1166 (doni)
1139 1124 1159 1149 a
1190 1111 1373 1150 Telobois
1403 1111 1533 1150 datum
1564 1110 1650 1152 est?

206 1183 343 1222 Manen
401 1182 546 1220 Pterela
578 1194 644 1219 rex
678 1180 742 1231 qui
774 1181 938 1231 potitare
969 1180 1106 1218 solitus
1137 1186 1196 1218 est
1226 1185 1356 1230 patera
1388 1191 1516 1218 aurea.

207 1251 294 1291 Sos.
344 1249 529 1288 Elocutus
550 1255 619 1288 est.
671 1248 737 1287 ubi
758 1254 889 1299 patera
913 1260 1020 1286 nunc
1043 1245 1127 1286 est?
1186 1247 1327 1287 MERC.
1372 1244 1490 1301 (Est)
1510 1247 1548 1287 in
1572 1247 1728 1294 cistula;

207 1316 499 1368 Amphitruonis
531 1316 731 1367 obsignata
763 1316 874 1366 signo
907 1322 976 1354 est.
1037 1314 1126 1355 Sos.
1177 1315 1286 1365 Signi
1316 1314 1377 1353 dic
1408 1315 1500 1366 quid
1532 1313 1619 1355 est?

206 1385 345 1424 MERC.
396 1383 489 1423 Cum
522 1384 718 1434 quadrigis
749 1383 815 1421 Sol
847 1384 1038 1422 exoriens.
1098 1383 1190 1433 quid
1223 1395 1284 1421 me
1316 1390 1458 1434 captas,
1491 1382 1707 1423 carnufex?

207 1453 296 1493 Sos.
345 1452 593 1503 Argumentis
624 1452 723 1498 vicit,
754 1451 856 1490 aliud
891 1464 1035 1490 nomen
1067 1450 1338 1501 quaerundum
1371 1457 1430 1489 est
1460 1451 1564 1489 mihi.

210 1520 339 1558 nescio
372 1520 474 1558 unde
506 1520 600 1558 haec
631 1519 692 1558 hic
723 1519 923 1570 spectavit.
984 1519 1058 1557 iam
1090 1531 1162 1568 ego
1193 1518 1300 1557 hunc
1331 1519 1518 1570 decipiam
1550 1519 1694 1570 probe;

210 1599 296 1626 nam
329 1587 430 1638 quod
462 1593 614 1638 egomet
645 1587 750 1626 solus
781 1587 867 1633 feci,
900 1599 973 1626 nec
1005 1587 1210 1638 quisquam
1243 1586 1340 1625 alius
1369 1586 1489 1633 affuit,

210 1655 248 1693 in
280 1654 513 1701 tabernaclo,
546 1655 581 1693 id
614 1655 769 1705 quidem
802 1655 916 1693 hodie
949 1666 1159 1704 numquam
1192 1654 1336 1705 poterit
1366 1653 1507 1693 dicere.

210 1722 240 1760 si
272 1727 313 1761 tu
344 1722 452 1761 Sosia
483 1734 534 1769 eS,
566 1723 739 1772 legiones
770 1734 858 1761 cum
889 1721 1118 1773 pugnabant
1148 1733 1340 1769 maxume,

212 1789 303 1839 quid
335 1789 373 1827 in
406 1789 628 1829 tabernaclo
662 1789 813 1829 fecisti?
845 1790 969 1829 victus
1000 1802 1098 1837 sum,
1130 1790 1161 1828 si
1193 1789 1346 1828 dixeris.

209 1856 348 1896 MERC.
399 1857 521 1896 Cadus
553 1865 634 1896 erat
663 1858 753 1904 vini,
785 1858 875 1897 inde
898 1857 1050 1910 implevi
1074 1858 1263 1897 hirneam.
1324 1857 1412 1897 Sos.
1464 1856 1685 1908 Ingressust
1714 1857 1824 1896 viam.

209 1923 348 1964 MERc.
398 1924 490 1963 Eam
521 1938 605 1976 ego,
638 1932 680 1964 ut
711 1932 832 1965 matre
864 1926 991 1964 suerat
1023 1931 1168 1971 natum,
1200 1925 1278 1964 vini
1310 1925 1423 1964 eduxi
1455 1924 1563 1964 meri.

210 1992 298 2032 Sos.
349 1992 506 2031 Factum
539 2001 596 2032 est
626 1993 732 2040 illud,
765 2000 806 2032 ut
837 2007 909 2045 ego
941 1994 1020 2032 illic
1053 1993 1128 2032 vini
1161 1993 1340 2032 hirneam
1372 1992 1559 2032 ebiberim
1592 1993 1702 2031 meri.

210 2059 304 2097 mira
335 2065 427 2098 sunt
457 2060 529 2099 nisi
562 2061 671 2100 latuit
701 2062 806 2100 intus
836 2061 915 2100 illic
946 2061 984 2100 in
1019 2061 1104 2100 illac
1136 2061 1284 2099 hirnea.

209 2126 347 2166 MERC.
398 2127 498 2172 Quid
531 2127 666 2167 nunc?
697 2129 837 2167 vincon
872 2129 1125 2180 argumentis,
1157 2135 1194 2167 te
1227 2141 1306 2167 non
1339 2140 1423 2167 esse
1455 2125 1636 2167 Sosiam?

208 2193 297 2233 Sos.
342 2194 400 2233 Tu
423 2206 540 2245 negas
562 2196 645 2234 med
670 2195 782 2234 esse?
831 2196 971 2236 MERC.
1014 2196 1114 2242 Quid
1136 2209 1208 2247 ego
1232 2196 1272 2234 ni
1301 2208 1453 2247 negem,
1479 2196 1545 2246 qui
1567 2200 1722 2246 egomet
1740 2193 1864 2234 siem?

321 2316 385 2347 406
421 2317 475 2348 sto
503 2314 569 2349 Εἲς
604 2316 673 2350 isto
698 2316 745 2358 B,
770 2317 803 2351 D
827 2321 1042 2355 (correctum
1074 2322 1110 2352 et
1140 2317 1227 2352 sisto
1257 2320 1292 2351 et
1321 2318 1389 2358 sto)
1414 2315 1480 2358 E¹‚
1516 2316 1562 2351 al.
1596 2316 1653 2351 hic
1682 2327 1763 2361 sup.
1792 2326 1863 2350 scr.

209 2368 260 2403 Β2
394 2370 530 2405 laterna.
566 2371 687 2406 BED'
822 2376 887 2407 408
923 2373 1055 2418 (mihi)
1088 2373 1316 2408 Camerarius
1348 2377 1433 2418 post
1468 2371 1589 2407 dolent
1723 2375 1789 2407 409
1825 2376 1867 2406 ut

208 2424 280 2459 DE
402 2430 467 2462 412
491 2428 654 2471 persicco
679 2427 768 2463 D¹E
890 2432 955 2463 414
981 2430 1162 2474 coepimus
1186 2429 1396 2470 (occidimus
1423 2428 1622 2470 Gertzius),·
1645 2439 1769 2463 versus
1792 2439 1866 2463 non

208 2486 291 2526 apte
322 2482 467 2517 additus
495 2483 634 2518 videtur
751 2488 815 2519 418
841 2485 973 2530 (doni)
998 2485 1186 2530 Vssz'nfsz'ns
1217 2486 1325 2527 (dono
1352 2484 1550 2526 Bentleius,
1577 2483 1774 2523 Lomanus)

208 2539 272 2570 420
294 2538 396 2584 (est)
419 2539 541 2573 Densa
634 2543 697 2575 423
721 2541 834 2576 uincit
864 2540 896 2575 Ε
985 2545 1049 2576 426
1075 2548 1108 2576 et
1132 2545 1196 2577 423
1221 2541 1455 2577 tabernaculo
1485 2541 1516 2575 B
1607 2543 1673 2575 429
1699 2551 1865 2585 cyrneam

208 2593 349 2628 Nonius
372 2596 438 2628 546
462 2596 499 2629 in
524 2596 688 2631 lemmate
712 2601 747 2631 et
770 2608 872 2632 versu
964 2598 1146 2642 ingressus
1171 2602 1209 2633 tu
1233 2598 1306 2633 iam
1331 2598 1411 2639 BD,
1440 2597 1622 2641 ingressus
1645 2597 1717 2631 iam
1741 2595 1779 2631 E

209 2652 273 2683 430
299 2651 465 2686 edueram
489 2653 541 2687 eri
568 2653 600 2687 D
624 2658 707 2687 ante
731 2664 835 2694 corr„
860 2654 898 2688 id
925 2654 1062 2689 indicat
1085 2655 1285 2690 educebam
1317 2654 1417 2689 meri.
1452 2654 1517 2689 sed
1538 2654 1726 2699 qenetivus
1748 2653 1865 2698 offen-

207 2704 260 2738 dit
295 2711 329 2740 et
366 2708 429 2741 via·
464 2707 590 2743 hirnea
626 2709 790 2744 educitur
829 2711 907 2750 (etsi
948 2710 1113 2753 ebibitur)
1153 2710 1218 2745 sed
1255 2712 1375 2745 vinum
1410 2710 1473 2755 (cf.
1509 2708 1622 2744 Stich.
1659 2710 1736 2743 759.
1774 2709 1865 2751 762).

208 2763 377 2806 temptavi
404 2763 476 2798 vini
506 2765 631 2808 <vim>3
664 2766 714 2810 cf.
749 2765 861 2801 Poen.
893 2768 959 2801 ‘210
1095 2770 1157 2802 431
1184 2772 1273 2814 post
1305 2769 1370 2801 432
1400 2766 1437 2801 Ε
1441 2779 1455 2808 ;
1487 2766 1535 2811 cf.
1565 2766 1696 2811 282sq.
1730 2765 1865 2801 Bacch.

209 2817 274 2850 449
292 2828 344 2862 sq.
374 2818 628 2866 T1·2·n.salsq.
661 2822 780 2862 (aliter
815 2822 926 2858 Poen,
953 2824 1019 2857 839
1057 2823 1157 2869 Capt.
1193 2824 1273 2866 805)
1410 2826 1469 2858 431
1511 2824 1566 2857 est
1601 2833 1668 2857 om.
1708 2821 1780 2856 DE

208 2876 273 2907 434
297 2885 352 2909 me
376 2876 420 2910 de
437 2886 514 2911 esse

1869 243 1926 276 405

1872 580 1929 613 410

1873 918 1929 951 415

1874 1257 1931 1290 420

1875 1595 1932 1629 425

1876 1934 1933 1967 430
