1998 3179
94 87 140 114 111
152 88 177 121 2,
197 87 292 120 49—3‚
311 88 328 115 3
776 84 1063 121 AMPHITRVO
1697 85 1748 122 39

180 201 244 239 ibo
274 207 449 252 egomet;
480 201 660 240 comitem
693 200 784 239 mihi
816 200 1042 239 Pudicitiam
1074 199 1234 238 duxero.
1264 208 1287 240 ÷

178 268 294 309 IVPP.
343 268 469 307 Mane.
518 268 708 307 arbitratu
738 275 804 307 tuo
835 268 895 307 ius
925 267 1134 306 iurandum
1165 267 1276 314 dabo,

179 348 240 374 me
271 348 393 374 meam
423 336 601 387 pudicam
635 348 718 374 esse
749 348 911 374 uxorem
943 335 1177 374 arbitrarier.

179 403 216 441 id
247 415 318 454 ego
349 403 381 442 si
411 403 515 450 fallo,
546 410 629 442 tum
657 409 708 450 te,
740 415 890 442 summe
922 403 1109 454 Iuppiter,

180 483 336 520 quaeso,
367 471 642 521 Amphitruoni
672 476 716 508 ut
744 483 898 521 semper
928 470 1047 509 iratus
1078 471 1166 509 sies.

177 537 281 578 ALc.
329 538 373 584 A,
404 537 595 588 propitius
625 537 674 576 sit
702 537 844 588 potius.
903 537 1018 578 IVPP.
1069 537 1229 576 Confido
1263 538 1364 583 fore;

179 617 266 644 nam
298 605 358 644 ius
388 605 594 644 iurandum
625 617 758 644 verum
790 611 826 643 te
857 605 1063 644 advorsum
1094 605 1192 643 dedi.

176 673 249 711 iam
281 685 388 711 nunc
419 673 512 711 irata
545 686 623 712 non
657 671 726 711 es?
784 674 881 713 ALC.
914 673 1000 711 Non
1032 684 1131 711 sum.
1190 672 1306 712 IVPP.
1357 672 1462 711 Bene
1495 671 1599 710 facis.

177 752 265 778 nam
298 740 336 779 in
368 740 570 779 hominum
603 746 724 779 aetate
754 741 873 780 multa
905 740 1090 779 eveniunt
1119 740 1234 779 huius
1265 739 1390 778 modi:

175 808 336 859 capiunt
365 808 594 859 voluptates,
625 809 784 860 capiunt
814 821 968 848 rursum
999 808 1193 855 miserias;

176 875 254 914 irae
285 875 563 923 interveniunt,
594 877 760 915 redeunt
789 889 945 915 rursum
978 877 1014 914 in
1049 876 1223 928 gratiam.

174 955 308 982 verum
339 944 418 983 irae
448 944 479 982 si
511 957 609 994 quae
641 945 739 983 sorte
771 945 956 983 eveniunt
985 945 1100 983 huius
1130 944 1234 982 modi

174 1011 279 1049 inter
308 1024 387 1057 eos,
420 1024 574 1050 rursum
607 1012 637 1051 si
670 1019 871 1051 reventum
902 1013 941 1051 in
973 1013 1134 1062 gratiam
1167 1019 1237 1058 est,

177 1078 236 1118 bis
265 1085 374 1117 tanto
404 1080 514 1118 amici
547 1086 639 1118 sunt
669 1080 772 1119 inter
801 1094 842 1119 se
874 1093 989 1131 quam
1021 1081 1141 1129 prius.

174 1146 276 1187 ALO.
326 1147 499 1186 Primum
530 1148 673 1187 cavisse
705 1149 878 1199 oportuit
909 1161 958 1187 ne
989 1149 1149 1194 diceres,

174 1227 306 1253 verum
339 1215 472 1254 eadem
503 1215 535 1254 si
566 1216 684 1254 isdem
717 1228 861 1267 purgas
890 1217 954 1263 mi,
986 1216 1170 1267 patiunda
1200 1221 1305 1255 sunt.

173 1282 288 1322 IvPP.
338 1281 433 1321 Iube
463 1285 555 1321 vero
586 1295 672 1322 vasa
703 1295 800 1334 pura
831 1284 1012 1322 adornari
1043 1283 1149 1328 mihi,

174 1357 217 1388 ut
246 1362 344 1400 quae
374 1350 477 1400 apud
508 1350 703 1401 legionem
733 1357 818 1389 vota
849 1351 946 1398 vovi,
978 1352 1008 1389 si
1040 1351 1198 1389 domum

172 1417 371 1456 rediissem
403 1418 539 1464 salvos,
571 1431 613 1456 ea
645 1431 717 1469 ego
748 1419 940 1457 exsolvam
972 1419 1115 1457 omnia.

171 1483 275 1523 ALC.
322 1484 403 1535 Ego
434 1485 534 1523 istuc
565 1485 723 1524 curabo.
781 1486 897 1525 IVPP.
947 1485 1115 1525 Evocate
1146 1486 1221 1524 huc
1253 1485 1423 1533 Sosiam3

171 1550 473 1601 gubernatorem
504 1553 570 1603 qui
602 1553 641 1591 in
673 1566 757 1591 mea
790 1554 874 1591 navi
906 1554 978 1592 suit

172 1619 456 1670 Blepharonem
487 1628 666 1667 arcessat,
700 1621 765 1672 qui
799 1622 1002 1660 nobiscum
1035 1622 1234 1673 prandeat.

173 1687 204 1726 is
235 1687 329 1726 adeo
365 1702 386 1725 >k
418 1688 629 1739 inpransus
659 1688 936 1733 ludificabitur,

174 1767 262 1794 cum
293 1768 364 1806 ego
395 1756 720 1808 Amphitruonem
753 1757 852 1795 collo
885 1757 976 1795 hinc
1007 1756 1192 1795 obstricto
1225 1757 1384 1795 traham.

172 1822 276 1863 ALC.
324 1823 463 1861 Mirum
497 1823 589 1874 quid
621 1823 726 1863 solus
756 1836 888 1863 secum
920 1831 1071 1863 secreto
1105 1824 1167 1863 ille
1199 1830 1296 1874 agat.

172 1897 288 1941 atque
319 1892 548 1942 aperiuntur
579 1892 704 1930 aedes.
755 1891 832 1930 exit
863 1892 984 1931 Sosia.

88 2032 333 2098 Amphitruo,
365 2061 506 2087 assum.
556 2052 586 2088 si
619 2050 709 2100 quid
741 2062 840 2102 opus
870 2056 940 2096 est,
973 2050 1131 2102 impera,
1163 2050 1370 2101 imperium
1402 2052 1584 2100 exequar.

86 2114 202 2155 IVPP.
231 2113 403 2169 <Sosia,>
434 2124 591 2168 optume
622 2118 790 2156 advenis.
850 2118 939 2158 Sos.
991 2117 1066 2156 lam
1099 2130 1172 2168 pax
1203 2123 1261 2156 est
1292 2117 1395 2156 inter
1423 2130 1490 2156 vos
1521 2115 1647 2155 duos?

89 2195 177 2222 nam
209 2184 298 2234 quia
328 2197 395 2223 vos
425 2185 656 2236 tranquillos
686 2186 808 2232 video,
840 2187 988 2236 gaudeo
1021 2192 1058 2224 et
1089 2185 1203 2237 volup
1236 2192 1294 2224 est
1324 2185 1430 2226 mihi.

201 2285 265 2318 930
290 2283 349 2318 ibo
375 2287 514 2328 egomet
537 2285 586 2329 cf.
614 2284 691 2319 Cas.
717 2286 809 2327 198,-
839 2285 903 2320 sed
925 2285 1033 2321 dubia
1058 2297 1116 2320 res
1140 2289 1193 2320 est
1329 2286 1482 2320 duxero:
1517 2285 1654 2320 conieci
1685 2286 1748 2320 ad-

87 2349 167 2374 sero
185 2339 323 2382 (Herm.
339 2342 398 2382 18,
414 2343 437 2374 5
443 2342 518 2381 73),·
543 2341 757 2376 Pudicitiam
781 2345 921 2386 egomet
944 2342 1080 2377 duxero
1107 2342 1271 2377 comitem
1295 2343 1382 2377 mihi
1406 2341 1659 2377 Fleckez'senus

89 2395 212 2431 Cicero
245 2396 294 2430 acl
321 2397 392 2431 Att.
418 2398 477 2437 10,
503 2398 537 2439 4,
564 2399 587 2431 5
615 2399 684 2432 hac
712 2398 823 2442 igitur
855 2398 1085 2433 Conscientia
1118 2398 1246 2433 comite
1275 2398 1496 2443 proficiscar.
1537 2397 1673 2433 Seneca
1705 2398 1750 2433 de

86 2451 159 2487 vita
183 2452 213 2487 b.
238 2453 302 2494 13,
322 2455 352 2487 5.
375 2463 434 2487 (π
454 2455 496 2494 8,
524 2454 614 2495 647,
638 2455 683 2488 13
706 2456 844 2499 pudore
876 2455 952 2490 solo
986 2455 1226 2490 comitabatur
1257 2465 1333 2490 suo.
1378 2454 1490 2490 Mero.
1515 2456 1590 2489 869
1602 2466 1656 2501 sq.

87 2510 151 2542 945
188 2508 300 2543 isdem
333 2509 419 2545 BD:
453 2510 586 2544 eisdem
620 2509 672 2551 E,·
707 2522 800 2545 nom.
836 2512 946 2557 sz'nq„
983 2511 1034 2556 cf.
1071 2512 1139 2546 Cic.
1178 2523 1231 2546 or.
1267 2513 1339 2546 157
1374 2511 1588 2546 Rllsclzelius
1623 2523 1680 2557 op.
1712 2513 1748 2555 4,

87 2564 157 2598 314
173 2575 226 2609 sq.
364 2566 528 2610 purigas‚
558 2567 733 2610 patiunda
765 2567 982 2602 R2·tschel2·us
1012 2579 1071 2613 op.
1101 2570 1145 2611 2,
1177 2569 1253 2602 432
1390 2571 1454 2603 947
1490 2568 1537 2602 ad
1572 2568 1748 2612 legionem

88 2618 284 2655 Muellerus
308 2622 388 2656 add.
410 2624 456 2655 56
480 2625 522 2664 (υ.
536 2624 619 2662 133)
728 2627 791 2658 94⁴3
816 2624 987 2659 redissem
1092 2626 1254 2669 fortasse
1277 2625 1459 2668 nunciam,
1481 2625 1643 2670 positum
1665 2627 1749 2670 sere

87 2681 128 2712 ut
142 2678 240 2711 Asin.
263 2679 329 2712 710
347 2677 454 2723 Epz'cl.
477 2680 522 2713 72
613 2683 675 2714 951
703 2680 923 2715 blefaronem
941 2679 1057 2721 BDE,
1081 2681 1164 2715 item
1184 2682 1388 2715 968.1037
1408 2680 1483 2715 ΒΕ
1571 2684 1636 2716 952
1662 2692 1747 2717 oon-

87 2732 154 2767 ieci
181 2733 211 2768 is
235 2745 258 2768 a
283 2734 463 2769 Mercurio
487 2735 700 2780 inpransus,
733 2737 790 2770 cui
821 2737 1024 2782 oppositum
1049 2737 1094 2771 sic
1119 2748 1200 2771 cum
1225 2748 1308 2780 ego,
1342 2740 1381 2771 ut
1405 2737 1471 2772 deo
1494 2737 1613 2783 fuerit
1636 2738 1747 2773 inter-

82 2793 346 2834 pretamentum
370 2791 533 2825 nominis.
572 2792 766 2837 inpransus
782 2792 934 2837 (lepide)
952 2793 1007 2828 vel
1023 2793 1160 2837 pulcre,
1185 2794 1292 2828 hodie
1317 2793 1382 2828 alli
1474 2797 1538 2828 955
1555 2794 1656 2829 aedis

89 2845 197 2880 Sosm
214 2865 220 2871 -
237 2845 409 2881 IvPPrrER
426 2866 432 2872 ·
450 2849 656 2883 ALCVMENA
679 2848 748 2883 ΒΕ
838 2853 901 2883 957
928 2849 1094 2895 supplevi
1184 2852 1249 2884 958
1274 2850 1407 2896 uolupe

1762 206 1819 238 930

1760 542 1817 574 935

1761 879 1818 912 940

1760 1218 1817 1250 945

1760 1555 1817 1587 950

1759 1891 1816 1922 955
