1998 3179
60 119 90 148 11
109 121 136 152 3,
149 120 252 148 31.—58
772 120 1012 156 CVRGVLIO
1641 124 1719 161 321

63 235 231 274 PHAED.
280 233 526 273 Lassitudine
565 234 698 273 hercle
728 233 858 273 credo.
918 234 1045 275 Cch.
1095 235 1247 284 Retine‚
1278 236 1404 276 retine
1435 250 1510 285 me,
1541 237 1791 278 obsecro.310

61 302 232 340 PHAED.
276 300 398 339 Viden
429 306 473 340 ut
502 299 716 352 expalluit?
747 301 853 341 datin
884 302 947 341 isti
977 302 1126 350 sellam,
1157 302 1225 342 ubi
1256 304 1409 352 assidat,
1440 305 1517 344 cito

63 375 102 407 et
132 367 309 419 aqualem
341 380 428 407 cum
460 367 588 419 aqua?
619 369 846 420 properatin
878 368 1013 409 ocius?
1071 370 1199 411 CVRc.
1247 371 1389 411 Animo
1419 372 1517 411 male
1548 378 1617 412 est.

61 436 163 476 PAL.
195 435 267 474 Vin
285 434 454 486 aquam?
503 435 630 476 Ome.
662 436 703 475 Si
719 437 952 476 frustulenta
968 443 1038 485 est,
1056 437 1116 485 da,
1133 438 1297 478 obsecro
1313 439 1457 487 hercle,
1475 439 1721 480 obsorbeam.

62 504 163 543 PAL.
213 502 290 542 Vae
320 503 436 554 capiti
457 510 537 543 tuo.
597 503 724 544 GVRC.
775 504 948 544 Obsecro
969 504 1115 553 hercle,
1146 506 1261 545 facite
1281 513 1441 546 ventum
1457 514 1501 546 ut
1519 509 1721 558 gaudeam.

60 572 162 611 PAL.
199 570 391 609 Maxume.
441 570 569 610 Ome.
600 570 702 616 Quid
727 571 862 619 facitis,
889 570 1063 622 quaeso?
1106 572 1209 613 PAL.
1239 573 1420 613 Ventum.
1465 573 1593 616 Ome.
1623 576 1722 615 Nolo

467 637 646 688 equidem
678 638 772 676 mihi
1736 649 1793 682 315

62 705 146 745 fieri
159 705 373 744 ventulum.
418 705 585 745 PHAED.
617 704 718 750 Quid
735 705 854 756 igitur
869 703 954 744 vis?
1004 705 1131 746 Cch.
1163 706 1271 755 Esse,
1288 714 1331 748 ut
1345 716 1504 748 ventum
1521 711 1723 761 gaudeam.

61 773 163 813 PAL.
212 772 388 824 Iuppiter
417 779 456 811 te
486 772 604 823 dique
635 772 815 823 perdant.
875 772 1002 814 CVRC.
1053 774 1168 822 Perii,
1200 776 1398 828 prospicio
1429 789 1581 829 parum,

61 852 283 892 gramarum
314 839 437 879 habeo
468 840 606 879 dentes
636 839 787 891 plenos,
819 840 992 891 lippiunt
1020 842 1153 881 fauces
1184 843 1296 891 fame,

61 908 112 948 ita
143 908 220 947 cibi
249 907 447 947 vacivitate
476 907 591 947 venio
620 907 729 947 lassis
759 908 935 947 lactibus.

60 976 138 1016 ΡΗ.
169 975 250 1015 Iam
267 975 356 1015 edes
372 975 528 1027 aliquid.
559 975 632 1015 Cv.
655 975 752 1015 Nolo
769 975 900 1014 hercle
917 975 1080 1026 aliquid:
1099 981 1247 1016 certum
1267 989 1381 1028 quam
1399 978 1543 1031 aliquid
1562 982 1722 1021 mavolo.
1737 986 1794 1019 320

60 1044 162 1084 PAL.
213 1043 335 1082 Immo
367 1043 398 1082 si
428 1043 537 1091 scias,
569 1043 756 1094 reliquiae
788 1055 886 1094 quae
917 1043 1008 1082 sint.
1067 1043 1194 1085 CVRC.
1245 1045 1354 1085 Scire
1385 1047 1502 1086 nimis
1531 1047 1641 1087 lubet

60 1110 128 1149 ubi
158 1110 272 1157 sient,
305 1123 393 1149 nam
426 1111 501 1150 illis
532 1111 736 1150 conventis
767 1123 860 1149 sane
893 1123 992 1163 opus
1023 1118 1080 1151 est
1111 1113 1206 1152 meis
1236 1113 1432 1153 dentibus.

60 1178 138 1217 PH.
161 1178 339 1225 Pernam,
364 1178 569 1226 abdomen,
592 1190 729 1218 sumen
752 1178 890 1225 suetis,
913 1178 1112 1229 glandium
1134 1203 1186 1208 —
1209 1180 1282 1220 CV.
1304 1181 1376 1220 Ain
1395 1187 1437 1220 tu
1455 1181 1585 1220 omnia
1601 1181 1724 1222 haec?

61 1246 100 1284 in
133 1246 311 1284 carnario
341 1246 505 1285 fortasse
537 1245 645 1285 dicis.
704 1245 783 1285 PH.
834 1245 956 1284 Immo
988 1246 1027 1285 in
1058 1247 1249 1294 lancibus,

61 1325 160 1363 quae
190 1313 260 1352 tibi
289 1320 382 1352 sunt
411 1319 555 1364 parata,
586 1318 794 1364 postquam
824 1313 968 1352 scimus
998 1321 1218 1353 venturum.
1278 1314 1405 1355 CvRo.
1456 1315 1550 1354 Vide
1736 1325 1793 1356 325

62 1393 112 1419 ne
133 1392 194 1419 me
214 1380 336 1420 ludas.
395 1381 564 1420 PHAED.
601 1381 656 1419 Ita
674 1394 735 1420 me
752 1381 895 1419 amabit
915 1383 1031 1431 quam
1053 1394 1126 1432 ego
1148 1394 1247 1429 amo,
1269 1389 1313 1421 ut
1333 1395 1404 1433 ego
1422 1383 1525 1422 haud
1540 1384 1724 1426 mentior.

61 1447 128 1486 sed
160 1448 265 1499 quod
295 1453 334 1487 te
365 1449 464 1495 misi,
496 1448 617 1486 nihilo
649 1461 735 1487 sum
765 1448 923 1487 certior.
983 1448 1110 1489 CVRO.
1161 1449 1266 1488 Nihil
1296 1450 1420 1489 attuli.

59 1515 229 1554 PHAED.
279 1515 483 1555 Perdidisti
514 1528 587 1554 me.
647 1515 774 1555 CVRC.
824 1514 1004 1555 Invenire
1034 1528 1209 1567 possum,
1240 1518 1271 1556 si
1302 1517 1354 1556 mi
1386 1529 1545 1569 operam
1576 1519 1687 1560 datis.

60 1589 266 1634 postquam
299 1589 365 1622 tuo
398 1584 504 1623 iussu
536 1583 735 1635 profectus
766 1594 864 1629 sum,
896 1584 1055 1634 perveni
1087 1584 1127 1623 in
1161 1584 1322 1633 Cariam,

60 1649 170 1689 video
200 1656 309 1689 tuom
340 1650 523 1698 sodalem,
555 1651 709 1702 argenti
738 1662 834 1702 rogo
867 1651 923 1690 uti
952 1651 1068 1691 faciat
1097 1652 1262 1703 copiam.
1737 1662 1793 1694 330

59 1717 180 1757 scires
208 1718 307 1757 velle
337 1718 500 1770 gratiam
530 1723 648 1766 tuam,
681 1719 809 1758 noluit
840 1719 1079 1767 frustrarier‚

62 1790 104 1823 ut
133 1784 246 1824 decet
274 1785 372 1824 velle
402 1785 611 1824 hominem>
636 1786 803 1826 amicum
835 1787 974 1834 amico,
1006 1793 1122 1839 atque
1155 1788 1404 1840 opitularier:

61 1853 265 1905 respondit
294 1853 389 1892 mihi
419 1854 553 1905 paucis
583 1855 724 1903 verbis,
755 1862 873 1906 atque
904 1855 1000 1894 adeo
1032 1855 1211 1904 fideliter,

61 1920 166 1971 quod
199 1921 265 1960 tibi
296 1927 354 1961 est
382 1922 474 1961 item
506 1922 580 1962 sibi
613 1935 710 1971 esse,
739 1935 922 1975 magnam
954 1925 1106 1975 argenti
1138 1925 1324 1976 inopiam.

61 1989 228 2029 PHAED.
279 1989 414 2029 Perdis
443 2003 506 2029 me
535 1991 611 2030 tuis
641 1991 765 2031 dictis.
825 1991 952 2031 CVRC.
998 1991 1121 2031 Immo
1152 2004 1264 2032 servo
1296 1999 1334 2032 et
1364 1998 1558 2033 servatum
1589 1991 1687 2031 volo.
1739 2001 1794 2032 335

60 2062 266 2108 postquam
298 2057 392 2096 mihi
423 2070 658 2110 responsum
690 2064 760 2107 est,
792 2059 887 2098 abeo
921 2059 968 2098 ab
999 2059 1064 2099 illo
1096 2065 1266 2101 maestus
1297 2061 1343 2100 ad
1375 2062 1504 2100 forum

60 2123 147 2163 med
179 2124 245 2164 illo
277 2126 423 2165 frustra
454 2126 670 2165 advenisse.
728 2128 830 2166 forte
862 2128 1008 2179 aspicio
1040 2128 1214 2167 militem.

172 2261 233 2292 311
262 2257 346 2292 uide
371 2261 410 2292 ut
430 2257 595 2304 Pylades,
620 2258 670 2303 cf.
689 2259 737 2293 ad
763 2260 831 2300 93‚·
858 2259 1053 2305 Epid.152
1144 2261 1274 2305 palluit
1300 2261 1344 2303 V,·
1368 2261 1610 2305 expallescere
1635 2260 1729 2294 alias

61 2321 132 2346 non
156 2312 273 2355 habet,
298 2313 363 2349 secl
385 2314 522 2358 pallere
547 2313 648 2348 Pers.
672 2316 724 2349 24
748 2315 858 2350 Mero.
879 2317 951 2351 373
1067 2319 1132 2350 312
1157 2318 1287 2353 ocitius
1320 2317 1390 2352 VE
1502 2319 1568 2351 314
1592 2327 1638 2352 ue

62 2369 127 2403 316
142 2368 456 2414 pronuntiandum
473 2369 614 2404 videtur
629 2371 792 2406 uentlum
808 2371 940 2413 (delent
957 2373 1013 2408 uis
1024 2378 1113 2419 post
1133 2373 1317 2415 Boanum,
1335 2374 1418 2408 item
1441 2372 1637 2414 Bentleins)

62 2426 127 2459 318
157 2435 359 2469 gramarum
389 2425 629 2461 Buecheler-us
658 2438 746 2461 mus.
771 2427 886 2462 Rhea.
922 2430 988 2471 35,
1019 2431 1082 2465 72:
1120 2440 1160 2465 os
1191 2440 1370 2473 amarum3
1404 2429 1454 2473 cf.
1485 2441 1585 2476 corp.
1617 2429 1727 2475 yloss.

61 2481 99 2522 2,
124 2481 183 2522 35,
206 2482 226 2515 1
252 2482 354 2524 (360,
378 2482 446 2522 19,-
472 2481 614 2517 Nonius
637 2484 705 2517 119
723 2482 861 2519 Paulus
887 2486 947 2527 96)
1041 2490 1105 2521 319
1130 2486 1198 2522 tibi
1214 2485 1356 2521 Nonius
1381 2486 1450 2519 331
1543 2485 1730 2521 uacuitate

60 2537 152 2577 (cum
171 2536 306 2579 Nonio)
376 2538 468 2572 laxis
486 2537 829 2583 Pz'usfflulielmins)
903 2544 964 2576 321
992 2542 1094 2577 iubet
1119 2541 1186 2576 VE
1253 2544 1318 2576 322
1344 2544 1546 2577 conuentus
1573 2541 1642 2576 VE'

62 2594 127 2627 323
152 2593 239 2637 suis,
263 2604 357 2629 corr.
383 2594 549 2639 Scaliger
573 2606 623 2630 ea:
649 2595 800 2631 carbon.
824 2597 900 2643 frq.
926 2599 967 2639 1,·
989 2609 1190 2633 sermonem
1215 2597 1444 2644 interrumpit
1468 2597 1635 2633 Curculio

60 2650 102 2683 tu
117 2663 133 2679 ιι
155 2648 198 2689 Ε,
222 2652 285 2685 tuo
312 2649 345 2684 V
432 2652 523 2685 haec
548 2652 668 2686 omnia.
691 2651 911 2695 Mueller-ew,-
936 2654 986 2698 cf.
1012 2654 1062 2688 ad
1087 2654 1214 2700 Amph.
1231 2655 1311 2688 284
1402 2656 1469 2688 325
1495 2655 1639 2690 sciimus
1665 2655 1730 2698 B1,

62 2714 204 2740 scumus
236 2705 270 2740 V
359 2709 422 2741 327
449 2717 530 2751 quo,
556 2718 652 2742 corr.
678 2707 829 2744 Guietus
920 2713 986 2744 328
1010 2710 1144 2755 possim
1175 2709 1243 2744 VE
1332 2712 1398 2744 329
1422 2710 1473 2754 cf.
1499 2721 1588 2746 mus.
1614 2711 1729 2747 Rlzen.

62 2759 125 2801 38,
149 2761 190 2795 11
222 2761 327 2803 (adde
350 2762 477 2808 Amph.
503 2764 598 2798 1061
633 2763 743 2799 Stich.
769 2766 846 2800 366
869 2765 943 2808 all.)
1037 2768 1101 2800 330
1127 2769 1167 2801 ut
1192 2765 1244 2800 B²
1336 2768 1398 2800 331
1426 2765 1539 2802 uelles
1573 2766 1643 2802 VE

63 2817 128 2850 332
145 2819 253 2861 atque
270 2828 328 2862 op.
345 2819 420 2853 scic.
438 2819 551 2855 voluit
643 2823 709 2855 334
724 2821 816 2866 (PH.
835 2821 947 2866 quid?
973 2821 1036 2866 G.)
1052 2832 1216 2866 magnam
1234 2821 1432 2857 Muellerus
1523 2823 1599 2858 scil.
1616 2837 1728 2862 κοινα

62 2869 108 2909 τὰ
134 2876 211 2909 τῶν
235 2875 358 2919 φίλων
450 2877 515 2910 336
539 2886 736 2921 responsus
754 2880 809 2912 est
835 2876 904 2912 VE
993 2880 1056 2912 337
1082 2888 1138 2913 me
1223 2883 1316 2925 post
1337 2878 1433 2915 huno
1457 2890 1596 2915 versum
1620 2881 1728 2916 inter-

128 2935 254 2963 Plautus
271 2937 295 2964 1.
1414 2938 1452 2970 21
