2018 3183
181 84 262 122 262
927 85 1108 122 PLAVTI
1680 88 1709 115 v
1720 90 1747 123 1,
1764 89 1849 118 3—17

295 213 508 251 numquam
540 203 694 239 ecastor
724 200 803 238 1'1110
834 200 895 239 die
926 199 992 239 risi
1023 200 1208 252 adaeque,

294 280 423 318 neque
454 268 528 306 hoc
559 267 664 318 quod
695 267 883 306 relicuom
915 273 974 306 est
1004 267 1092 319 plus
1123 270 1287 307 risuram
1319 271 1474 319 opinor.

832 356 1193 397 PARDALISGA

181 423 309 462 Lubet
339 423 541 463 Chalinum
574 423 666 474 quid
697 430 782 475 agat
811 425 924 472 scire,
957 427 1096 463 novom
1131 431 1297 476 nuptum
1329 437 1417 463 cum
1451 429 1550 465 novo
1582 425 1732 465 marito.

293 490 439 531 MYRR.
487 491 567 530 Nec
599 491 786 530 fallaciam
817 491 1043 531 asinum-em
1076 491 1177 531 ullus
1207 492 1299 531 fecit
1859 503 1916 536 860

295 560 422 609 poeta,
453 564 570 609 atque
600 564 643 597 ut
672 559 768 598 haec
798 566 856 598 est
887 559 994 598 fabre
1025 560 1125 598 sacta
1156 559 1204 598 ab
1236 559 1361 599 nobis.

831 660 1203 701 CLEOSTRATA

294 726 475 777 Optunso
507 739 575 765 ore
608 729 716 766 minc
747 729 931 779 pervelim
964 729 1184 779 progrediri

296 796 444 840 senem,
477 806 555 845 quo
589 797 709 833 senex
742 795 912 846 nequior
943 797 1074 835 nullus
1104 797 1206 836 vivit.

296 874 344 900 ne
368 862 482 900 ,illum
515 862 671 913 quidem

295 929 526 980 nequiorem
558 929 728 968 arbitror
844 932 940 977 esse,
973 930 1038 981 qui
1070 930 1199 970 locum
1859 939 1915 972 865

294 996 457 1046 praebet
487 997 541 1035 illi
576 1012 596 1033 κε
628 994 715 1050 (te)
746 1009 853 1036 nunc
883 997 1101 1048 praesidem

295 1063 380 1102 volo
413 1064 488 1112 hic,
522 1064 752 1112 Pardalisca,
784 1077 882 1111 esse,
915 1064 982 1114 qui
1011 1064 1105 1104 hinc
1136 1072 1246 1105 exeat

348 1143 438 1170 eum
469 1138 511 1171 ut
540 1131 708 1171 liidibrio
740 1132 895 1171 habeas.

177 1196 282 1237 PAR.
332 1197 476 1239 Libens
506 1200 638 1239 secero
670 1206 709 1238 et
737 1199 881 1238 solens.

178 1264 324 1306 MYRR.
360 1280 380 1303 a<
403 1273 598 1318 spectato:
631 1268 724 1307 hinc
755 1268 897 1313 omnia,
930 1268 1036 1307 intus
1066 1267 1157 1318 quid
1189 1272 1306 1318 agant
1339 1282 1359 1304 2⁴<
1858 1276 1915 1309 870

176 1332 311 1374 PARD.
356 1348 377 1371 ην-
401 1347 505 1386 pone
536 1347 612 1383 me,
643 1334 795 1375 amabo,
855 1334 1002 1375 MYRR.
1053 1335 1101 1373 Et
1131 1335 1181 1373 ibi
1213 1334 1397 1374 audacius
1428 1335 1519 1374 licet

289 1404 388 1452 quae
419 1402 512 1441 velis
543 1402 666 1442 libere
781 1403 977 1454 proloqui.
1037 1403 1174 1443 PARD.
1224 1402 1337 1451 Tace,

346 1472 474 1508 vostra
506 1470 601 1508 foris
633 1470 797 1521 crepuit.

293 1616 356 1649 857
380 1615 470 1659 fort.
497 1613 691 1660 Myrrhina
718 1615 882 1660 loquitur
983 1617 1047 1650 858
1073 1615 1252 1660 reliquom
1278 1617 1319 1657 A,
1343 1614 1521 1660 reliquum
1546 1616 1581 1648 P
1679 1617 1744 1650 859
1770 1625 1846 1651 ver-

176 1681 272 1711 sum,
305 1671 369 1715 qui
398 1672 661 1706 sententiarum
691 1674 913 1706 structuram
947 1663 1196 1718 interrumpit,
1229 1671 1468 1706 Pardah'scae
1500 1671 1599 1707 dedit
1622 1670 1846 1712 Selioellius;

170 1729 295 1771 potest
321 1726 542 1761 Cleostratae
574 1737 661 1762 esse.
708 1733 792 1773 post
818 1729 894 1762 856
924 1727 1050 1774 posuit
1075 1727 1246 1763 Botliius.
1294 1729 1342 1771 es'ss
1369 1727 1565 1773 Lanqenus
1588 1727 1698 1775 symb.
1724 1729 1778 1763 22

176 1781 266 1817 libet
291 1803 332 1807 —·
357 1785 510 1828 nuptum
541 1783 666 1829 adfert
698 1783 913 1818 Priscianus
936 1785 974 1825 1,
1008 1786 1084 1820 370
1115 1788 1148 1819 et
1179 1786 1254 1819 377
1284 1788 1366 1830 (pro
1401 1784 1590 1819 Chalinum
1619 1783 1735 1819 altero
1767 1783 1845 1818 loco

177 1838 384 1882 etiamnum,
410 1839 525 1874 altero
551 1841 750 1882 charinum)
845 1843 1023 1875 860—873
1049 1841 1140 1887 disp.
1166 1840 1216 1875 P:
1240 1841 1315 1875 Nec
1342 1860 1383 1866 -—
1402 1843 1456 1875 est
1476 1839 1482 1885 1
1504 1840 1607 1876 fabre
1634 1861 1671 1865 -
1698 1850 1844 1885 progre-

177 1894 247 1929 diri
267 1896 272 1937 Ι
295 1895 421 1930 Senem
438 1915 481 1920 -
498 1896 641 1940 quidem
663 1897 668 1941 Ι
689 1896 906 1941 Nequiorem
931 1917 974 1921 ——
999 1898 1202 1939 praesidem
1223 1899 1227 1941 Ι
1248 1899 1308 1932 hic
1334 1916 1373 1921 ——
1401 1900 1442 1932 ut
1462 1898 1466 1939 1
1487 1897 1643 1933 ludibrio
1668 1918 1706 1922 —
1727 1897 1846 1933 solens

180 1950 185 1994 Ι
205 1953 369 1995 spectato
396 1972 435 1975 —
462 1955 573 1995 agant
593 1954 597 1995 Ι
617 1964 713 1997 pone
739 1974 780 1978 -—
798 1954 884 1989 licet
903 1953 910 1999 Ι
932 1954 1031 1998 Quae
1056 1974 1099 1977 —
1124 1953 1267 1998 crepuit
1404 1955 1465 1987 8151
1494 1954 1540 1989 ab
1564 1954 1647 1989 BV:
1681 1964 1703 1989 a
1727 1952 1782 1994 E,
1815 1955 1846 1988 A

177 2017 211 2040 n.
238 2006 260 2040 l.
354 2010 529 2043 862—-871
552 2010 779 2055 paucissima
803 2016 947 2045 servata
973 2010 1011 2044 in
1035 2012 1066 2046 A
1161 2012 1225 2045 862
1251 2020 1303 2055 sq.
1332 2008 1555 2046 Cleostratae
1579 2009 1678 2046 dedit
1699 2008 1847 2045 Schoel—

178 2062 247 2097 lius
339 2066 515 2099 863—871
544 2066 581 2099 in
598 2067 629 2100 A
646 2067 694 2100 10
720 2076 844 2101 versus
859 2071 959 2109 sunt,
983 2077 1137 2112 quorum
1147 2066 1296 2112 primus
1313 2065 1418 2101 habet
1444 2069 1591 2108 [selnem
1615 2076 1686 2111 quo
1712 2069 1847 2110 [seJneig

179 2119 353 2164 [nequior]
379 2131 401 2163 n
419 2141 473 2165 —‚
501 2122 628 2156 tertius
651 2133 675 2165 n
695 2142 746 2164 ——‚
771 2123 920 2168 quintus
945 2124 1049 2165 (867)
1074 2123 1153 2165 volo
1179 2122 1238 2166 hic
1262 2133 1285 2167 p
1303 2141 1358 2165 —‚
1383 2123 1557 2169 septimus
1582 2123 1599 2169 ξ
1618 2143 1671 2167 --,
1697 2127 1848 2158 octavus

177 2174 225 2219 ile
252 2204 260 2212 .
287 2203 294 2210 .
321 2180 403 2220 aect
426 2181 468 2212 ut
485 2177 606 2223 possit
629 2188 649 2213 e
675 2178 731 2213 vel
753 2190 775 2223 p
798 2189 869 2224 pro
894 2179 924 2222 i,
949 2191 973 2214 u
998 2179 1055 2214 vel
1076 2179 1089 2213 i
1111 2190 1182 2225 pro
1210 2190 1249 2223 e,
1274 2169 1308 2214 in
1325 2190 1401 2226 pro
1426 2189 1481 2223 ae,
1507 2190 1527 2215 0
1552 2179 1609 2215 vel
1630 2189 1653 2224 g
1674 2190 1745 2225 pro
1770 2189 1810 2222 c,
1834 2179 1847 2214 i

171 2244 246 2280 pro
262 2237 278 2269 t
302 2234 423 2273 fuisse.
472 2238 583 2279 atque
601 2235 776 2269 863—86
783 2236 804 2269 7
822 2239 976 2279 possunt
993 2236 1030 2270 in
1047 2236 1079 2269 A
1103 2235 1227 2270 eadem
1251 2235 1360 2270 verba
1384 2236 1498 2275 fuisse
1523 2247 1616 2282 quae
1639 2239 1725 2270 sunt
1748 2235 1784 2270 iu
1804 2234 1848 2277 P,

177 2288 306 2325 deinde
330 2294 428 2324 certo
459 2291 533 2325 alia
558 2291 734 2326 accedunt
847 2293 912 2325 864
936 2302 1005 2327 ne:
1039 2291 1110 2327 nisi
1136 2291 1311 2335 Bria-ius,
1334 2291 1410 2327 scil.
1436 2291 1508 2326 nisi
1531 2312 1574 2318 —
1599 2302 1678 2327 esse
1703 2290 1848 2327 bacchae·

177 2347 351 2388 (arbitro),
377 2350 416 2380 ut
440 2345 569 2392 vulqo;
592 2351 708 2381 metra
725 2346 855 2382 abhinc
873 2349 995 2383 omnia
1013 2349 1149 2382 incerta
1161 2361 1176 2390 ;
1202 2348 1279 2382 865
1294 2348 1343 2393 cf.
1365 2349 1440 2383 872
1533 2350 1598 2383 865
1622 2347 1802 2383 arbitrare

179 2404 244 2437 866
269 2403 427 2448 spatium
452 2410 536 2438 (mle
560 2413 656 2437 nunc
676 2403 719 2438 B.
756 2406 793 2439 te
820 2403 926 2439 Valla
950 2404 1123 2445 inseruit,·
1147 2404 1197 2439 ad
1218 2405 1336 2439 locum
1361 2404 1543 2450 epitheton
1566 2408 1738 2450 expectes
1756 2403 1847 2439 libe-

177 2469 256 2493 rum
273 2458 500 2502 (sclzoellius)
593 2461 656 2494 867
674 2459 755 2495 volo
771 2461 823 2495 A:
841 2471 908 2495 om.
926 2459 962 2494 P
977 2460 1100 2506 (spat.)
1194 2463 1258 2495 868
1275 2460 1432 2496 ludibrio
1451 2460 1522 2495 B2:
1537 2461 1654 2496 dibrio
1677 2460 1724 2495 B¹
1737 2458 1804 2494 VE

179 2516 243 2549 869
277 2517 391 2549 Auen.
419 2515 489 2549 B2:
522 2526 588 2550 om.
735 2519 799 2551 870
830 2517 881 2561 cf.
905 2517 936 2551 A
962 2521 1005 2556 (v.
1031 2518 1097 2558 s.);
1129 2516 1254 2561 qualia
1286 2517 1419 2551 amissa
1443 2517 1514 2551 sint
1538 2516 1668 2552 docere
1692 2519 1849 2563 possunt

178 2571 252 2605 loci
274 2571 401 2616 quales
424 2572 524 2606 Asin.
554 2573 633 2606 880
657 2583 710 2618 sq.
736 2572 872 2608 Bacch.
900 2574 970 2608 831
986 2583 1040 2618 sq.
1123 2576 1222 2619 post.
1247 2577 1340 2618 spat.
1367 2575 1530 2618 spectato
1550 2572 1620 2607 B2:
1645 2575 1765 2608 ectato
1784 2571 1847 2613 13¹,

179 2629 276 2662 etato
311 2626 343 2661 V
344 2626 407 2669 E'2‚
440 2630 541 2663 erato
568 2628 617 2662 E¹
739 2629 838 2665 intus
863 2630 949 2674 quid
975 2629 1027 2664 B:
1057 2629 1155 2664 intus
1180 2628 1267 2673 quid
1290 2629 1389 2663 intus
1419 2629 1451 2662 V
1452 2628 1506 2670 E,·
1533 2628 1619 2673 quid
1643 2628 1665 2662 i.
1689 2638 1718 2662 e.
1744 2627 1846 2672 quid-

178 2683 274 2726 quid,
299 2683 350 2717 sie
366 2683 566 2729 sinqularis
580 2685 747 2730 fortasse
763 2685 972 2733 explicatur
980 2698 995 2727 ;
1019 2686 1069 2727 ef.
1086 2686 1178 2719 202.
1226 2688 1337 2729 agant
1357 2685 1621 2720 coniunctivum
1639 2683 1745 2720 verba
1762 2683 1847 2719 olim

176 2739 364 2784 sequentia
386 2740 602 2785 fulciebant.
650 2748 802 2777 metrum
833 2742 923 2787 fort.
949 2741 1221 2788 anapaestieum
1341 2744 1403 2777 871
1428 2745 1513 2787 post
1535 2746 1631 2788 spat.
1657 2751 1752 2787 pone
1778 2740 1848 2776 B2:

180 2804 247 2829 one
270 2794 409 2836 B¹VE‚·
436 2799 493 2832 sta
509 2797 688 2844 supplevit
708 2798 910 2844 Geppertus
1002 2797 1097 2833 MvL.
1116 2797 1187 2833 132.-
1212 2801 1304 2844 ερατ.
1324 2797 1417 2833 B¹V
1486 2800 1562 2833 872.
1581 2800 1646 2833 873
1672 2802 1712 2832 ut
1733 2808 1848 2843 supra

178 2851 222 2891 A,
246 2861 318 2886 uno
342 2862 446 2887 versu
471 2852 507 2887 P
596 2854 653 2889 uis
677 2853 713 2889 P
