2018 3183
220 91 301 129 282
954 88 1133 123 PLAVTI
1634 87 1648 115 1
1666 90 1692 121 3,
1705 88 1802 117 33-11
1820 90 1844 122 1,
1862 91 1878 118 5

425 204 625 257 peperisse
655 208 811 254 gnatam
842 205 959 253 atque
991 214 1073 241 eam
1106 215 1147 242 se
1178 214 1288 242 servo
1320 202 1408 241 ilico

423 272 573 311 dedisse
604 270 888 321 exponendam.
948 269 1012 308 ille
1043 269 1237 321 extemplo
1268 269 1460 308 servolum

423 338 533 378 iubet
562 338 670 377 illum
702 336 869 376 eundem
901 337 1099 388 persequi,
1131 336 1162 375 si
1194 348 1269 387 qua
1301 344 1416 388 queat

424 405 598 457 reperire
629 417 729 456 quae
759 404 972 444 sustulerit.
1032 404 1066 443 ei
1097 403 1153 443 rei
1185 416 1293 443 nunc
1324 417 1433 444 suam

422 485 581 524 operam
613 485 736 524 usque
767 472 920 511 assiduo
951 484 1082 511 servos
1113 470 1187 518 dat,
1219 472 1251 510 si
1281 472 1426 523 possiet
1896 482 1949 514 185

424 540 673 580 meretricem
704 539 807 578 illam
838 539 1027 586 invenire,
1059 551 1176 590 quam
1208 539 1299 578 olim
1332 539 1480 586 tollere,

428 620 518 647 cum
548 607 632 659 ipse
664 607 895 658 exponebat,
928 619 973 646 ex
1005 607 1154 646 insidiis
1184 607 1342 646 viderat.

425 688 533 715 nunc
564 675 667 726 quod
699 675 887 714 relicuom
919 681 1038 714 restat
1068 674 1154 713 volo
1186 674 1420 726 persolvere,

422 749 465 782 ut
494 748 742 795 expungatur
773 755 930 789 nomen,
964 755 1013 781 ne
1044 743 1135 793 quid
1167 742 1342 781 debeam.

427 811 658 850 adulescens
689 810 751 849 hic
783 817 841 849 est
871 810 1042 862 Sicyoni,
1075 810 1108 849 ei
1139 810 1229 849 vivit
1260 816 1390 860 pater;

424 879 456 918 is
487 890 619 917 amore
650 877 917 928 proiecticiam
947 877 1048 916 illam
1082 877 1232 929 deperit

428 958 527 997 quae
558 946 704 985 dudum
735 945 833 984 flens
864 945 956 983 hinc
987 944 1079 983 abiit
1110 944 1156 983 ad
1187 950 1350 983 matrem
1381 955 1502 990 suam,

427 1021 465 1053 et
495 1014 557 1052 illa
587 1013 694 1052 hunc
726 1018 875 1059 contra,
908 1011 974 1062 qui
1006 1018 1065 1051 est
1095 1024 1203 1050 amor
1234 1011 1494 1051 suavissimus.

427 1087 471 1120 ut
502 1087 595 1120 sunt
624 1081 806 1125 humana,
840 1079 936 1118 nihil
967 1085 1025 1118 est
1056 1085 1290 1131 perpetuom
1322 1080 1466 1119 datum.

427 1155 540 1200 pater
569 1147 810 1187 adulescenti
841 1147 933 1186 dare
965 1147 1045 1185 volt
1076 1159 1258 1196 uxorem3
1288 1148 1364 1187 hoc
1395 1147 1461 1187 ubi

428 1223 553 1256 mater
582 1215 749 1263 rescivit,
780 1216 891 1255 iussit
921 1214 1067 1254 accersi
1100 1227 1183 1253 eam
1216 1215 1388 1254 domum.

429 1284 526 1323 haec
557 1285 613 1323 sic
643 1296 706 1323 res
738 1290 844 1334 gesta
876 1289 945 1322 est.
1007 1282 1109 1322 bene
1139 1282 1262 1322 valete
1294 1289 1333 1322 et
1362 1282 1504 1321 vincite

427 1352 568 1392 virtute
598 1364 700 1399 vera,
732 1351 837 1402 quod
869 1351 1013 1390 fecistis
1043 1350 1245 1398 antidha03

429 1426 579 1459 servate
609 1426 760 1459 vostros
791 1419 931 1466 socios,
961 1424 1112 1457 veteres
1143 1423 1181 1456 et
1211 1429 1344 1462 novos,

429 1493 567 1539 augete
598 1487 738 1526 auxilia
767 1493 897 1526 vostra
927 1486 1039 1525 iustis
1069 1485 1234 1537 legibus,

431 1555 581 1607 perdite
613 1554 846 1606 perduelles,
877 1555 1002 1606 parite
1032 1554 1184 1593 laudem
1217 1559 1255 1592 et
1285 1553 1469 1598 lauream,

431 1630 474 1662 ut
503 1622 612 1662 vobis
642 1623 732 1662 victi
761 1622 884 1662 Poeni
916 1634 1063 1672 poenas
1093 1621 1294 1660 sufferant.
1325 1642 1379 1648 -—

813 1710 1298 1752 ALCESIMARCHVS
1793 1708 1838 1747 II
1870 1711 1890 1747 1

230 1781 355 1822 Credo
386 1784 458 1833 ego
490 1782 675 1820 Amorem
706 1781 876 1832 primum
906 1780 1008 1832 apud
1042 1780 1222 1818 homines
1253 1778 1520 1818 carnificinam
1550 1779 1830 1817 commentum.

227 1850 330 1890 hanc
360 1852 434 1900 ego
466 1849 513 1888 de
544 1861 606 1888 me
638 1849 907 1887 coniecturam
938 1847 1042 1886 domi
1075 1847 1186 1894 facio,
1219 1846 1259 1885 ni
1289 1846 1384 1885 foris
1416 1848 1613 1897 quaeram,

229 1918 295 1970 qui
327 1919 464 1957 omnes
494 1916 674 1955 homines
704 1927 847 1967 supero
882 1911 1031 1970 [atque]
1065 1914 1220 1953 antideo
1252 1913 1597 1953 cruciabilitatibus
1627 1911 1760 1952 Animi.

434 1985 557 2023 iactor
588 1983 772 2035 [crucior]
803 1983 929 2034 agitor
958 1982 1150 2028 stimulor,
1182 1993 1316 2021 versor

433 2052 473 2091 in
508 2052 650 2091 amoris
680 2058 777 2099 rota,
810 2050 928 2090 miser
959 2050 1174 2096 exanimor,

435 2120 541 2158 feror
572 2119 732 2158 differor
761 2119 954 2158 distrahor
985 2118 1160 2170 diripior,

348 2244 405 2276 181
433 2241 572 2287 perisse
604 2239 672 2275 VE
784 2251 933 2284 eamque
957 2238 1118 2286 Pylades
1235 2242 1298 2274 184
1322 2238 1508 2285 repperire
1541 2237 1571 2272 V
1573 2236 1610 2272 E
1723 2238 1788 2272 188
1811 2235 1896 2271 reli·
1940 2253 1947 2260 ·

232 2310 341 2344 quum
460 2299 522 2332 189
559 2299 788 2343 expugnatur
825 2297 856 2331 V
859 2296 895 2331 E
916 2299 952 2337 (n
981 2307 1030 2332 ex
1053 2307 1076 2340 g
1100 2295 1148 2337 B)
1258 2298 1320 2331 190
1354 2295 1484 2330 sicioni
1508 2292 1584 2329 BE
1676 2295 1738 2329 192
1763 2292 1899 2328 dudum

230 2354 491 2391 Lomlinensis:
517 2354 602 2389 dum
720 2355 782 2387 193
806 2354 879 2388 huc
904 2352 949 2394 E,
973 2355 1045 2387 huc
1069 2355 1106 2388 et
1136 2352 1167 2386 V
1282 2355 1346 2387 194
1370 2353 1479 2387 huma
1505 2350 1555 2386 B¹
1652 2351 1714 2385 196
1739 2359 1817 2384 eam
1841 2347 1897 2383 B.-

233 2412 282 2447 ad
306 2422 384 2446 eam
417 2409 485 2445 VE
576 2413 638 2445 197
664 2410 755 2445 haec
779 2420 836 2444 res
860 2411 962 2453 gesta
986 2409 1038 2443 sic
1064 2411 1129 2452 est,
1155 2419 1248 2444 corr.
1278 2406 1436 2443 Bocla'as
1528 2409 1592 2441 200
1617 2405 1772 2447 uostris,
1800 2415 1896 2440 corr.

239 2467 431 2514 Vssinqias
521 2466 627 2502 iustis
645 2465 699 2501 B:
725 2465 832 2501 uictis
861 2464 928 2499 VE
1017 2467 1079 2499 201
1099 2465 1290 2509 perdielles
1317 2463 1384 2499 VE
1472 2463 1615 2498 laudem
1639 2461 1898 2497 Londinensis:

234 2525 403 2561 laudeam
495 2525 561 2558 202
578 2525 620 2557 ut
636 2535 674 2558 ς.·
691 2524 728 2557 et
803 2523 1142 2557 ALansmAchvs
1159 2531 1389 2556 ADOLEscnus
1408 2539 1415 2545 ·
1433 2530 1452 2554 c
1471 2519 1520 2554 -B
1531 2518 1563 2554 V
1564 2518 1601 2553 Ε
1690 2521 1757 2553 204
1772 2528 1818 2553 ne
1836 2530 1854 2554 ς

234 2581 334 2617 foras
451 2583 516 2615 205
548 2581 678 2625 [atque]
703 2578 938 2614 Hermamzus
967 2577 1065 2612 elem.
1093 2578 1168 2611 396
1203 2577 1277 2618 (ubi
1300 2586 1410 2621 super
1433 2575 1580 2611 antideo
1605 2585 1798 2621 operarum
1823 2584 1900 2610 esse

233 2637 386 2680 videtur)
479 2638 676 2679 206—2103
701 2636 897 2678 213—2203
926 2635 1104 2668 223—228
1127 2636 1325 2679 systemata
1350 2632 1520 2677 lonqiora
1544 2630 1679 2673 (hiatus
1703 2633 1797 2667 inter
1821 2630 1902 2666 cola

234 2705 265 2730 v.
281 2696 366 2737 213)
461 2696 526 2728 206
539 2704 592 2738 sq.
617 2692 780 2738 disponit
796 2691 848 2726 B:
871 2691 994 2726 Iactor
1008 2710 1054 2716 —
1070 2690 1178 2725 miser
1199 2691 1203 2731 Ι
1224 2689 1423 2724 Exanimor
1446 2709 1489 2714 —-
1513 2691 1668 2724 mentem
1688 2690 1693 2733 Ι
1713 2687 1835 2723 Animi
1859 2706 1902 2712 —

234 2751 375 2787 animus
397 2752 402 2794 Ι
422 2750 480 2786 Ita
496 2770 539 2775 —-
557 2749 728 2786 continuo
753 2748 863 2791 (intra
887 2758 1011 2782 versas
1027 2759 1050 2782 a
1066 2745 1275 2781 maiusculis
1298 2745 1476 2789 incipiunt
1499 2744 1672 2780 Stimulor
1692 2745 1807 2780 Feror
1823 2743 1902 2779 Dif-

235 2806 333 2841 feror
356 2806 427 2842 Vbi
450 2807 506 2842 Ibi
530 2805 602 2842 Vbi
626 2805 742 2849 Quod)
858 2806 923 2839 206
949 2802 1115 2846 [crucior]
1140 2801 1416 2842 Fleckeisenus;
1447 2801 1589 2837 crucior
1611 2804 1702 2848 post
1724 2801 1806 2836 205
1826 2810 1902 2835 ser-

237 2873 372 2898 monem
396 2862 559 2899 debilitat
651 2863 716 2896 208
740 2861 899 2906 deripior

1903 819 1955 851 190

1905 1157 1958 1189 195

1904 1494 1960 1526 200

1907 1924 1962 1956 205

2009 2117 2018 2152 ἓ

2005 2204 2018 2346 ἒ
