2018 3183
2003 0 2018 50 ,ιι-Δι’

221 83 302 122 350
962 84 1143 120 PLAVTI
1641 87 1655 115 1
1673 87 1700 122 2,
1713 88 1810 116 46-ss
1827 89 1854 123 1.
1868 91 1886 118 4

223 211 296 251 ego
326 200 426 240 istuc
456 200 638 240 accedam
669 199 858 251 periclum
890 199 1021 251 potius
1050 205 1166 250 atque
1196 199 1407 240 audaciam.

220 267 316 307 STR.
366 267 480 307 Nunc
512 268 652 318 places,
685 279 793 306 nunc
815 278 886 318 ego
909 273 946 306 te
967 266 1094 306 laudo.
1154 267 1229 308 ΕΡ.
1271 267 1398 307 Patiar
1420 281 1492 321 ego
1513 269 1613 309 istuc
1636 271 1741 323 quod
1761 270 1881 312 lubet.
1896 277 1954 311 150

220 335 318 376 STR.
369 335 471 381 Quid
503 335 564 374 illa
595 336 662 374 fiet
691 334 846 374 fidicina
875 333 1023 385 igitur?
1081 335 1156 376 ΕΡ.
1206 336 1344 387 Aliqua
1376 349 1439 377 res
1469 337 1718 389 reperibitur‚

219 404 347 454 aliqua
378 415 452 454 ope
484 402 670 451 exsolvam
702 402 924 442 extricabor
953 403 1092 454 aliqua.
1153 403 1248 445 STR.
1299 404 1443 444 Plenus
1474 405 1611 445 consili
1641 418 1695 446 es.

223 471 313 510 novi
345 482 418 521 ego
448 477 499 510 te.
557 471 633 511 ΕΡ.
684 469 753 510 Est
783 470 983 510 Euboicus
1014 471 1122 510 miles
1153 471 1341 524 locuples,
1374 473 1497 512 multo
1528 485 1623 513 auro
1654 480 1808 525 potens,

222 539 291 590 qui
324 538 390 578 ubi
422 538 491 578 tibi
522 539 633 578 istam
665 544 834 590 emptam
867 551 950 578 esse
981 538 1096 578 scibit
1123 545 1240 591 atque
1270 539 1372 580 hanc
1402 539 1606 580 adductam
1636 541 1808 590 alteram,

221 606 413 646 continuo
445 612 483 646 te
514 606 640 646 orabit
670 606 771 646 ultro
803 613 847 646 ut
877 607 978 646 illam
1010 607 1200 647 tramittas
1231 607 1315 647 sibi.
1902 615 1957 648 155

222 675 289 713 sed
321 673 390 713 ubi
422 674 485 714 illa
517 680 575 714 est
606 686 721 725 quam
752 681 793 714 tu
826 675 1016 715 adduxisti
1048 674 1206 715 tecum?
1265 675 1361 716 STR.
1411 675 1491 715 Iam
1522 677 1609 716 faxo
1641 676 1705 716 hic
1735 678 1821 718 erit.

221 742 298 783 CH.
329 742 432 789 Quid
451 743 514 782 hic
532 755 640 782 nunc
651 741 827 794 agimus?
873 743 942 784 ST,
975 743 1117 783 Eamus
1135 744 1238 783 intro
1249 743 1326 783 huc
1345 743 1391 783 ad
1411 750 1460 792 te,
1478 750 1522 784 ut
1538 745 1644 785 hunc
1654 745 1770 786 hodie
1786 745 1888 786 diem

220 810 463 850 luculentum
496 811 718 850 habeamus.
749 834 804 840 —-
862 812 938 852 ΕΡ.
988 811 1044 850 Ite
1075 812 1192 860 intro,
1225 825 1297 864 ego
1328 812 1375 851 de
1406 825 1448 852 re
1480 813 1697 864 argentaria

221 879 297 918 iam
327 885 506 918 senatum
537 878 764 918 convocabo
795 880 835 918 in
869 880 986 918 corde
1017 880 1297 927 consiliarium,

222 946 317 998 quoi
348 947 593 999 potissimum
624 947 820 987 indicatur
850 947 995 987 bellum
1027 948 1132 987 unde
1162 954 1369 1000 argentum
1403 949 1590 988 auferam.
1903 951 1959 985 160

223 1015 396 1067 Epidice,
431 1016 514 1054 vide
547 1015 638 1066 quid
669 1028 771 1067 agas,
803 1016 855 1054 ita
886 1028 949 1055 res
979 1015 1108 1055 subito
1139 1016 1235 1055 haec
1267 1015 1459 1056 obiectast
1489 1016 1576 1065 tibi;

224 1096 304 1123 non
337 1083 442 1123 enim
474 1086 583 1123 minc
615 1083 684 1122 tibi
713 1083 948 1122 dormitandi
980 1096 1109 1134 neque
1141 1083 1352 1123 cunctandi
1384 1084 1494 1136 copia
1526 1092 1600 1124 est:

223 1152 499 1191 adeundumst.
561 1163 696 1191 senem
730 1163 962 1203 oppugnare
995 1158 1184 1191 certumst
1213 1151 1419 1192 consilium
1451 1152 1557 1191 mihi.

220 1221 231 1259 i
265 1219 326 1259 Abi
358 1220 464 1259 intro
496 1226 612 1270 atque
642 1219 887 1259 adulescenti
919 1219 979 1259 dic
1011 1220 1085 1258 iam
1120 1225 1255 1259 nostro
1287 1220 1371 1259 erili
1402 1220 1494 1267 filio,

2006 528 2018 716 ,ΑΨ

220 1300 270 1327 ne
299 1288 394 1327 hinc
426 1288 529 1327 foras
559 1287 731 1327 ambulet
761 1301 857 1328 neve
889 1300 1052 1339 usquam
1084 1287 1236 1327 obviam
1267 1288 1395 1328 veniat
1425 1288 1522 1328 seni.
1555 1311 1609 1317 —-
1683 1339 1696 1350 x
1903 1291 1959 1324 165

895 1379 1216 1420 APOECIDES
1800 1377 1845 1417 H
1868 1379 1890 1418 1

426 1446 605 1498 Plerique
635 1447 827 1493 homines,
944 1451 1043 1498 quos
1075 1459 1163 1486 cum
1196 1447 1252 1486 nil
1282 1448 1401 1486 refert
1431 1447 1563 1498 pudet,

427 1515 493 1554 obi
526 1515 749 1568 pudendum
781 1522 840 1555 est
954 1516 1008 1554 ibi
1040 1528 1106 1555 eos
1137 1515 1280 1555 deserit
1310 1514 1449 1567 pudor,

697 1595 815 1634 quom
850 1587 943 1623 usus
975 1591 1033 1623 est
1064 1590 1105 1622 ut
1135 1584 1291 1635 pudeat.

423 1654 454 1691 is
485 1652 580 1690 adeo
612 1658 652 1690 tu
685 1654 737 1691 es.
799 1645 891 1702 quid
924 1658 981 1691 est
1011 1651 1115 1701 qued
1146 1651 1372 1702 pudendum
1405 1651 1490 1696 siet,

421 1721 567 1769 genere
598 1722 726 1758 natam
759 1719 865 1758 bono
984 1721 1198 1770 patiperem
1230 1719 1387 1758 domurn
1903 1723 1961 1756 170

692 1788 836 1827 ducere
869 1794 905 1826 te
938 1786 1128 1825 uxorem?
1886 1788 1960 1824 170⁸

334 1901 396 1934 150
423 1898 604 1934 accedit
627 1899 658 1933 A
751 1908 815 1942 ego
842 1909 910 1934 om.
935 1899 967 1933 A
1058 1898 1149 1933 istut:
1172 1899 1203 1933 A
1298 1900 1355 1932 151
1385 1897 1449 1932 illa
1473 1897 1521 1939 A,
1547 1895 1690 1931 Nonius
1715 1896 1813 1932 508:
1845 1895 1892 1930 de

218 1956 283 1991 illa
307 1955 342 1991 P
432 1965 490 1990 res
517 1957 558 1997 A,
586 1954 749 1990 Nonius:
773 1964 813 1989 re
830 1953 866 1988 P
953 1954 1226 2000 reppe[ri]bitur
1250 1952 1369 1997 AVE,
1404 1953 1547 1989 Nonius
1640 1955 1704 1990 152
1729 1963 1798 1999 ope
1821 1951 1890 1988 del.

217 2011 416 2058 Lcmqenus
445 2012 557 2057 symb.
586 2012 635 2046 68
659 2011 829 2052 (alz'ennm
860 2022 936 2047 esse
960 2011 1005 2046 ab
1032 2022 1097 2046 usu
1122 2010 1294 2046 Plautino
1325 2022 1398 2046 non
1428 2015 1523 2046 recte
1553 2009 1641 2046 dicit
1663 2009 1892 2046 Abrahamus

216 2069 312 2104 stud.
338 2067 393 2103 Pl.
418 2069 506 2109 221)
600 2067 786 2103 exsoluam
803 2066 838 2101 P
929 2067 1070 2103 consilii
1096 2078 1133 2103 es
1151 2066 1200 2102 P:
1225 2067 1385 2103 consiliis
1410 2068 1441 2103 A
1538 2069 1602 2102 154
1626 2065 1694 2102 tibi
1718 2077 1787 2101 om.
1812 2068 1845 2101 A

222 2128 284 2160 155
310 2124 535 2160 transmittas
561 2123 611 2165 P,
644 2124 692 2169 cf.
711 2124 787 2158 463
906 2127 966 2159 157
993 2125 1049 2159 S.:
1081 2129 1174 2170 spat.
1209 2135 1277 2159 om.
1303 2125 1334 2159 A
1454 2126 1516 2158 158
1549 2123 1733 2159 luculente
1757 2121 1800 2165 P,

220 2185 284 2217 160
311 2181 371 2217 cui
395 2180 439 2224 P,
465 2181 526 2226 qui
549 2182 581 2216 A
677 2183 739 2216 162
765 2180 1031 2216 dormitandum
1056 2179 1091 2215 P
1180 2183 1258 2222 [est]
1284 2181 1335 2215 A:
1367 2183 1423 2216 est
1446 2180 1514 2217 tibi
1537 2179 1573 2214 P
1666 2181 1728 2215 163
1753 2179 1891 2215 adeun·

219 2240 306 2274 dum
331 2239 380 2283 A,
412 2237 614 2274 adeundem
648 2236 732 2279 VE,
761 2239 800 2272 at
824 2237 976 2271 eundem
1000 2243 1037 2277 (n
1061 2247 1139 2283 sup.
1164 2240 1248 2279 scr.)
1272 2236 1326 2278 B,
1359 2237 1382 2272 i.
1410 2249 1439 2273 e.
1473 2235 1650 2272 adeund’e
1675 2234 1767 2280 (13³),
1792 2244 1890 2270 corr.

221 2295 365 2331 Merula
479 2295 594 2337 mi[hi]
619 2296 670 2329 A:
694 2305 761 2329 om.
787 2293 823 2328 P
936 2296 1000 2328 164
1023 2294 1035 2328 i
1060 2294 1119 2329 abi
1148 2293 1208 2328 L..·
1231 2293 1272 2328 ii
1296 2294 1357 2329 abi
1381 2293 1425 2336 P,
1449 2293 1510 2329 ibo
1535 2294 1566 2328 A
1680 2291 1812 2327 diciam
1835 2290 1892 2327 B:

218 2353 343 2388 ditiam
360 2362 435 2387 var.
462 2351 485 2387 l.
521 2350 598 2394 ΓΕ,
623 2351 740 2386 dicam
758 2354 787 2386 A
800 2350 828 2385 V
831 2350 867 2385 E
956 2351 1178 2386 adolescenti
1203 2357 1237 2386 et
1253 2351 1359 2386 herili
1377 2349 1412 2384 P
1504 2353 1566 2385 165
1592 2360 1638 2385 ne
1661 2348 1747 2384 hinc
1770 2349 1818 2384 A:
1844 2358 1892 2383 ne

219 2419 298 2447 (nec
322 2409 371 2451 B)
397 2408 457 2444 hic
483 2407 533 2450 P,·
564 2408 667 2443 hinc:
700 2408 772 2443 iam
797 2418 846 2443 ex
871 2407 963 2442 ostio
993 2407 1174 2452 loqecitw·;
1205 2408 1254 2453 cf.
1279 2408 1478 2452 Lcmqenus
1507 2406 1617 2452 symb.
1641 2407 1724 2441 206
1827 2415 1891 2440 ex-

217 2466 377 2502 ambulet
400 2467 432 2501 A
525 2475 675 2510 usquam
700 2475 767 2500 om.
784 2465 816 2499 A
911 2466 974 2499 166
998 2474 1199 2499 Aeonemns
1223 2473 1457 2499 PERffnANsss
1482 2474 1591 2499 smum
1614 2473 1726 2498 11·1>v
1749 2461 1798 2505 (Π
1821 2471 1888 2497 om.

220 2523 266 2566 B)
292 2522 333 2565 P,
358 2532 547 2558 APOEODES
571 2531 800 2556 PERIPHANES
824 2522 855 2556 A
948 2521 1040 2567 disp.
1068 2526 1107 2555 ut
1130 2531 1245 2566 supra
1267 2521 1321 2562 A,·
1345 2522 1396 2556 sic
1413 2519 1465 2555 P:
1488 2520 1656 2565 Plerique
1674 2539 1715 2544 —
1733 2521 1789 2554 est
1807 2520 1813 2561 Ι
1834 2517 1890 2553 lbi

219 2599 262 2604 —
289 2579 350 2625 qui
379 2578 457 2621 (secl
485 2578 522 2614 Is
555 2578 602 2621 B)
624 2580 628 2622 Ι
649 2578 723 2614 Des
747 2599 790 2603 --
816 2578 959 2614 domum
991 2577 1067 2619 (sed
1098 2577 1240 2613 Genere
1265 2576 1313 2619 B)
1339 2580 1343 2620 Ι
1373 2577 1517 2612 Ducere
1540 2597 1585 2602 -—
1610 2586 1734 2612 comm.
1757 2575 1762 2619 Ι
1783 2574 1889 2610 Hanc

214 2655 259 2661 —-
283 2635 397 2670 filium
418 2637 422 2679 Ι
443 2636 494 2670 At
518 2655 562 2660 -—
586 2635 733 2679 exsequi
754 2637 759 2675 l
783 2634 892 2670 Cuius
917 2655 960 2660 —
985 2633 1114 2670 hostiis
1135 2635 1139 2676 1
1161 2633 1287 2678 Neque
1306 2654 1345 2658 —
1363 2633 1514 2668 vivendo
1534 2633 1540 2678 l
1568 2632 1623 2668 Oh
1640 2652 1682 2657 —
1699 2642 1772 2668 aer.
1794 2632 1801 2676 Ι
1821 2632 1887 2666 Ac.

219 2712 261 2716 —
287 2692 417 2737 pulcra
442 2691 447 2738 Ι
475 2692 617 2738 Edepol
642 2713 685 2717 -
709 2691 915 2726 maritatast
1009 2692 1185 2726 166—168
1218 2690 1290 2725 cluo
1324 2691 1488 2725 trz'melra
1521 2688 1634 2725 troch.
1667 2689 1775 2725 catal.
1807 2698 1888 2723 cum

218 2747 455 2794 ithyphallico
488 2749 550 2794 (cf.
575 2749 662 2783 170α
687 2749 794 2790 172),·
823 2748 873 2792 cf.
909 2746 1089 2782 Vahlenus
1118 2746 1243 2782 Herm.
1267 2747 1330 2788 15,
1354 2746 1432 2780 263
1549 2747 1612 2780 168
1637 2747 1743 2781 usust
1764 2746 1797 2780 A

220 2807 282 2840 169
309 2805 394 2850 quid
420 2808 474 2841 est
490 2806 542 2840 A:
567 2805 628 2850 qui
653 2805 716 2840 des
734 2803 767 2839 P
861 2807 923 2840 170
948 2814 1144 2849 pauperem
1161 2802 1212 2837 P:
1236 2813 1360 2848 parem
1383 2806 1418 2839 et
1442 2803 1479 2838 in
1503 2814 1574 2848 my.
1598 2811 1795 2848 pauperem
1811 2802 1841 2835 A

220 2864 299 2896 170a
324 2864 359 2896 te
384 2873 452 2897 om.
477 2860 512 2896 P
534 2862 596 2905 (cf.
616 2861 701 2904 475)
800 2860 849 2906 cf.
876 2860 925 2896 ad
949 2859 1080 2895 Pseud.
1096 2860 1163 2894 141
