1998 3179
69 103 113 131 111
125 104 151 136 4,
170 103 289 131 89—119
803 100 996 136 CAPTIVI
1645 101 1724 137 205

73 224 112 257 at
140 218 190 256 ita
220 229 282 255 me
311 229 379 255 rex
409 216 571 254 deorum
603 222 717 267 atque
748 216 948 254 hominum
982 215 1073 253 faxit
1103 215 1249 266 patriae
1280 220 1515 265 compotem7

72 292 116 324 ut
144 285 231 324 istic
252 283 489 322 Philocrates
511 296 590 322 non
612 283 733 333 magis
755 290 813 321 est
843 295 959 332 quam
978 289 1044 321 aut
1065 294 1136 332 ego
1159 288 1224 322 aut
1247 288 1303 321 tu.
1343 282 1398 322 H.
1429 281 1512 320 Eho
1535 282 1596 321 dic
1619 283 1724 329 mihi,

73 353 159 403 quis
189 351 267 390 illic
298 351 418 401 igitur
453 349 538 390 est?
596 350 741 389 Amce-T.
791 350 917 395 Quem
947 350 1094 389 dudum
1124 350 1201 389 dixi
1232 362 1251 388 a
1283 350 1478 401 principio
1509 349 1591 388 tihi.

71 419 146 457 hoc
175 419 207 457 si
234 430 347 457 secus
379 418 565 469 reperies,
597 418 744 456 nullam
776 430 929 456 causam
961 417 1046 455 dico
1078 417 1172 467 quin
1204 417 1299 456 mihi
1735 427 1793 459 625

73 491 110 524 et
138 493 345 536 parentum
378 491 415 523 et
446 484 632 523 libertatis
662 485 763 536 apud
793 491 831 523 te
862 484 1033 534 deliquio
1064 484 1148 522 siet.

70 553 126 592 H.
144 553 245 598 Quid
255 559 295 591 tu
310 551 391 591 ais?
417 552 461 591 T.
480 552 657 590 Metuom
669 564 752 590 esse
763 563 913 590 servom
927 558 959 588 et
974 558 1010 589 te
1023 563 1150 588 meum
1162 563 1285 589 erum.
1311 551 1366 590 H.
1384 551 1492 590 Haud
1507 551 1725 602 istucrogo.

72 620 205 658 fuistin
239 618 366 658 liber?
423 619 560 658 TYND.
606 618 689 656 Fui.
749 618 893 657 Amsrr.
944 618 1058 656 Enim
1090 630 1179 656 vero
1211 631 1290 656 non
1324 619 1407 665 fuit,
1442 631 1564 670 nugas
1595 620 1683 669 agit.

70 687 208 725 TYND.
257 686 332 732 Qui
364 693 403 724 tu
436 685 540 725 scis?
573 698 621 724 an
653 692 694 724 tu
726 687 888 724 fortasse
918 686 1024 724 suisti
1055 698 1162 723 meae
1192 686 1304 723 matri
1337 686 1537 733 obstetrix,

72 753 139 804 qui
168 753 207 791 id
236 759 312 792 tam
343 753 527 791 audacter
556 753 684 791 dicere
715 750 862 790 audes?
922 751 1065 792 ARIsT.
1117 753 1286 791 Puerum
1316 759 1352 790 te
1383 753 1457 791 vidi
1490 765 1598 803 puer.
1739 765 1795 797 630

70 821 208 860 'rx-m.
259 822 313 864 At,
339 832 410 870 ego
441 826 478 858 te
510 820 619 858 video
650 819 774 857 maior
803 819 1014 857 maiorem:
1048 822 1108 858 em
1140 831 1296 859 rursum
1326 820 1408 858 tibi.

70 900 194 926 meam
225 899 306 926 rem
340 900 419 926 non
451 899 578 933 cures,
609 887 641 925 si
671 892 777 924 recte
809 886 936 925 facias.
970 898 1063 924 num
1095 899 1166 938 ego
1198 899 1292 924 curo
1325 885 1461 925 tuam?

71 955 185 995 ΗΕΘ.
235 954 376 993 Fuitne
407 955 498 993 huic
529 957 639 1005 pater
669 952 1366 1005 'l‘hensaurochrysonicochrysides⁶?

69 1017 213 1062 Amsw.
259 1021 343 1060 Non
369 1022 452 1068 suit,
486 1035 613 1072 neque
635 1034 707 1072 ego
732 1021 832 1060 istuc
855 1034 997 1060 nomen
1022 1034 1205 1072 umquam
1226 1022 1351 1060 audivi
1373 1028 1462 1060 ante
1484 1023 1590 1061 hunc
1612 1022 1726 1060 diem.

71 1089 280 1128 Philocrati
311 1089 653 1128 Theodoromedes
684 1089 757 1127 fuit
786 1096 907 1139 pater.
966 1089 1103 1129 TYND.
1155 1090 1275 1128 Pereo
1308 1089 1443 1140 probe.
1739 1103 1795 1134 635

72 1157 164 1208 quin
199 1156 396 1207 quiescis?
426 1155 485 1210 <i>
516 1157 728 1195 dierectum
761 1168 830 1195 cor
859 1168 1002 1201 meum,
1035 1169 1078 1195 ac
1108 1158 1304 1208 suspende
1335 1164 1385 1196 te.

69 1231 111 1263 tu
142 1225 343 1270 sussultas‚
376 1237 446 1273 ego
477 1224 597 1262 miser
626 1224 684 1262 vix
716 1231 798 1262 asto
830 1236 922 1275 prae
954 1224 1173 1263 formidine.

69 1292 184 1331 HEG.
235 1292 341 1330 Satin
376 1292 473 1329 istuc
506 1290 598 1329 mihi
629 1291 862 1342 exquisitum
896 1298 964 1337 est,
997 1292 1115 1331 fuisse
1146 1293 1251 1331 hunc
1281 1304 1431 1330 servom
1464 1292 1502 1330 in
1536 1293 1642 1332 Alide

71 1371 200 1410 neque
213 1371 296 1398 esse
307 1360 412 1397 hunc
424 1357 708 1397 Philocratem?
724 1358 774 1397 A.
787 1358 879 1396 Tam
891 1359 1103 1409 satisquam
1114 1372 1326 1410 numquam
1338 1360 1594 1398 hocinvenies
1602 1371 1726 1398 secus.

70 1427 136 1465 sed
159 1427 226 1465 ubi
258 1427 289 1465 is
316 1438 423 1464 nunc
446 1424 533 1465 est?
582 1426 697 1466 Hm.
729 1425 799 1464 Vbi
822 1438 894 1476 ego
916 1426 1077 1465 minime
1099 1434 1214 1477 atque
1246 1427 1353 1478 ipsus
1374 1440 1415 1466 se
1438 1427 1514 1465 volt
1536 1438 1726 1465 maxume.
1740 1441 1797 1473 (340

70 1493 138 1532 sed
169 1493 253 1532 vide
284 1494 349 1533 sis.
408 1494 553 1532 Ams'r.
603 1492 703 1538 Quin
738 1493 980 1543 exploratum
1012 1494 1098 1532 dieo
1131 1501 1168 1533 et
1198 1495 1397 1545 provisum
1429 1495 1502 1532 hoc
1534 1494 1614 1532 tibi.
1741 1508 1796 1540 643

70 1561 185 1600 HEG.
208 1559 381 1600 Certon?
411 1561 556 1600 Amstr.
580 1560 681 1605 Quin
703 1560 811 1606 nihil,
830 1561 1001 1610 inquam,
1021 1561 1195 1601 invenies
1212 1562 1334 1613 magis
1352 1562 1425 1600 hoc
1444 1568 1551 1600 certo
1569 1562 1726 1601 certius.

70 1628 310 1667 Philocrates
340 1629 413 1667 iam
446 1628 537 1666 inde
567 1640 692 1678 usque
723 1629 870 1666 amicus
900 1628 973 1666 suit
1005 1629 1097 1666 mihi
1127 1641 1146 1666 a
1179 1642 1301 1680 puero
1334 1642 1444 1680 puer.
1741 1645 1797 1675 615

70 1695 184 1736 ΗΕΘ.
235 1696 335 1735 Tum
366 1696 484 1747 igitur
514 1708 585 1745 ego
618 1696 912 1742 deruncinatus‚
944 1695 1167 1735 deartuatus
1198 1710 1283 1735 sum
1314 1698 1432 1736 miser
1741 1711 1796 1743 641

70 1763 185 1802 huius
216 1764 368 1803 scelesti
401 1763 580 1810 techinis‚
612 1762 677 1813 qui
709 1774 770 1801 me
802 1768 845 1801 ut
875 1762 1040 1801 lubitum
1072 1770 1127 1802 est
1160 1764 1329 1803 ductavit
1359 1765 1468 1803 dolis.
1742 1779 1798 1810 642

70 1831 137 1870 sed
169 1842 245 1882 qua
279 1831 411 1869 faciest
440 1837 529 1870 tuos
559 1830 699 1870 sodalis
732 1828 998 1869 Philocrates?
1057 1831 1200 1871 Amsax
1248 1832 1379 1871 Dicam
1411 1832 1500 1870 tibi:
1742 1846 1798 1878 646

71 1898 279 1937 macilento
311 1911 391 1945 ore,
424 1911 517 1937 naso
549 1904 676 1945 acuto,
708 1910 874 1949 corpore
905 1897 1006 1943 albo,
1040 1899 1161 1937 oculis
1193 1900 1326 1951 nigris⁷

70 1965 256 2004 subrufus
287 1966 541 2016 aliquantum,
573 1966 737 2016 crispus,
769 1966 1031 2004 cincinnatus.
1092 1966 1206 2006 Hm.
1257 1967 1459 2005 Convenit.

69 2033 206 2073 TYND.
258 2033 304 2071 Vt
335 2032 490 2084 quidem
524 2033 653 2071 hercle
685 2034 723 2072 in
756 2034 926 2072 medium
958 2046 1029 2084 ego
1061 2035 1175 2073 hodie
1206 2047 1387 2085 pessume
1419 2034 1689 2085 processerim.

69 2112 137 2138 vae
170 2100 242 2140 illis
273 2101 390 2151 virgis
422 2101 585 2147 miseris,
618 2113 717 2151 quae
748 2102 861 2140 hodie
893 2101 931 2139 in
966 2109 1075 2152 tergo
1107 2102 1328 2141 morientur
1357 2114 1457 2140 mec.
1742 2118 1799 2149 650

70 2167 184 2208 ΗΕΘ.
236 2167 361 2207 Verba
393 2168 487 2206 mihi
519 2168 603 2206 data
635 2181 718 2207 esse
751 2168 873 2206 video.
933 2169 1069 2208 TYND.
1122 2170 1223 2215 Quid
1255 2169 1425 2216 cessatis,
1457 2168 1677 2220 compedes,

71 2247 230 2274 currere
261 2236 307 2274 ad
339 2248 400 2274 me
432 2232 597 2286 meaque
625 2235 805 2287 amplecti
837 2248 964 2283 crura,
997 2243 1039 2275 ut
1068 2249 1135 2276 vos
1166 2235 1408 2275 custodiam?

184 2346 248 2379 622
272 2345 342 2379 AB.
365 2345 564 2390 praemittit
599 2344 638 2386 V,
663 2356 806 2380 erasum
832 2345 906 2380 BE
995 2349 1059 2381 623
1085 2349 1174 2381 autu
1205 2346 1273 2381 VE
1363 2350 1427 2381 626
1453 2346 1633 2390 delinquio
1662 2345 1732 2386 6¹,-

71 2401 124 2444 cf.
147 2400 287 2436 Placid.
313 2411 413 2446 corp.
431 2401 480 2445 ql.
500 2403 533 2442 5,
557 2402 613 2436 16.
639 2403 680 2436 61
706 2402 862 2446 deliquio
889 2406 1021 2447 t-quo):
1048 2403 1194 2447 obliuio,
1218 2403 1329 2437 scleol.
1356 2403 1462 2449 Verq.
1482 2405 1568 2438 Aen.
1595 2404 1630 2444 4,
1655 2403 1732 2436 390

70 2456 333 2501 delinquionem
359 2460 407 2498 (et
430 2458 638 2502 deliquium)
662 2469 712 2494 ex
738 2458 831 2494 Gelli
846 2460 969 2494 annal.
1061 2459 1125 2494 fiet
1142 2459 1176 2494 B
1269 2462 1332 2494 627
1358 2461 1445 2504 quid
1469 2463 1550 2495 tuas
1577 2459 1645 2493 Vt«)

71 2515 135 2548 629
161 2513 329 2549 obstitrix
466 2516 530 2549 630
555 2515 616 2559 qui
645 2515 694 2549 B.-
720 2515 806 2559 quid
935 2518 996 2550 631
1022 2516 1115 2560 fort.
1140 2519 1180 2551 at
1202 2517 1301 2562 <pol>
1325 2527 1389 2561 ego
1416 2516 1641 2555 (Sclzoellz‘us)

70 2569 153 2604 hem
244 2571 310 2603 632
326 2580 391 2615 ego
409 2581 496 2606 cura
521 2569 590 2604 VE
677 2574 741 2606 tua
829 2574 895 2606 636
910 2572 963 2618 <i>
982 2571 1213 2611 Gulielmium
1229 2574 1321 2618 fort.
1340 2584 1402 2608 cor
1419 2572 1560 2607 meum?
1576 2573 1589 2607 i
1607 2574 1640 2607 d.

72 2627 136 2659 639
160 2628 200 2660 ta
232 2625 300 2660 VE
419 2630 482 2661 640
507 2627 575 2661 ΗΕ.
600 2629 837 2673 praemissum
855 2632 952 2668 (ante
975 2628 1037 2663 ubi
1055 2639 1134 2671 om,
1158 2629 1223 2664 sed
1238 2629 1308 2664 Vbi
1325 2629 1374 2671 B)
1491 2632 1566 2664 641.
1587 2632 1650 2664 642
1667 2641 1732 2664 suo

73 2680 151 2716 loco
175 2683 339 2728 reposuit
363 2682 520 2718 Brae'oee'us
634 2687 693 2718 641
723 2685 981 2720 deruncinatus
1005 2685 1157 2720 schedae
1183 2685 1353 2720 Turnebi:
1378 2687 1585 2720 erumnatus
1610 2685 1688 2720 BV
1689 2685 1734 2728 E,

72 2738 288 2774 deunciatus
305 2739 509 2781 (deuniatus
525 2740 663 2784 Harl.¹,
688 2741 842 2777 deuntus
859 2752 952 2777 corr.
969 2743 1007 2776 in
1031 2743 1208 2777 deunctus
1226 2742 1339 2783 Leid.)
1358 2742 1498 2777 Nonius
1518 2743 1567 2776 95
1579 2753 1606 2776 s.
1630 2743 1733 2778 dear-

71 2796 177 2883 tumle
292 2799 358 2830 642
380 2797 547 2832 thechnis
663 2800 729 2832 644
753 2799 813 2843 qui
911 2801 976 2833 646
1001 2797 1088 2834 fatie
1123 2798 1190 2833 VE
1279 2801 1342 2834 647
1369 2799 1482 2834 oculis
1510 2799 1670 2834 Guietus:
1698 2802 1735 2834 et

73 2859 142 2884 ocu
155 2850 186 2885 is
279 2854 343 2886 650
369 2863 414 2887 ue
