2003 3188
188 81 239 118 24
921 76 1101 112 PLAVTI
1637 76 1650 104 1
1665 77 1691 110 3,
1711 76 1811 105 16-45

185 195 269 234 heri
300 194 437 234 venisti
468 194 592 233 media
624 201 752 239 nocte,
786 205 891 231 nunc
923 192 1016 230 abis,
1068 190 1183 229 hocin
1216 187 1372 240 placet?

185 263 323 302 Mene.
373 262 560 301 Accedam
592 269 706 312 atque
738 262 836 299 banc
868 257 1070 310 appellabo
1103 264 1141 295 et
1170 255 1488 307 subparasitabor
1517 257 1630 308 patri.
1855 271 1912 304 515

186 342 396 380 numquam
429 329 567 380 edepol
599 340 831 378 quemquam
863 325 1064 364 mortalem
1098 323 1214 362 credo
1246 336 1317 374 ego
1349 335 1511 362 uxorem
1541 336 1651 364 suam

184 398 239 435 sic
270 396 448 435 ecflictim
478 408 618 441 amare,
651 394 815 446 proinde
846 399 890 431 ut
919 392 982 431 hic
1014 398 1051 430 te
1083 391 1262 430 ecflictim
1294 391 1458 442 deperit.

183 465 298 504 IVPP.
348 464 550 509 Carnufex,
582 475 662 500 non
696 474 766 512 ego
800 467 836 498 te
867 458 986 498 novi?
1018 459 1108 498 abin
1141 472 1161 498 e
1192 466 1408 510 conspectu
1441 457 1558 498 meo?

184 531 275 582 quid
306 531 374 569 tibi
405 531 506 568 hanc
537 529 683 568 curatio
716 535 774 567 est
804 539 900 573 rem,
931 527 1108 574 verbero,
1140 534 1207 566 aut
1236 525 1434 566 muttitio?

183 598 288 648 quoii
319 610 390 648 ego
421 598 495 636 iam
527 597 600 635 boc
622 596 798 647 scipione
821 617 872 623 —
894 593 998 634 ALC.
1037 594 1094 632 Ab
1131 594 1222 633 noli.
1281 594 1398 635 vap.
1441 594 1596 633 Muttito
1626 594 1755 633 modo.
1855 607 1912 640 520

182 666 320 704 MERc.
369 664 554 715 Nequiter
584 676 708 714 paene
740 662 933 713 expedivit
961 661 1087 712 prima
1119 662 1354 714 parasitatio.

182 733 296 773 vap.
347 733 489 770 Verum
521 731 623 782 quod
654 738 695 769 tu
726 730 834 776 dicis,
866 741 951 768 mea
984 741 1095 777 uxor,
1128 742 1208 768 non
1241 737 1279 768 te
1310 730 1362 768 mi
1393 729 1505 768 irasci
1536 729 1659 768 decet.

183 800 401 839 clanculum
432 799 507 838 abii
539 812 559 837 a
590 798 763 848 legione:
796 809 956 848 operam
987 797 1088 835 lianc
1118 797 1310 849 subrupui
1343 797 1423 844 tibi,

182 880 228 907 ex
258 880 318 906 me
350 868 475 919 primo
505 863 595 920 (ut)
624 865 747 917 prima
778 864 909 911 scires,
941 876 1024 902 rem
1054 871 1098 903 ut
1126 865 1332 916 gessissem
1363 865 1570 916 publicam.

182 949 224 974 ea
254 936 323 974 tibi
354 935 483 973 omnia
515 933 704 972 enarravi.
764 932 839 971 nisi
870 938 906 970 te
938 944 1106 971 amarem
1137 932 1364 984 plurimum,
1853 943 1910 975 525

184 1016 260 1041 uon
294 1005 471 1041 facerem.
530 1001 669 1040 MERC.
721 999 881 1038 Facitne
913 1006 956 1038 ut
986 998 1093 1038 dixi?
1124 999 1294 1038 timidam
1328 999 1444 1051 palpo
1475 1000 1658 1051 percutit.

180 1070 297 1110 Ivffl’.
348 1070 474 1116 lN'unc,
504 1082 554 1108 ne
584 1068 683 1119 legio
716 1067 986 1118 persentiscat,
1019 1067 1117 1105 clam
1148 1067 1240 1105 illuc
1270 1067 1514 1106 redeundum
1546 1074 1605 1106 est
1635 1067 1740 1114 mihi,

181 1149 230 1176 ne
259 1150 321 1175 me
352 1148 513 1175 uxorem
543 1134 797 1187 praevertisse
828 1134 958 1173 dicant
986 1147 1080 1186 prae
1110 1147 1152 1172 re
1183 1134 1352 1186 publica.

178 1204 280 1245 ALc.
312 1204 594 1242 Lacrimantem
626 1215 670 1241 ex
702 1203 808 1241 abitu
839 1202 1055 1241 concinnas
1086 1209 1127 1241 tu
1157 1208 1262 1241 tuam
1296 1214 1469 1241 uxorem.
1527 1202 1644 1243 IVPP.
1694 1203 1809 1250 Tace,

182 1284 229 1310 ne
260 1284 467 1323 corrumpe
498 1271 644 1317 oculos,
676 1270 811 1309 redibo
843 1277 1028 1309 actutum.
1087 1270 1191 1310 ALC.
1242 1269 1283 1308 Id
1313 1277 1486 1309 actutum
1518 1271 1582 1310 diu
1614 1277 1684 1310 est.
1853 1281 1909 1314 530

179 1339 293 1379 vap.
333 1339 418 1378 Non
443 1351 513 1390 ego
538 1346 574 1378 te
605 1339 668 1378 hic
688 1339 828 1378 lubens
849 1338 1030 1389 relinquo
1053 1351 1181 1390 neque
1202 1338 1300 1378 abeo
1330 1338 1399 1378 abs
1430 1346 1480 1378 te.
1538 1338 1641 1379 ALC.
1691 1339 1839 1386 Sentio,

182 1419 269 1445 nam
301 1419 375 1457 qua
407 1414 522 1446 nocte
553 1406 599 1445 ad
630 1419 692 1446 me
721 1406 874 1452 venisti,
907 1406 1041 1445 eadem
1072 1407 1167 1446 abis.
1226 1407 1343 1447 IVPP.
1388 1407 1467 1446 Cur
1495 1419 1557 1446 me
1587 1405 1726 1446 tenes?

180 1481 333 1526 tempus
362 1472 484 1528 <cst>2
516 1475 620 1514 exire
652 1487 696 1513 ex
729 1474 828 1513 urbe
858 1474 970 1525 prius
1001 1486 1116 1525 quam
1148 1475 1319 1514 lucescat
1347 1475 1447 1513 volo.

182 1555 286 1581 nunc
316 1542 383 1581 tibi
415 1543 516 1581 hanc
546 1550 729 1594 pateram,
762 1555 861 1593 quae
893 1543 999 1582 dono
1032 1543 1081 1581 mi
1114 1543 1167 1582 illi
1199 1543 1249 1581 ob
1280 1543 1464 1582 virtutem
1495 1542 1583 1581 data
1613 1549 1682 1589 est,

181 1610 328 1648 Pterela
358 1622 426 1649 rex
458 1610 523 1661 qui
553 1610 740 1662 potitavit,
772 1623 889 1661 quem
920 1623 993 1661 ego
1025 1623 1108 1650 mea
1141 1611 1264 1650 occidi
1296 1623 1427 1658 mann,
1613 1625 1618 1630 ·
1851 1622 1908 1654 535

179 1676 404 1724 Alcumena,
434 1677 503 1716 tibi
535 1677 730 1717 condono.
788 1677 894 1718 ALC.
942 1678 1055 1718 Facis
1086 1686 1129 1718 ut
1159 1680 1250 1719 alias
1281 1691 1343 1718 res
1373 1680 1486 1718 soles.

179 1750 330 1783 ecastor
361 1745 599 1796 condignum
630 1746 790 1794 donum,
823 1746 974 1797 qualest
1004 1747 1070 1798 qui
1101 1748 1248 1786 donum
1280 1746 1396 1786 dedit.

178 1811 318 1852 MERC.
362 1812 485 1851 Immo
516 1813 591 1852 sic:
624 1814 863 1864 condignum
894 1814 1056 1863 donum,
1087 1815 1239 1866 qualest
1269 1815 1332 1854 cui
1362 1815 1466 1854 douo
1497 1815 1678 1854 datumst.

178 1879 294 1920 IvPP.
353 1881 493 1931 Pergin
526 1880 684 1920 autem?
716 1895 851 1921 nonne
882 1895 954 1934 ego
986 1895 1159 1934 possum,
1190 1884 1361 1931 furcifer,
1394 1891 1431 1922 te
1462 1880 1656 1935 perdere?

178 1947 280 1987 ALC.
329 1947 414 1987 Noli
448 1949 598 1996 amabo,
630 1950 874 2001 Amphitruo,
905 1951 1018 1990 irasci
1049 1951 1183 1991 Sosiae
1213 1964 1327 1991 causa
1358 1963 1454 1990 mea.
1678 1951 1691 1955 ’
1850 1964 1907 1996 540

177 2014 292 2055 IVPP.
337 2015 488 2054 Faciam
513 2016 561 2055 ita
584 2024 625 2055 ut
646 2017 713 2056 vis.
758 2017 897 2058 MERC.
933 2018 990 2057 Ex
1012 2031 1145 2059 amore
1166 2019 1228 2058 hic
1250 2019 1458 2059 admodum
1480 2030 1594 2069 quam
1617 2030 1749 2058 saevos
1768 2024 1838 2058 est.

177 2081 209 2121 Ι.
248 2082 442 2134 Numquid
461 2082 544 2123 vis?
582 2084 633 2125 A.
672 2085 720 2124 Vt
738 2098 854 2136 quom
876 2086 999 2126 absim
1022 2089 1081 2126 me
1103 2099 1222 2135 ames,
1244 2100 1305 2126 me
1326 2094 1431 2126 tuam
1454 2094 1491 2126 te
1513 2087 1674 2126 absente
1695 2091 1838 2126 tamen.

177 2149 318 2190 MERc.
362 2150 518 2197 Eamus,
549 2152 795 2203 Amphitruo.
855 2154 1016 2193 lucescit
1046 2155 1122 2194 hoc
1152 2155 1241 2194 iam.
1301 2155 1418 2196 IVPP.
1466 2155 1539 2193 Abi
1570 2166 1677 2206 prae,
1717 2154 1836 2200 Sosia,

290 2251 355 2283 514
378 2249 530 2284 hoccine
645 2255 708 2285 517
735 2252 901 2287 ecflictim
925 2264 1046 2288 amare
1071 2253 1141 2289 B2:
1175 2257 1211 2290 et
1234 2254 1360 2289 flictim
1383 2266 1447 2290 are
1472 2254 1515 2296 D,
1540 2257 1577 2289 et
1599 2253 1787 2288 fictumare
1807 2253 1841 2287 E

178 2308 215 2338 ut
238 2305 321 2346 vid„
346 2305 509 2340 afflictim
533 2317 654 2342 amare
675 2307 722 2342 B¹
841 2308 1003 2345 efflictim
1118 2313 1183 2346 520
1209 2311 1317 2355 quoid
1341 2322 1406 2355 ego
1424 2311 1488 2353 13²,
1513 2320 1582 2356 quo
1606 2309 1684 2352 lego
1702 2308 1838 2351 DEB2,

176 2361 225 2405 cf.
244 2363 309 2396 861
334 2362 418 2403 all.;
442 2363 524 2407 quoi
547 2363 609 2408 pol
633 2374 697 2408 ego
723 2366 927 2410 Seyfferlus
1019 2369 1083 2401 523
1106 2368 1198 2411 sort.
1218 2367 1376 2412 (noctu)
1400 2368 1604 2403 clanculum
1629 2366 1840 2410 (Muellerus

171 2427 272 2461 pros.
287 2419 376 2459 543),
392 2418 442 2462 cf.
458 2418 592 2453 Bacch.
607 2420 673 2452 317
765 2421 824 2454 abi
909 2424 973 2455 524
986 2422 1072 2467 (ut)
1086 2422 1337 2458 Fleckeisenus
1420 2424 1608 2458 cessissem
1625 2424 1752 2459 BD¹E

176 2472 240 2504 523
264 2471 343 2505 item
362 2470 503 2505 Nonius
525 2473 614 2512 ··›'62;
639 2472 691 2516 cf.
718 2472 850 2508 Pseud.
875 2476 952 2515 293,
978 2475 1175 2521 Lanssenus
1197 2476 1309 2522 symb.
1336 2478 1379 2510 79
1472 2479 1536 2512 529
1561 2477 1772 2514 lacrimante
1793 2490 1838 2514 ex

175 2523 301 2558 habitu
325 2523 468 2558 Nonius
492 2526 536 2558 43
631 2528 695 2560 530
719 2530 865 2561 actuum
889 2547 932 2552 —
956 2532 1103 2563 actuum
1121 2529 1173 2563 Βι
1197 2531 1292 2572 (icem
1316 2532 1395 2565 544.
1416 2531 1509 2572 627),
1534 2541 1577 2566 ac
1601 2534 1703 2566 tuum
1725 2552 1769 2558 —
1793 2543 1836 2567 ac

174 2580 290 2610 tutum
317 2576 350 2610 E
440 2580 504 2611 533
528 2576 625 2622 (est)
649 2590 684 2620 ς,
708 2579 737 2614 it
765 2579 954 2615 Palmerus
1045 2583 1199 2618 luciscat
1231 2583 1356 2619 B¹DE
1445 2586 1512 2619 534
1542 2584 1586 2619 de
1609 2584 1748 2631 duplici
1770 2587 1837 2621 tibi

175 2640 245 2663 non
271 2631 347 2664 iure
370 2630 508 2665 dubitat
532 2630 693 2666 Baclzz'us
709 2632 752 2666 cle
769 2639 854 2668 altr.
872 2635 941 2669 inc.
959 2636 1004 2669 30
1019 2646 1072 2680 sq.
1166 2637 1240 2672 illic
1333 2638 1396 2673 dat
1412 2640 1468 2673 est
1483 2637 1574 2672 B¹E
1662 2642 1726 2673 537
1752 2641 1836 2676 ede-

175 2682 234 2726 pol
258 2682 400 2717 Aonius
415 2685 478 2717 198
569 2685 683 2729 qualis
707 2689 764 2720 est
787 2685 832 2728 E,
857 2688 961 2731 quale
984 2692 1040 2723 est
1056 2689 1139 2730 BD,
1165 2691 1281 2726 culest
1306 2695 1460 2726 testatur
1477 2691 1620 2726 Nonius
1644 2689 1835 2734 (neutrum

174 2746 241 2780 pro
264 2736 490 2779 masculino’)
606 2741 670 2773 538
696 2739 865 2775 distinxit
888 2740 1123 2787 ll'iemeyerus
1146 2746 1197 2788 cf.
1221 2743 1335 2780 Mero.
1361 2746 1426 2779 737
1451 2744 1581 2780 Pseud.
1607 2747 1675 2780 542
1773 2749 1835 2783 da-

175 2791 250 2824 tust
342 2793 404 2825 541
425 2801 532 2826 seuus
549 2790 582 2825 D
607 2802 626 2826 e
642 2803 751 2835 corr„
769 2792 819 2826 E:
846 2804 980 2829 sueuus
1000 2795 1048 2837 B,
1075 2808 1187 2832 uuus
1204 2797 1239 2832 I)
1257 2803 1342 2834 ante
1365 2809 1462 2833 corr.
1555 2802 1621 2834 542
1638 2801 1835 2846 absentem,

175 2842 198 2875 i.
213 2854 241 2877 e.
260 2843 440 2887 absente13
466 2845 516 2888 cf.
542 2844 591 2879 ad
613 2846 680 2880 826
771 2849 836 2881 543
860 2847 1004 2884 luciscit
1028 2849 1157 2885 B¹DE
