1998 3179
95 101 109 128 Ι
129 101 154 134 1,
173 102 257 128 1—14

768 897 1066 938 SELENIVM
1682 905 1701 943 I
1727 908 1746 944 1

260 971 356 1011 Cum
388 984 460 1024 ego
491 973 655 1013 antehac
685 982 722 1014 te
754 977 875 1015 amavi
908 983 944 1016 et
974 979 1026 1016 mi
1058 981 1219 1017 amicam
1252 992 1336 1019 esse
1369 981 1483 1028 crevi,

256 1051 340 1078 mea
372 1039 637 1091 Gymnasium,
669 1049 707 1081 et
736 1047 899 1082 matrem
929 1047 1050 1091 tuam,
1081 1052 1162 1085 tum
1196 1046 1232 1085 id
1264 1047 1356 1086 mihi
1390 1048 1501 1087 hodie

254 1107 473 1157 aperuistis,
505 1114 547 1147 tu
577 1111 694 1159 atque
723 1110 841 1150 haec:
872 1115 986 1150 soror
1016 1112 1048 1151 si
1078 1125 1162 1152 mea
1194 1117 1311 1160 esses,

314 1174 380 1224 qui
411 1175 533 1225 magis
563 1177 770 1227 potueritis
886 1179 980 1217 mihi
1010 1179 1201 1219 honorem
1235 1182 1291 1221 ire
1322 1182 1510 1230 habitum,

200 1241 345 1287 nescio,
377 1242 465 1289 nisi,
498 1249 539 1282 ut
569 1255 678 1282 meus
709 1250 767 1283 est
797 1245 963 1291 animus,
995 1247 1078 1285 fieri
1110 1260 1190 1286 non
1223 1261 1337 1299 posse
1368 1249 1556 1297 a1·hitro1-;

195 1310 248 1347 ita
279 1308 464 1349 omnihus
494 1310 639 1350 relictis
669 1310 787 1350 rebus
817 1312 910 1350 mihi
942 1313 1192 1364 frequentem
1224 1328 1380 1367 operam
1412 1318 1583 1356 dedistis.

198 1377 244 1413 eo
276 1386 349 1426 ego
381 1387 448 1415 vos
478 1388 564 1415 amo
596 1379 632 1415 et
664 1390 709 1416 eo
741 1381 761 1416 εἰ
794 1391 854 1416 me
885 1391 1065 1430 magnam
1098 1381 1239 1421 iniistis
1269 1384 1443 1434 gratiam.

739 1500 1094 1543 GYMNASIVM

254 1575 324 1614 Pol
354 1576 427 1615 isto
459 1578 614 1628 quidem
648 1591 720 1618 nos
751 1580 875 1631 pretio
906 1582 1019 1620 facile
1051 1590 1108 1621 est
1139 1584 1390 1635 frequentare

455 1644 525 1683 tibi
556 1646 739 1696 utilisque
771 1647 933 1687 habere:

399 1711 449 1749 ita
480 1712 519 1750 in
552 1713 717 1764 prandio
752 1727 824 1753 nos
855 1715 981 1766 lepide
1012 1720 1056 1755 ac
1089 1717 1210 1757 nitide

255 1778 438 1828 accepisti
467 1779 570 1830 aplid
603 1785 653 1827 te,
686 1789 728 1820 ut
757 1785 913 1833 semper
942 1784 1249 1825 meminerimus.

252 1844 347 1884 SEL.
379 1845 548 1885 Lubenti
580 1848 717 1898 edepol
748 1848 879 1887 animo
912 1851 1055 1890 factum
1088 1854 1125 1891 et
1156 1854 1222 1892 fiet
1253 1856 1272 1892 a
1304 1867 1377 1899 me,

253 1923 351 1961 quae
383 1915 448 1951 ves
478 1913 699 1953 arbitrabor
727 1916 837 1962 velle,
870 1919 912 1955 ea
945 1923 986 1956 ut
1017 1922 1273 1969 expetessam.

87 2005 1740 2026 Ἣ

195 2065 424 2090 LOERETRICES
443 2075 451 2082 -
467 2056 503 2091 H
520 2075 530 2082 -
550 2068 567 2092 s
597 2061 628 2098 (s
651 2070 718 2094 om.
751 2059 830 2101 VE)
864 2070 1081 2098 ommsrvm
1104 2074 1151 2097 m:
1184 2075 1367 2100 sssnssmvm
1386 2085 1393 2093 ·
1415 2076 1515 2101 LENA
1542 2067 1656 2102 BVE

85 2113 99 2143 1
127 2120 216 2145 SELE
240 2111 287 2153 B,
311 2123 417 2147 snAEN
432 2131 442 2139 ·
467 2112 500 2146 V
498 2112 544 2157 E,
576 2114 620 2149 cle
644 2115 774 2160 quibus
806 2117 962 2151 nominis
991 2119 1186 2164 scripturis
1209 2121 1264 2165 of.
1291 2121 1560 2158 Studemundus
1585 2123 1741 2160 Hermae

81 2165 139 2205 19,
163 2166 238 2200 456
334 2171 347 2201 1
377 2178 475 2203 cum:
503 2170 588 2214 quia
623 2169 740 2205 Varro
765 2171 809 2206 (Ie
833 2171 854 2206 l.
873 2171 897 2205 l.
928 2174 957 2216 7,
984 2174 1034 2207 98
1125 2186 1205 2210 cum
1230 2186 1295 2221 ego
1319 2179 1356 2212 te
1379 2179 1507 2222 amavi,
1531 2191 1611 2216 mea
1634 2181 1737 2216 Anti-

80 2221 197 2265 phila,
223 2224 259 2257 et
289 2223 377 2258 mihi
404 2225 555 2260 amicam
588 2237 667 2261 esse
700 2227 795 2262 crevi
827 2238 876 2263 eoe
903 2228 1103 2265 Cistellaria
1134 2231 1260 2275 adfert
1283 2231 1497 2269 Priscianus
1520 2237 1552 2278 1,
1578 2238 1652 2271 529

82 2278 101 2310 2
125 2277 337 2321 gimnasium
358 2280 402 2322 B,
426 2281 658 2325 gimnassium
676 2282 714 2317 Ε
801 2286 820 2317 3
847 2285 1024 2329 aperuisti
1128 2289 1150 2321 4
1173 2288 1336 2332 potueris
1358 2289 1393 2324 B
1496 2294 1515 2323 6
1540 2292 1586 2326 mi
1620 2292 1738 2328 Varro

81 2332 124 2367 de
147 2333 168 2367 l.
183 2333 206 2369 Z.
229 2336 258 2375 7,
279 2336 327 2370 99
411 2340 428 2370 7
455 2348 497 2373 eo
522 2348 586 2383 ego
605 2338 660 2372 B:
683 2341 720 2374 et
743 2349 808 2383 ego
835 2339 865 2373 V
869 2340 903 2375 Ε
990 2341 1109 2377 inistis
1203 2347 1222 2378 S
1247 2344 1357 2389 <ist>o
1391 2345 1528 2381 Varro:
1558 2349 1650 2383 istoc

31 2403 34 2406 ⁴
79 2399 218 2425 versum
242 2391 326 2426 item
351 2396 391 2426 ut
415 2393 557 2428 codices
581 2394 767 2439 definitum
792 2394 946 2432 habebat
979 2397 1108 2441 Varro,
1134 2401 1199 2444 qui
1223 2400 1312 2435 llaec
1336 2401 1463 2447 adfert
1479 2407 1567 2448 post
1591 2414 1622 2438 v.
1644 2405 1676 2445 6,
1700 2408 1740 2438 ut

79 2446 223 2480 suntin
246 2446 299 2482 F:
325 2457 362 2482 -ο
388 2449 530 2493 quidem
561 2461 627 2486 nos
658 2451 775 2495 pretio
811 2453 930 2496 ptanti
963 2457 1017 2489 est
1049 2454 1299 2500 frequentare,
1332 2458 1386 2492 ita
1419 2458 1457 2492 in
1489 2459 1642 2503 prandio
1673 2470 1739 2495 nos

79 2500 197 2546 lepide
221 2513 264 2539 ac
287 2505 402 2540 nitide
434 2507 610 2552 accepisti
633 2509 778 2549 (omisso
803 2520 834 2544 v.
853 2511 889 2552 9)
897 2522 912 2551 ;
934 2521 1004 2556 pro
1029 2513 1148 2556 ptanti
1173 2523 1250 2548 eum
1269 2513 1398 2559 Zeqisse
1421 2515 1528 2549 facile
1553 2515 1739 2559 (perfacile

83 2555 122 2592 0.
147 2557 359 2603 Muellerus)
384 2562 635 2609 interpretatio
660 2564 765 2600 docet
789 2566 954 2611 ‘apparet
976 2567 1116 2603 dicere:
1143 2569 1250 2604 facile
1274 2573 1330 2605 est
1354 2581 1480 2606 curare
1505 2574 1546 2606 ut
1569 2572 1739 2613 adsimus,

81 2623 161 2649 cum
183 2617 256 2651 tam
279 2617 370 2652 bene
393 2627 459 2653 nos
483 2619 667 2664 accipias.’
707 2621 750 2656 de
781 2626 893 2657 metro
926 2633 999 2657 non
1024 2628 1174 2666 constat,
1203 2625 1366 2669 fortasse
1393 2626 1464 2661 duo
1489 2627 1635 2662 haccleei
1658 2639 1738 2663 cum

76 2673 321 2715 paroemiam,
346 2684 376 2708 v.
397 2675 419 2708 9
442 2674 616 2710 iambicus
731 2680 750 2711 9
775 2677 842 2712 tibi
866 2678 915 2713 ad
939 2678 1170 2724 frequentare
1285 2681 1382 2716 utilis
1416 2693 1484 2726 que
1512 2683 1562 2717 B:
1594 2685 1635 2718 ut
1664 2684 1736 2718 illis

79 2735 146 2769 que
171 2725 240 2761 VE
326 2729 454 2764 haberi
477 2730 546 2775 ΒΞ,
571 2731 724 2767 haberes
749 2732 798 2767 Ει
894 2737 933 2768 10
959 2745 1001 2769 ac
1023 2735 1056 2769 V
1058 2734 1100 2779 E,
1134 2735 1273 2771 Varro:
1296 2739 1404 2782 atque
1422 2738 1458 2772 B
1551 2743 1586 2775 11
1615 2742 1738 2776 memi-

77 2781 174 2817 neris
206 2782 282 2827 VE,
305 2785 476 2821 meminer
499 2785 535 2820 B
542 2787 552 2807 ¹
662 2790 702 2822 12
726 2789 934 2834 lubentique
958 2790 1005 2832 B,
1029 2791 1239 2836 iubentique
1272 2792 1348 2837 VE,
1374 2805 1466 2829 corr.
1491 2796 1649 2832 Botkz'us

82 2839 122 2871 13
146 2837 321 2883 arbitror,
346 2851 441 2876 corr.
468 2841 695 2879 Camerarius
801 2849 965 2891 expetes,
997 2857 1090 2882 corr.
1119 2847 1322 2884 Gronovius

1397 2906 1465 2941 18*

1776 1721 1810 1752 10
