1998 3179
110 79 155 106 n·
167 80 192 112 4,
211 79 330 107 75-100
350 110 354 111 ⁷
810 77 1079 113 BACCHIDES
1689 82 1768 119 157

110 194 268 235 Omns.
319 192 417 239 Quid
449 190 619 243 parasti?
677 192 786 232 P1sT.
836 191 941 237 Quae
971 192 1098 243 parari
1129 199 1170 231 tu
1202 194 1345 234 iussisti
1376 196 1517 235 omnia.

111 261 269 302 Omns
315 261 417 312 Cape
438 260 566 299 stilum
589 271 758 311 propere
780 266 818 298 et
837 259 995 299 tabellas
1016 267 1056 299 tu
1079 260 1148 300 has
1169 261 1249 300 tibi.
1299 262 1436 303 Mxsss.
1482 263 1581 309 Quid
1603 262 1768 314 postea?

111 329 270 370 CHRYS.
321 328 433 374 Quod
465 326 607 367 iubebo
638 327 798 366 scribito
829 328 926 366 istic.
975 340 1061 366 nam
1094 336 1301 380 propterea
1331 327 1415 383 (te)
1444 331 1530 370 volo

113 396 298 444 scribere,
329 402 373 435 ut
403 402 511 447 pater
542 401 751 445 cognoscat
781 394 927 433 litteras
958 395 1115 445 quando
1147 396 1258 448 legat.
1780 404 1836 436 730

112 464 254 503 scribe.
312 463 449 504 MNES.
500 462 602 508 Quid
632 461 827 501 scribam?
886 462 1043 502 mes.
1090 463 1262 503 Salutem
1293 471 1359 503 tuo
1390 466 1491 516 patri
1521 465 1649 504 verbis
1678 465 1767 504 tuis.

112 530 222 570 PIST.
273 530 374 576 Quid
405 531 435 570 si
466 531 596 582 potius
625 529 805 568 morbum
838 536 1005 568 mortem
1035 530 1206 569 scribat?
1238 532 1275 570 id
1306 533 1380 571 erit
1409 533 1567 572 rectius.

113 596 158 639 C.
178 598 233 638 Ne
251 598 480 637 interturba.
519 597 576 637 M.
598 596 675 635 Iam
692 597 924 648 imperatum
943 597 982 635 in
1001 608 1088 635 cera
1106 598 1220 637 inest.
1250 598 1294 639 C.
1316 599 1385 638 Dic
1403 612 1518 650 quem
1535 600 1580 638 ad
1597 599 1768 638 modum.

113 667 251 707 MNES.
292 662 572 705 ‘Mnesilochus
592 664 754 704 salutem
776 664 866 703 dicit
887 677 958 703 suo
980 658 1104 716 patri?
1167 665 1324 706 CHRYS.
1370 667 1556 706 Adscribe
1578 668 1651 706 hoc
1671 667 1767 706 cito:

111 728 334 784 ‘Chrysalus
364 733 457 771 mihi
487 744 611 783 usque
642 744 796 782 quaque
826 732 999 782 loquitur
1028 745 1102 772 nec
1131 740 1249 780 recte,
1280 740 1402 785 pater,
1783 740 1839 771 735

115 801 203 852 quia
233 800 303 839 tibi
334 812 471 839 aurum
502 799 651 838 reddidi
682 806 720 838 et
750 802 838 850 quia
871 813 951 839 non
985 807 1021 839 te
1052 794 1332 840 fraudaverim?

113 868 222 908 Pls'r.
267 867 379 906 Mane
410 867 500 906 dum
524 866 672 906 scribit.
718 866 875 907 CHRYS.
922 867 1093 906 Celerem
1116 874 1271 919 oportet
1292 881 1375 907 esse
1397 869 1578 908 amatoris
1598 881 1770 908 manum.

113 936 158 976 P.
189 937 316 986 Atque
344 944 369 976 4-
395 935 496 974 idem
517 934 648 973 hercle
670 947 730 973 em
753 935 1000 986 perdundum
1022 936 1143 986 magis
1164 948 1278 986 quam
1301 937 1345 975 ad
1368 936 1660 976 scribundumst
1681 937 1770 976 cito.

114 1003 171 1043 M.
193 1002 384 1053 Loquere.
407 1002 482 1041 hoc
493 1003 730 1054 scriptumst.
761 1002 805 1042 C.
824 997 1164 1055 ‘Nunc.patermi‚
1179 1004 1293 1054 proin
1311 1011 1350 1043 tu
1363 1004 1408 1043 ab
1424 1017 1469 1044 eo
1480 1011 1523 1044 ut
1539 1017 1672 1044 caveas
1689 1004 1771 1050 tibi,

113 1070 387 1122 sycophantias
417 1070 631 1121 componit,
663 1082 802 1108 aurum
832 1076 875 1109 ut
904 1070 972 1109 abs
1003 1071 1064 1110 ted
1098 1072 1268 1119 auferat3
1786 1076 1842 1108 740

117 1143 153 1176 et
184 1138 361 1188 profecto
392 1149 433 1176 se
463 1137 683 1176 ablaturum
714 1132 831 1176 dixit?
867 1138 982 1189 plane
1014 1139 1235 1178 adscribito.

114 1204 252 1245 MNES.
297 1205 366 1244 Dic
387 1205 516 1244 modo.
564 1204 722 1245 CHRYS.
763 1200 907 1256 ‘Atque
939 1206 977 1244 id
1007 1206 1214 1257 pollicetur
1234 1219 1274 1246 se
1306 1206 1489 1246 daturum
1510 1219 1645 1245 aurum
1668 1206 1773 1251 mihi,

117 1274 219 1324 quod
252 1274 339 1312 dem
370 1273 509 1312 scortis
539 1272 722 1323 quodque
753 1273 791 1311 in
824 1273 954 1312 lustris
986 1274 1175 1313 comedim
1208 1286 1480 1325 congraecem,
1511 1280 1632 1325 pater.

116 1341 197 1387 sed,
230 1347 354 1392 pater,
382 1341 466 1379 vide
499 1343 547 1379 ne
579 1340 648 1378 tibi
681 1340 794 1379 hodie
825 1340 940 1379 verba
972 1342 1054 1379 det:
1089 1353 1231 1392 quaeso
1264 1337 1380 1380 cave.²

115 1407 173 1448 M.
190 1407 369 1459 Loquere
379 1420 511 1459 porro.
541 1407 585 1447 C.
606 1407 794 1446 Adscribe
810 1408 900 1447 dum
919 1408 1047 1447 etiam.
1078 1408 1134 1448 M.
1158 1409 1335 1459 Loquere
1353 1409 1442 1459 quid
1461 1409 1626 1448 scribam
1646 1410 1773 1448 modo.
1789 1412 1844 1443 745

116 1475 274 1515 CHRYS.
321 1470 427 1522 ‘Sed,
457 1481 579 1526 pater,
611 1474 716 1525 quod
745 1476 957 1526 promisisti
989 1476 1095 1522 mihi,
1127 1483 1164 1514 te
1195 1488 1340 1526 quaeso
1373 1482 1415 1514 ut
1444 1477 1682 1522 memineris,

119 1555 167 1581 ne
200 1542 307 1581 illum
337 1542 538 1590 verberes;
570 1554 701 1581 verum
733 1543 835 1594 apud
866 1549 902 1581 te
932 1544 1105 1582 vinctum
1138 1544 1336 1582 adservato
1373 1537 1500 1583 domi.³

117 1610 213 1649 cedo
243 1617 284 1649 tu
315 1622 442 1649 ceram
474 1622 518 1649 ac
548 1610 671 1649 linum
703 1616 888 1649 actutum.
920 1623 989 1662 age
1022 1611 1162 1662 obliga,
1194 1612 1358 1662 obsigna
1389 1612 1478 1651 cito.

116 1676 253 1718 MNEs.
305 1677 490 1725 Obsecro,
522 1677 615 1728 quid
645 1678 727 1717 istis
758 1679 803 1717 ad
835 1679 965 1718 istunc
996 1686 1106 1718 usust
1135 1680 1369 1730 conscriptis
1400 1679 1573 1727 modum,

116 1750 161 1784 ut
190 1745 258 1783 tibi
289 1757 340 1784 ne
371 1745 461 1796 quid
494 1746 626 1784 credat
656 1752 773 1797 atque
805 1753 847 1784 ut
878 1746 1049 1785 vinctum
1080 1753 1117 1785 te
1148 1746 1323 1786 adservet
1354 1745 1485 1785 domi?
1790 1749 1845 1780 750

117 1811 275 1852 CEOEYS.
325 1812 422 1858 Quia
455 1813 507 1852 mi
537 1813 587 1852 ita
619 1813 738 1852 lubet.
786 1814 896 1865 potin
928 1821 970 1852 ut
1001 1826 1115 1853 cures
1146 1821 1183 1853 te
1214 1822 1330 1865 atque
1353 1821 1466 1854 utne
1496 1827 1632 1866 parcas
1656 1813 1777 1853 milii?

118 1892 204 1919 mea
235 1880 373 1920 fiducia
405 1885 504 1932 opus
535 1881 705 1920 conduxi
735 1888 773 1920 et
803 1894 888 1920 meo
921 1882 1067 1934 periclo
1098 1894 1181 1921 rem
1212 1894 1319 1933 gero.

120 1988 292 2025 Gronovii
317 1991 413 2025 ratio
447 1991 583 2026 observ.
617 1992 702 2025 442.
736 1991 825 2026 ordo
856 1992 907 2026 sic
936 1992 1179 2027 restituendus
1203 1994 1288 2027 erit:
1313 1992 1400 2036 quid
1423 1992 1584 2037 parasti?
1621 1991 1663 2026 P.
1690 2002 1780 2036 quae

116 2046 240 2091 parari
263 2049 303 2081 tu
326 2046 482 2082 iussisti:
516 2057 571 2081 em
602 2047 721 2082 omnia
745 2057 836 2091 quae
859 2047 1096 2092 imperauisti.
1120 2048 1336 2093 imperatum
1354 2059 1382 2082 e.
1401 2059 1434 2093 q.
1451 2059 1480 2083 s.
1619 2052 1635 2082 7
1643 2051 1681 2082 27
1716 2059 1779 2092 pa-

118 2102 211 2138 rusti
236 2101 287 2136 B¹
423 2102 553 2146 paraui
578 2101 612 2135 B
621 2103 641 2145 ¹,
671 2113 803 2147 parare
827 2103 882 2144 I)‚·
913 2114 1045 2148 parare
1073 2107 1116 2138 tu
1148 2115 1204 2139 me
1228 2103 1446 2139 Rilsclzelzus
1577 2107 1640 2138 728
1657 2107 1697 2140 tu
1714 2106 1780 2139 has

120 2155 282 2193 Merula:
305 2160 387 2193 tuas
480 2160 544 2192 729
570 2158 649 2200 (te)
676 2159 903 2194 Camerarius
995 2163 1057 2195 730
1082 2160 1206 2196 Hteras
1301 2163 1363 2195 732
1388 2161 1551 2196 morbum
1574 2163 1610 2196 et
1633 2163 1783 2195 mortem

119 2213 155 2248 B
163 2225 177 2254 ;
201 2214 251 2259 cf.
277 2213 530 2249 Laclzmannus
553 2214 602 2248 acl
624 2214 732 2250 Lucr.
751 2216 802 2249 80
896 2217 959 2249 733
984 2226 1029 2251 ne
1052 2216 1257 2252 interturba.
1280 2215 1505 2251 Mnesilocho
1530 2216 1644 2258 codd„
1672 2215 1782 2262 Chry-

119 2269 196 2304 salo
215 2269 432 2304 Ritsclzelius
449 2269 574 2304 tribuit
665 2274 730 2305 734
747 2271 906 2306 asscribe
926 2271 996 2313 CD,
1014 2272 1097 2306 item
1118 2273 1193 2307 741.
1212 2273 1282 2307 745
1372 2272 1442 2308 cito
1460 2273 1530 2309 hoc
1554 2274 1625 2308 cito
1642 2273 1691 2307 B¹

122 2327 187 2359 736
211 2335 338 2360 aurum
361 2325 428 2361 tibi
452 2336 580 2361 aurum
604 2325 657 2360 Β1
758 2337 913 2362 noenum
939 2328 1000 2371 (cf.
1025 2327 1136 2373 qloss.
1162 2327 1299 2369 Plaut.)
1324 2328 1579 2364 Lachmannus
1602 2328 1651 2363 ad
1673 2328 1782 2363 Lucr.

119 2382 213 2423 150;
243 2381 534 2418 defraudauerim
567 2382 812 2423 Camerarius;
836 2383 959 2428 possis
982 2384 1124 2418 reddidi
1146 2384 1296 2428 (omne)
1434 2389 1450 2418 7
1458 2387 1499 2419 38
1523 2386 1604 2420 hem
1631 2384 1692 2420 CD

121 2438 396 2473 asscribnndum
420 2439 510 2475 scito
537 2439 610 2483 CD,
635 2438 910 2474 adscribendum
935 2439 1006 2475 cito
1033 2439 1068 2474 B
1178 2443 1216 2475 at
1241 2441 1384 2485 quidem
1407 2441 1528 2476 hercle
1552 2444 1607 2476 est
1631 2442 1677 2476 ad
1702 2452 1782 2486 per-

123 2493 282 2529 dundum
311 2495 424 2539 magis
454 2505 560 2539 quam
590 2495 637 2530 ad
669 2495 900 2530 scribundum
934 2496 1006 2530 cita
1031 2495 1279 2537 Camerarius,
1305 2495 1514 2537 Muellerus,
1539 2497 1782 2532 Hermunnus.

124 2551 233 2593 atque
256 2551 495 2586 concessivum
522 2557 640 2586 tenere
664 2552 778 2593 malo,
801 2551 893 2596 fort.
919 2554 1038 2596 atque,
1063 2551 1093 2586 si
1118 2554 1183 2596 est,
1208 2553 1328 2588 hercle
1352 2553 1398 2587 ad
1422 2553 1648 2597 perdundum
1671 2553 1783 2598 magis

125 2614 230 2648 quam
251 2606 300 2640 ad
323 2606 592 2642 scribundumst
615 2607 686 2643 cito
782 2610 845 2642 739
870 2607 1063 2652 proinntu
1088 2607 1123 2642 B
1238 2611 1302 2642 740
1335 2609 1580 2652 sicophantias
1606 2609 1782 2653 (sichoph.

127 2660 174 2702 B)
261 2664 300 2697 te
390 2666 454 2699 743
471 2663 622 2700 illustris
639 2664 700 2706 θ’,
719 2664 817 2699 Noni
831 2665 880 2698 83
896 2664 998 2699 codd.
1014 2664 1096 2708 fere
1188 2665 1361 2699 comedim
1378 2665 1409 2698 Β
1416 2665 1438 2706 ¹,
1455 2668 1608 2699 testatur
1625 2664 1785 2699 Nouius.-

126 2718 307 2752 comedam
397 2730 648 2765 congraecem:
673 2723 710 2756 et
726 2731 936 2765 congregem
953 2719 1056 2755 codd.
1079 2730 1276 2765 congreger
1292 2721 1434 2755 Nonius
1527 2723 1592 2755 744
1615 2722 1696 2756 vide
1713 2732 1782 2756 om.

127 2771 188 2807 C'D
279 2777 341 2808 745
355 2775 461 2811 etiam
476 2787 542 2810 om.
558 2776 630 2818 B¹,·
646 2776 868 2813 Mnesilocho
888 2776 1069 2818 tribuitur,
1087 2787 1178 2811 corr.
1194 2776 1350 2811 Botlcius
1440 2778 1544 2812 modo
1560 2788 1627 2811 om.
1644 2777 1694 2812 B¹

127 2829 191 2862 748
205 2829 274 2863 hac
288 2829 321 2863 B
412 2831 483 2866 cito
498 2843 564 2866 om.
576 2833 627 2867 B¹
719 2837 736 2867 7
742 2835 784 2867 49
798 2843 885 2868 usus
898 2836 954 2868 est
968 2832 1028 2868 CD
1098 2837 1115 2866 7
1121 2835 1162 2867 52
1178 2835 1213 2868 et
1225 2832 1291 2869 clel.
1306 2831 1532 2868 Fritzscliius
1622 2833 1784 2878 periculo
