1998 3179
110 90 155 117 tv
172 90 198 121 2,
210 89 312 117 38-55
381 101 385 104 -
791 81 1092 119 MENAECHMI
1685 78 1765 116 407

111 203 224 243 MAT.
282 201 394 242 Satis.
453 200 569 240 ΜΕΝ.
619 200 659 240 Si
697 199 866 251 sapiam,
907 198 1000 237 hinc
1038 196 1142 236 intro
1181 195 1336 241 abeam,
1375 193 1442 233 ubi
1471 193 1525 233 mi
1563 192 1666 232 bene
1705 196 1767 233 sit.

801 266 906 306 ΡΕΝ.
954 265 1090 304 Mane:
1122 263 1220 302 male
1251 262 1325 302 erit
1354 261 1497 313 potius.

110 383 222 424 MAT.
272 382 329 422 Ne
358 381 464 421 illam
495 386 646 421 ecastor
676 381 876 419 faenerato
906 376 1112 417 abstulisti.
1171 375 1276 416 ΡΕΝ.
1327 375 1392 414 Sic
1422 375 1549 414 datur.

108 450 221 491 MAT.
272 450 499 490 Clanculum
529 455 568 487 te
597 448 716 488 istaec
745 446 888 498 flagitia
919 446 1047 484 facere
1078 443 1267 483 censebas
1298 441 1429 495 potis?
1778 447 1835 480 605

107 517 224 558 ΜΕΝ.
241 517 340 564 Quid
357 517 448 556 illuc
465 523 534 565 est,
552 527 663 562 uxor,
680 512 842 566 negoti?
863 513 976 553 MAT.
994 512 1082 551 Men
1100 510 1242 562 rogas?
1258 511 1375 550 ΜΕΝ.
1393 510 1464 550 Vin
1481 511 1589 550 hunc
1605 507 1768 562 rogem?

107 585 220 626 MAT.
270 585 389 624 Aufer
425 584 519 623 binc
556 578 813 635 palpationes.
871 581 977 621 ΡΕΝ.
1028 579 1150 630 Perge
1190 586 1245 617 tu.
1305 579 1422 619 ΜΕΝ.
1472 577 1570 624 Quid
1601 584 1644 618 tu
1675 577 1767 617 mihi

105 652 226 691 tristis
256 651 326 691 es?
384 651 498 691 MAT.
548 651 603 690 Te
638 650 738 690 scire
776 654 945 701 oportet.
1003 647 1108 688 ΡΕΝ.
1140 646 1239 694 Scit,
1278 647 1346 686 sed
1387 645 1601 686 dissimulat
1629 645 1767 684 malus.

105 719 190 759 ME.
217 719 317 766 Quid
344 717 542 771 negotist?
571 718 658 758 MA.
685 717 827 757 Pallam
853 741 908 746 —
938 717 1024 758 ME.
1051 714 1220 756 Pallam?
1251 715 1338 755 MA.
1364 714 1530 760 Quidam
1555 712 1694 765 pallam
1713 735 1766 740 -

1066 786 1171 841 BEN.
1221 784 1323 831 Quid
1354 780 1498 835 paves?

104 854 221 894 ΜΕΝ.
270 854 332 894 Nil
362 854 543 906 equidem
574 867 708 906 paveo.
767 855 872 895 ΡΕΝ.
916 855 995 894 Nisi
1027 866 1172 893 unum:
1204 852 1306 905 palla
1336 851 1526 904 pallorem
1557 848 1709 888 incutit.
1779 851 1837 884 610

107 928 144 961 at
173 929 216 961 tu
247 934 297 961 ne
328 922 427 961 clam
458 935 520 961 me
550 935 746 962 comesses
776 922 996 974 prandium.
1058 934 1178 974 perge
1209 921 1249 961 in
1280 920 1420 960 virum.

103 989 219 1030 ΜΕΝ.
269 990 355 1029 Non
387 989 521 1030 taces?
579 990 683 1031 ΡΕΝ.
736 991 822 1030 Non
855 991 985 1030 hercle
1015 1003 1108 1030 vero
1139 998 1262 1030 taceo.
1323 994 1446 1035 nutat,
1478 999 1527 1026 ne
1558 986 1709 1038 loquar.

103 1057 220 1098 ΜΕΝ.
269 1058 356 1098 Non
389 1059 520 1098 herc-le
551 1071 623 1111 ego
655 1059 812 1111 quidem
843 1071 1008 1111 usquam
1039 1058 1246 1110 quicquam
1270 1063 1364 1097 nuto
1388 1068 1516 1107 neque
1547 1053 1652 1093 nicto
1683 1051 1767 1091 tibi.

105 1123 224 1176 [MA.
254 1126 310 1165 Ne
328 1138 400 1178 ego
415 1132 608 1166 mecastor
623 1127 765 1167 mulier
781 1127 931 1169 misera.
979 1127 1065 1168 ME.
1097 1127 1172 1173 Qui
1194 1132 1236 1166 tu
1252 1126 1392 1166 misera
1409 1123 1478 1165 es?
1509 1124 1562 1164 mi
1585 1120 1736 1174 expedi.
1761 1120 1764 1169 1

104 1193 208 1234 ΡΕΝ.
259 1194 364 1234 Nihil
392 1195 469 1234 hoc
499 1194 773 1241 confidentius,
806 1196 1002 1247 qui'quae
1033 1195 1138 1234 vides
1169 1207 1212 1234 ea
1244 1200 1444 1246 pernegat.
1778 1189 1836 1222 615

104 1262 220 1302 ΜΕΝ.
270 1262 347 1302 Per
376 1262 504 1302 Iovem
536 1263 709 1314 deosque
740 1264 867 1303 omnis
897 1264 1046 1311 adiuro,
1079 1275 1190 1309 uxor,
1221 1263 1337 1313 (satin
1371 1263 1444 1301 hoc
1476 1267 1534 1301 est
1562 1257 1680 1309 tibi?)

103 1341 164 1368 me
196 1329 259 1369 isti
292 1342 372 1369 non
406 1336 577 1370 nutasse.
636 1331 741 1371 ΡΕΝ.
791 1331 922 1371 Credit
953 1332 1028 1370 iam
1060 1331 1128 1370 tibi
1160 1331 1207 1370 de
1239 1330 1333 1370 isto:
1368 1329 1458 1369 illuc
1490 1328 1586 1368 redi.

102 1396 219 1437 ΜΕΝ.
269 1397 356 1444 Quo
387 1409 460 1448 ego
499 1397 685 1437 redeam?
744 1399 848 1440 ΡΕΝ.
899 1399 1091 1450 Equidem
1122 1399 1169 1438 ad
1208 1398 1467 1450 phrygionem
1500 1407 1657 1435 censeo.
1718 1393 1765 1439 ei,

1206 1465 1345 1517 pallam
1377 1465 1495 1503 refer.

99 1532 216 1573 ΜΕΝ.
267 1532 374 1578 Quae
407 1534 525 1573 istaec
556 1533 655 1585 palla
688 1532 774 1573 est?
832 1535 936 1575 ΡΕΝ.
982 1534 1109 1574 Taceo
1141 1533 1228 1580 iam,
1261 1533 1418 1584 quando
1442 1532 1537 1571 baec
1568 1542 1651 1570 rem
1684 1541 1765 1568 non

86 1605 105 1642 ‚Q
1163 1601 1339 1640 meminit
1371 1612 1494 1640 suam.

925 1672 946 1695 *

214 1781 279 1815 603
304 1780 456 1815 habeam
489 1778 604 1816 B¹CD
725 1783 791 1815 604
806 1790 858 1826 sq.
889 1780 925 1814 in
958 1779 1027 1815 lzac
1056 1790 1188 1815 scaena
1218 1790 1293 1815 non
1322 1778 1424 1815 video
1458 1777 1547 1824 quid
1578 1787 1651 1812 non
1681 1781 1766 1823 apte

97 1836 192 1872 inter
215 1846 254 1871 se
277 1839 313 1871 et
329 1835 513 1882 eleqanter
534 1836 710 1882 scriptum
733 1837 792 1880 sit,
816 1836 887 1871 nisi
903 1836 1002 1882 quod
1020 1848 1049 1872 v.
1070 1837 1138 1871 614
1154 1846 1351 1872 sermonem
1368 1834 1612 1879 interrumpit,
1636 1845 1668 1869 v.
1689 1833 1765 1868 620

98 1903 177 1927 cum
202 1891 503 1938 praecedentibus
534 1902 606 1927 non
638 1893 729 1927 satis
761 1890 946 1935 cohaeret,
976 1903 1005 1928 v.
1029 1893 1102 1928 645
1134 1892 1227 1927 male
1255 1892 1488 1938 praecipitur
1521 1891 1648 1932 (639‘1)
1686 1890 1763 1925 loco

91 1953 287 1995 praeterea
323 1959 395 1983 non
431 1948 593 1994 inteqro,
628 1958 659 1983 v.
687 1949 769 1982 655.
799 1949 902 1991 (656)
937 1948 1030 1984 male
1065 1949 1197 1995 repetit
1232 1947 1483 1983 iusiurandum
1519 1957 1644 1982 versus
1683 1948 1763 1982 616.

97 2004 275 2040 nonnulla
292 2004 391 2050 quod
404 2004 514 2039 simili
528 2004 635 2039 modo
652 2004 844 2046 iterantur,
860 2015 1014 2039 scaenae
1029 2005 1157 2051 qeneri
1171 2004 1336 2040 convenit
1428 2005 1494 2037 604
1517 2005 1697 2039 mecastor

97 2067 176 2098 arte
200 2061 289 2096 baec
306 2060 414 2096 verba
430 2060 666 2107 applicantur
682 2061 731 2096 ad
746 2071 776 2096 v.
798 2062 887 2096 601⁰
904 2073 947 2097 ea
964 2061 1007 2096 cle
1024 2071 1136 2096 causa
1150 2061 1337 2106 prolatum
1429 2060 1482 2095 sic
1498 2060 1606 2095 datur
1622 2058 1765 2094 mulieri

97 2118 350 2158 continuatur,
382 2128 477 2152 corr.
511 2116 700 2153 Gruterus.
745 2118 935 2164 parasitus
958 2119 1118 2164 primum
1150 2119 1321 2164 impetum
1352 2116 1479 2152 laudat
1593 2118 1658 2151 605
1683 2118 1762 2151 ten·

96 2173 201 2209 sebas
235 2173 310 2209 CD¹
425 2177 587 2218 potesse,
618 2184 714 2209 corr.
744 2173 1032 2215 Linde-mannus,
1063 2173 1113 2218 cf.
1144 2173 1252 2220 Epid.
1277 2175 1359 2209 227
1470 2176 1535 2208 606
1555 2169 1675 2207 ‘illam
1699 2172 1763 2208 ab·

97 2227 249 2266 stulisti‘
274 2229 364 2275 quid
378 2229 447 2265 sibi
463 2230 546 2265 velit
563 2230 669 2276 quasi
686 2230 826 2265 nescius
844 2230 999 2276 quaerit,
1018 2229 1176 2266 blandiri
1200 2230 1328 2277 incipit
1353 2230 1483 2276 culpae
1499 2229 1676 2271 conscius,
1701 2229 1766 2264 sed

95 2286 140 2321 de
155 2285 276 2332 palla,
301 2297 411 2331 quam
427 2285 499 2320 iam
518 2297 588 2321 non
613 2296 731 2321 secum
749 2287 855 2332 qerit.
879 2297 1028 2322 securus
1120 2289 1184 2320 607
1209 2286 1304 2322 aufir
1322 2285 1398 2321 CD¹
1490 2286 1531 2320 P.
1550 2285 1764 2332 Lanqenus:

95 2353 163 2377 om.
257 2345 322 2377 608
347 2342 414 2377 tris
438 2352 477 2378 es
505 2341 582 2383 CD,
607 2353 675 2377 om.
700 2344 744 2379 13¹
838 2343 886 2378 sit.
910 2353 949 2378 se
1041 2345 1105 2378 609
1131 2344 1262 2389 repetit
1285 2343 1540 2388 quaestionem,
1565 2342 1635 2377 iam
1660 2341 1765 2377 audit

95 2398 139 2433 de
165 2397 269 2445 palla
302 2399 485 2434 midierem
522 2400 740 2446 comperisse
875 2404 960 2445 post
991 2399 1148 2444 negotist
1178 2399 1299 2434 omnia
1329 2398 1509 2439 mulieris,
1539 2407 1634 2432 corr.
1671 2398 1762 2432 Gru-

97 2462 195 2491 terus
301 2458 367 2490 610
391 2466 510 2500 paueo
535 2455 608 2490 B2:
631 2457 740 2501 paulo
833 2456 873 2491 P.
903 2455 1162 2491 Boxlzornius:
1186 2467 1254 2490 om.
1261 2468 1276 2497 ;
1297 2454 1478 2502 pallorem
1501 2458 1677 2489 monstrat
1702 2454 1766 2499 qui

95 2512 226 2557 aspicit
250 2511 365 2547 virum
459 2514 521 2547 611
548 2522 595 2546 ne
619 2512 712 2548 clam
738 2512 805 2547 B2:
836 2522 904 2547 nec
928 2512 1001 2547 iam
1028 2511 1126 2554 3¹0,
1150 2512 1306 2547 nectiam
1331 2510 1365 2545 I)
1457 2512 1523 2545 612
1547 2510 1655 2554 ercle,
1679 2509 1761 2545 item

98 2569 167 2603 613
260 2571 326 2603 614
350 2567 408 2602 liic
427 2573 527 2604 stare
543 2579 616 2603 non
638 2579 747 2613 posse
770 2568 859 2603 vidit
875 2567 1119 2614 Ladenviqius,
1141 2573 1226 2613 post
1242 2579 1272 2603 v.
1293 2568 1361 2602 619
1372 2566 1617 2613 probabiliter
1635 2567 1764 2612 posuit

96 2622 338 2671 Kiesslinqius
453 2627 598 2669 egastor
623 2624 684 2659 CD
798 2624 885 2669 quid
909 2623 1063 2665 Parcus,
1088 2624 1152 2660 secl
1173 2625 1379 2669 interr-oyat
1403 2633 1475 2669 quo
1500 2621 1606 2657 modo
1630 2621 1762 2658 misera

93 2680 153 2724 sit,
176 2691 250 2716 non
273 2691 340 2715 cur
430 2680 562 2716 misera
586 2691 625 2716 es
646 2681 710 2717 B2:
733 2680 880 2715 miseres
996 2683 1062 2716 615
1087 2680 1149 2725 qui
1172 2690 1264 2725 quae
1289 2679 1364 2714 132:
1388 2679 1555 2725 quinque,
1579 2679 1601 2713 i.
1620 2689 1650 2714 e.
1676 2679 1764 2723 quin

97 2746 192 2780 quae
292 2739 354 2771 617
380 2737 451 2771 mei
475 2736 506 2771 si
529 2747 603 2772 non
620 2735 667 2778 B,
691 2736 795 2771 meisi
818 2735 904 2771 inon
924 2735 984 2771 CD
1067 2735 1106 2770 P.
1127 2736 1373 2771 Camerarius:
1397 2746 1464 2771 om.
1549 2734 1642 2778 istis,
1666 2746 1762 2771 corr.

97 2791 257 2827 Botliius
348 2792 446 2827 credi
471 2791 506 2826 B
613 2794 678 2827 618
704 2802 769 2837 ego
793 2792 939 2827 redeam
965 2792 1041 2826 B2:
1066 2792 1254 2837 egredeam
1344 2791 1583 2837 phyygionem
1607 2790 1676 2826 BC

93 2848 146 2892 cf.
171 2847 221 2883 ad
244 2847 325 2883 Aul.
355 2848 430 2882 603
522 2850 575 2891 et,
600 2858 695 2883 corr.
728 2849 903 2883 Gruterus
1018 2850 1082 2882 619
1113 2849 1239 2882 iterum
1265 2846 1373 2894 palla
1402 2851 1598 2882 memorata
1631 2847 1761 2883 iterum
