2018 3183
223 110 304 148 242
968 104 1147 139 PLAVTI
1697 99 1766 133 116,
1785 98 1888 127 22—45

223 227 322 266 LYs.
373 225 471 264 Tum
503 223 622 275 igitur
652 234 724 273 ego
755 221 871 260 sortis
901 220 1098 270 utrimque
1130 233 1152 256 *
1185 218 1272 256 iam.
1332 216 1507 256 CLEOST.
1557 215 1653 261 Quis
1684 211 1813 253 votat?

223 294 323 333 LYs.
376 292 574 343 Optimum
606 296 721 340 atque
752 288 1029 339 aequissimum
1061 286 1161 325 istud
1194 298 1278 324 esse
1307 285 1392 323 iure
1423 283 1565 322 iudico.
1904 286 1960 319 375

225 366 437 412 postremo,
467 355 548 412 (si)
577 357 669 396 illuc
700 357 803 407 quod
835 355 1014 395 volumus
1045 353 1209 400 eveniet,
1240 351 1515 403 gaudebimus3

227 428 287 467 sin
320 438 445 473 secus,
477 425 670 477 patiemur
701 424 840 463 animis
871 423 1018 473 aequis.
1078 428 1170 461 tene
1199 426 1345 460 sortem
1376 419 1459 458 tibi.

226 495 310 533 vide
321 494 411 544 quid
421 492 687 544 scriptumest.
698 490 976 531 O.Vnum.C1-1.
986 489 1166 540 Iniquom
1175 495 1246 535 est,
1256 488 1344 539 quia
1355 486 1531 538 istiprius
1548 498 1663 537 quam
1675 484 1767 524 mihi
1777 483 1893 522 dedit.

226 562 326 602 LYs.
359 561 503 612 Accipe
523 560 627 599 hanc
647 560 711 599 sis.
759 559 893 599 CHAL.
925 557 1041 597 Cedo.
1066 569 1193 602 mane,
1226 568 1348 595 unum
1375 554 1479 593 venit
1500 554 1537 592 in
1561 559 1732 592 mentem
1757 550 1893 595 mode:

227 630 314 669 vide
346 643 395 669 ne
427 640 527 680 quae
557 628 635 667 illic
667 628 760 667 insit
790 628 861 665 alia
893 626 1011 665 sortis
1041 625 1114 664 sub
1146 636 1257 675 aqua.
1316 623 1416 663 LYS.
1466 621 1653 664 Verbero,
1908 623 1965 657 380

231 709 319 736 men
353 703 391 735 te
422 708 560 736 censes
591 694 702 735 esse?
754 695 929 735 CLEOST.
980 692 1091 732 Nulla
1123 698 1193 731 est.
1226 690 1325 730 liabe
1357 690 1532 741 quietum
1563 689 1735 728 animum
1766 685 1897 725 modo.

230 765 365 805 CHAL.
412 763 523 810 Quod
556 764 704 802 honum
736 768 853 814 atque
884 764 1125 800 fortunatum
1156 760 1205 799 sit
1234 759 1326 798 mihi
1350 782 1402 787 —
1424 758 1499 798 ΟΒ.
1541 757 1722 808 Magnum
1755 754 1898 793 malum

232 833 303 871 tibi
334 832 490 883 quidem
526 831 662 883 edepol
696 831 813 870 credo
847 830 1019 877 eveniet;
1052 829 1141 867 novi
1171 827 1354 879 pietatem
1385 832 1502 864 tuam.

232 899 301 939 sed
333 912 447 938 mane
479 899 592 938 dum:
626 910 718 937 num
753 898 822 937 ista
854 903 919 935 aut
949 895 1123 948 populna
1154 908 1239 934 sors
1268 900 1335 933 aut
1365 893 1567 944 abiegnast
1598 889 1690 930 tua?

233 966 367 1007 CHAL.
400 966 502 1012 Quid
524 973 566 1005 tu
587 966 623 1005 id
646 964 790 1005 curas?
831 965 906 1005 OL.
939 964 1038 1009 Quia
1059 963 1164 1002 enim
1186 968 1330 1007 metuo,
1357 964 1405 1000 ne
1427 961 1466 999 in
1488 972 1588 1011 aqua
1609 970 1757 998 summa
1782 963 1898 996 natet.
1915 960 1971 995 385

233 1035 332 1075 LYs.
358 1035 508 1086 ÷Auge
540 1047 641 1073 cave.
702 1033 871 1072 conicite
901 1038 1027 1070 sortes
1059 1031 1240 1070 nunciam
1272 1029 1387 1068 ambo
1418 1029 1508 1067 huc.
1569 1038 1716 1067 eccere.

235 1115 346 1150 uxor,
378 1115 513 1153 aequa.
565 1102 639 1142 01..
681 1101 767 1140 Noli
799 1100 910 1139 uxori
942 1099 1113 1138 credere.
1163 1098 1263 1137 LYs.
1300 1096 1406 1135 Habe
1438 1096 1609 1135 animum
1642 1094 1804 1134 honum.

236 1171 311 1210 Ox..
364 1170 486 1209 Credo
518 1169 662 1217 hercle,
694 1168 808 1207 hodie
839 1167 1035 1206 devotabit
1065 1166 1179 1205 sortis
1209 1165 1240 1204 si
1271 1164 1453 1215 attigerit.
1513 1163 1612 1203 LYs.
1663 1162 1777 1201 Tace.

237 1238 312 1278 OL.
330 1238 470 1276 Taceo.
489 1238 582 1276 deos
600 1249 744 1287 quaeso
762 1258 814 1264 -
832 1235 966 1275 CHAL.
990 1234 1036 1272 Vt
1053 1233 1208 1285 quidem
1228 1239 1267 1271 tu
1287 1232 1401 1271 hodie
1419 1243 1553 1270 canem
1572 1237 1610 1269 et
1625 1231 1774 1269 furcam
1793 1230 1905 1268 seras.

238 1305 313 1346 OL.
345 1305 438 1344 Mihi
470 1311 514 1344 ut
536 1305 673 1344 sortito
698 1303 849 1342 eveniat
873 1325 918 1330 -
945 1302 1079 1342 CHAL.
1113 1301 1159 1340 Vt
1181 1301 1336 1352 quidem
1359 1299 1492 1338 hercle
1522 1297 1689 1350 pedibus
1719 1297 1904 1350 pendeas.
1919 1299 1975 1333 390

240 1374 314 1413 Ox..
366 1375 414 1411 At
443 1379 485 1411 tu
516 1378 559 1412 ut
589 1371 726 1411 oculos
757 1382 970 1421 emungare
1001 1382 1047 1408 ex
1079 1369 1204 1420 capite
1236 1380 1306 1420 per
1338 1379 1475 1406 nasum
1506 1372 1608 1406 tuos.

240 1441 375 1481 CHAL.
426 1439 528 1486 Quid
559 1437 703 1478 times?
734 1444 912 1490 paratum
945 1443 1100 1489 oportet
1130 1449 1213 1475 esse
1245 1436 1317 1474 iam
1350 1435 1531 1486 laqueum
1563 1433 1646 1473 tibi.

242 1509 317 1548 OL.
341 1508 506 1547 Periisti.
537 1507 584 1547 L.
607 1507 789 1545 Animum
808 1506 994 1545 advortite
1011 1504 1138 1543 ambo.
1171 1504 1219 1544 O.
1241 1503 1380 1541 Taceo.
1412 1502 1459 1542 L.
1478 1502 1591 1541 Nunc
1607 1507 1662 1548 tu,
1681 1500 1906 1546 Cleostrata,

244 1590 293 1615 ne
325 1590 345 1615 a
377 1589 439 1614 me
471 1588 663 1614 memores
693 1574 882 1613 malitiose
914 1573 960 1612 de
993 1574 1062 1611 hac
1094 1585 1136 1610 re
1168 1573 1310 1610 sactum
1344 1576 1409 1609 aut
1438 1569 1626 1621 smpices,

244 1645 313 1684 tibi
344 1644 547 1695 permitto:
580 1648 663 1681 tute
694 1642 801 1681 sorti.
861 1642 935 1681 01..
988 1640 1120 1679 Perdis
1151 1652 1224 1678 me.
1285 1638 1418 1678 CHAL.
1469 1638 1642 1676 Lucrum
1675 1637 1776 1675 lacit.
1921 1638 1977 1671 395

244 1713 420 1753 CLEos'r.
452 1712 559 1751 Bene
580 1711 685 1750 facis.
717 1710 851 1750 CHAL.
884 1710 985 1748 Deos
1007 1721 1150 1759 quaeso
1172 1731 1227 1735 —
1249 1714 1291 1746 ut
1312 1714 1375 1745 tua
1399 1718 1484 1745 sors
1505 1718 1550 1744 ex
1572 1704 1694 1744 sitella
1716 1702 1909 1754 effugerit.

246 1781 321 1821 OL.
367 1781 441 1819 Ain
474 1777 545 1819 tu?
577 1779 667 1830 quia
697 1783 779 1816 tute
810 1791 850 1816 es
883 1777 1075 1828 fugitivos,
1108 1787 1245 1814 omnes
1276 1781 1312 1813 te
1343 1774 1482 1813 imitari
1513 1771 1652 1824 cupis?

360 1916 428 1948 374
451 1913 550 1948 deest
567 1911 710 1948 verbum
735 1911 843 1957 quale
860 1910 1020 1945 diuidam
1114 1912 1179 1943 376
1198 1919 1265 1943 om.
1285 1907 1376 1942 B¹V
1379 1907 1414 1942 E
1501 1907 1570 1951 (si)
1597 1906 1825 1942 Camerarius

249 1974 313 2007 378
337 1973 393 2006 est
417 1981 486 2005 om.
511 1968 605 2004 B¹V
606 1967 642 2002 Ε
730 1967 781 2002 ini
807 1978 915 2012 quum
939 1970 1001 2008 (ex
1026 1971 1119 2008 cum)
1144 1968 1199 2000 est
1221 1965 1262 2006 Β,
1287 1964 1405 1999 inicus
1429 1966 1484 1999 est
1511 1962 1542 1998 V
1544 1962 1587 2006 E,
1610 1963 1702 2008 fort.
1727 1966 1823 1997 recte

249 2027 348 2064 dedit
364 2026 425 2062 L..·
448 2029 504 2062 est
594 2027 658 2059 380
685 2035 774 2068 quae
795 2023 1005 2058 Priscianus
1022 2024 1053 2063 1,
1068 2024 1163 2057 320:
1187 2032 1259 2066 qua.
1349 2021 1436 2056 insit
1453 2020 1516 2061 B‘2,
1542 2018 1774 2054 Priscianus:
1798 2018 1846 2053 sit
1863 2017 1914 2052 B·

248 2090 289 2119 nc
312 2083 395 2126 via,
422 2082 456 2116 E
477 2081 553 2121 (sed
575 2092 624 2116 eac
649 2074 718 2124 sii),
745 2081 818 2115 sint
847 2079 881 2116 V
969 2081 1077 2114 sortis
1103 2083 1255 2113 testatur
1281 2077 1511 2112 Priscianus:
1534 2076 1627 2111 soris
1656 2075 1687 2109 Β
1712 2078 1795 2110 ante
1819 2084 1913 2109 corr.

251 2145 289 2175 ut
312 2139 394 2181 vicl„
429 2138 505 2178 VE,
531 2149 609 2173 sors
637 2138 686 2172 Β2
779 2139 838 2171 381
870 2146 988 2171 cesses
1015 2135 1084 2169 VIA
1105 2138 1243 2176 (censes
1269 2134 1305 2169 in
1330 2144 1402 2168 ras.
1422 2132 1469 2172 B)
1561 2132 1661 2167 nulla
1685 2142 1752 2166 om.
1775 2129 1825 2165 B¹

251 2197 410 2242 quietum
429 2194 497 2229 B2:
520 2205 612 2239 quae
629 2196 705 2228 tum
799 2195 864 2227 382
883 2193 948 2228 CH.
968 2192 1172 2227 Acidale‘as:
1199 2191 1264 2226 01..
1359 2190 1458 2234 quid,
1483 2200 1577 2224 corr.
1599 2187 1826 2224 Camerarius

192 2250 197 2259 ”
252 2254 477 2288 fortunatum
494 2254 596 2287 tuum
613 2250 670 2294 sit,
695 2261 786 2285 corr.
808 2248 956 2283 Gnietns
1048 2246 1132 2282 OL.:
1152 2247 1240 2282 Cn..
1335 2249 1399 2282 383
1418 2246 1481 2281 On.
1498 2255 1637 2292 praem.
1731 2245 1795 2278 384
1812 2252 1916 2277 mane

252 2309 467 2344 Priscianus
490 2309 521 2349 1,
549 2308 594 2342 76
617 2309 746 2349 (mane,
771 2309 902 2349 manet,
927 2316 1031 2340 mone
1054 2305 1192 2342 codd.).·
1216 2315 1261 2339 ne
1364 2303 1476 2337 istaec
1504 2301 1716 2336 Priscianus
1818 2299 1916 2334 abie-

252 2371 359 2411 gnast
376 2365 438 2407 B2,
456 2364 688 2399 Priscianus.-
706 2363 876 2407 abiegnas
893 2369 981 2400 (-am
1000 2360 1045 2403 Ε)
1132 2362 1198 2395 386
1216 2370 1328 2403 aeuge
1346 2363 1448 2402 (euge
1466 2362 1495 2399 ς)
1516 2358 1576 2399 13²,
1593 2367 1707 2401 nugas
1727 2355 1919 2391 Rielzterus

255 2423 414 2458 Sladem.
438 2422 533 2456 stud.
558 2421 591 2460 1,
618 2421 713 2460 525;
737 2430 825 2462 euge
850 2421 930 2453 cate
955 2417 1165 2456 Acidalia&-
1188 2417 1276 2461 [ονε.
1303 2418 1401 2450 recte
1426 2415 1536 2449 habet
1628 2413 1735 2448 sortis
1764 2411 1832 2447 ΥΕ

255 2480 396 2521 amabo,
413 2489 506 2514 corr.
525 2476 614 2511 Pius
659 2486 784 2511 eccere
802 2476 914 2510 servis
931 2474 1030 2509 <ledit
1045 2473 1246 2508 Sclzoeslius
1263 2477 1369 2517 (spat.
1385 2471 1431 2513 B)
1502 2473 1567 2505 388
1586 2469 1773 2504 denotabit
1787 2467 1921 2503 Lond..·

257 2535 406 2570 deuobit
430 2534 467 2579 (ἱ.
486 2545 514 2568 e.
534 2532 768 2574 deuouebit‘B)
837 2532 945 2566 hodie
962 2531 1010 2564 ad
1024 2530 1185 2573 attigerit
1277 2532 1343 2563 389
1361 2531 1402 2563 ut
1423 2527 1489 2561 B2:
1513 2530 1577 2562 aut
1593 2529 1634 2561 tu
1657 2526 1749 2570 fort.
1769 2525 1829 2567 B¹‚
1854 2527 1918 2560 aut

268 2590 334 2625 VE
401 2591 509 2626 hodie
527 2593 568 2626 tu
582 2589 779 2625 Muellerus
850 2591 912 2622 390
929 2587 1070 2623 sortitio
1085 2586 1172 2628 (-cio
1187 2596 1235 2620 cm
1249 2588 1328 2620 -tuo
1343 2589 1382 2619 uc
1394 2584 1462 2619 vid.
1478 2583 1537 2625 B),
1551 2594 1645 2618 corr.
1660 2581 1877 2627 Spenqelius

260 2648 324 2684 Cn.
351 2647 554 2682 Aeiclale'us:
579 2658 645 2681 om.
740 2648 798 2679 391
830 2645 893 2680 01..
920 2657 956 2681 ς.·
983 2644 1009 2678 C
1103 2642 1249 2677 occulos
1278 2642 1309 2676 Β
1402 2644 1466 2675 392
1493 2640 1558 2675 Cn.
1585 2638 1764 2674 Botlcz'ns:
1788 2648 1855 2672 om.

260 2705 347 2750 quid
358 2704 486 2740 times?
504 2704 554 2748 ef.
572 2703 697 2738 Pseud.
717 2704 785 2737 710
799 2706 889 2737 etne
902 2711 996 2746 pave
1011 2699 1088 2735 Mil.
1106 2700 1180 2734 894
1250 2700 1313 2732 393
1331 2697 1459 2742 peristi
1517 2697 1658 2740 amabo,
1675 2705 1771 2730 corr.
1787 2692 1878 2728 Pius

263 2764 327 2795 394
353 2760 537 2805 suspicere
566 2760 626 2800 3²,
652 2759 835 2803 suscipere
860 2758 894 2792 B
903 2761 908 2778 ¹
936 2762 975 2793 ut
999 2757 1080 2799 vicl„
1114 2755 1144 2790 V
1146 2755 1192 2798 E,
1216 2765 1310 2789 corr.
1328 2753 1487 2800 Pylades
1579 2755 1644 2788 395
1669 2752 1811 2786 lucrum
1835 2749 1924 2785 facit

261 2818 336 2852 scil.
358 2815 459 2863 ‘quia
484 2822 521 2853 tu
546 2816 652 2852 nz'leili
674 2813 725 2851 es’
755 2815 971 2856 Lambinzcs,·
996 2813 1102 2859 qzcccse'
1119 2823 1191 2848 una
1209 2822 1303 2858 pars
1321 2810 1499 2846 orationis
1515 2814 1568 2845 est
1660 2811 1725 2843 396
1750 2807 1825 2842 fors
1846 2805 1880 2841 B

265 2876 327 2908 397
353 2873 488 2908 unitari
521 2873 590 2908 VE

2016 2596 2018 2651 ἓ

2014 2661 2018 2748 l

2012 2765 2018 2837 ξ

2010 2846 2018 3052 Ξ
