1998 3179
91 78 107 106 I
125 80 152 113 1,
165 79 268 108 28—50
812 74 1037 111 EPIDICVS
1669 75 1749 113 345

92 194 138 234 T.
168 192 238 232 Pol
258 192 319 231 illa
341 192 387 231 ad
409 191 532 231 hostis
552 191 863 242 transfugerunt.
912 190 961 231 Ε.
992 188 1190 230 Armane?
1238 189 1283 231 T.
1314 191 1440 241 Atque
1461 190 1640 242 equidem
1662 191 1751 230 cito.
1781 196 1819 229 30

349 260 425 299 ΕΡ.
476 258 640 299 serione
671 258 767 298 dicis
796 256 868 298 tu?

349 327 428 367 ΤΗ.
478 326 602 374 Serio,
632 327 814 377 inquam:
846 326 976 365 hostes
1006 325 1165 364 habent.
1782 331 1818 363 31

91 395 167 436 ΕΡ.
216 385 366 446 Edepol
396 394 548 434 facinus
577 393 815 446 improbum.
873 393 952 433 ΤΗ.
1001 394 1050 432 At
1079 393 1153 432 iam
1185 398 1276 433 ante
1305 393 1368 432 alii
1398 393 1579 433 fecerunt
1606 393 1722 434 idem.

94 462 168 501 erit
196 461 250 501 illi
280 462 342 501 illa
373 474 436 502 res
466 462 621 501 honori.
679 461 755 503 ΕΡ.
803 459 909 507 Qui?
967 461 1045 501 ΤΗ.
1095 460 1195 506 Quia
1225 466 1315 499 ante
1345 461 1428 500 aliis
1460 461 1544 501 fuit.

88 529 292 578 Mulciber,
322 530 452 578 credo,
483 542 589 569 arma
619 530 711 568 fecit
741 531 838 579 quae
869 528 1005 568 habuit
1033 528 1332 580 Stratippocles:

87 597 376 637 travolaverunt
405 598 453 637 ad
482 597 619 637 hostis.
677 597 752 637 ΕΡ.
802 596 904 635 Tum
935 596 998 635 ille
1028 602 1245 647 prognatus
1276 596 1388 635 Theti
1779 604 1815 636 35

90 665 175 705 sine
206 666 365 717 perdat:
397 665 468 704 alia
499 663 766 717 apportabunt
796 665 831 703 ei
861 664 977 703 Nerei
1006 664 1119 702 filiae.

88 732 127 772 id
157 732 273 772 modo
303 733 511 772 videndum
543 739 614 781 est,
646 738 690 772 ut
721 732 901 772 materies
931 738 1116 783 suppetat
1145 731 1335 779 scutariis,

89 800 121 840 si
151 801 193 840 in
226 801 391 853 singulis
421 800 624 852 stipendiis
655 800 687 839 is
718 800 765 839 ad
795 800 919 839 hostis
950 799 1106 839 exuvias
1136 798 1252 838 dabit.

86 868 165 908 ΤΗ.
196 869 417 921 Supersede
437 869 521 908 istis
540 868 660 907 rebus
688 868 777 907 iam.
835 868 911 909 ΕΡ.
953 868 1012 906 Tu
1033 867 1128 919 ipse,
1158 867 1226 906 ubi
1247 867 1367 915 lubet,
1399 868 1518 907 finem
1540 867 1635 906 face.

87 937 166 977 ΤΗ.
216 936 366 976 Desiste
386 937 668 989 percontarier.
727 936 803 977 ΕΡ.
854 937 1034 987 Loquere
1065 936 1166 988 ipse:
1198 935 1304 975 ubist
1324 933 1636 987 Stratippocles?
1778 942 1817 974 40

84 1004 163 1045 ΤΗ.
193 1003 390 1044 Estcausa
402 1017 476 1056 qua
488 1017 603 1044 causa
619 1004 1150 1044 simulmecumireveritust.
1179 1003 1255 1045 ΕΡ.
1286 1003 1480 1050 Quidnam
1497 1003 1534 1042 id
1551 1001 1636 1043 est?

86 1072 164 1112 ΤΗ.
213 1072 367 1112 Patrem
388 1072 518 1111 videre
541 1085 583 1112 se
604 1072 736 1111 nevolt
757 1073 870 1111 etiam
893 1085 1012 1112 nunc.
1070 1072 1146 1112 ΕΡ.
1178 1069 1458 1123 Quapropter?
1516 1071 1594 1112 ΤΗ.
1627 1071 1746 1111 Scies.

89 1140 179 1190 quia
210 1141 333 1179 forma
364 1140 490 1191 lepida
522 1146 561 1179 et
590 1140 741 1179 liberali
773 1140 962 1192 captivam
993 1139 1323 1179 adulescentulam

86 1207 286 1259 depraeda
298 1214 520 1247 mercatust.
551 1208 626 1248 ΕΡ.
658 1207 756 1254 Quid
768 1219 840 1259 ego
853 1220 897 1247 ex
909 1213 947 1246 te
963 1205 1108 1246 audio?
1138 1207 1218 1248 ΤΗ.
1248 1207 1334 1246 Hoc
1348 1207 1453 1258 quod
1470 1206 1635 1245 fabulor.

83 1274 158 1315 ΕΡ.
199 1274 278 1315 Cur
299 1288 382 1315 eam
406 1274 524 1315 emit?
564 1276 642 1317 ΤΗ.
663 1276 793 1314 Animi
816 1288 942 1315 causa.
982 1276 1058 1316 ΕΡ.
1089 1275 1194 1321 Quot
1210 1275 1288 1314 illic
1304 1275 1421 1314 homo
1439 1274 1590 1314 animos
1606 1273 1749 1314 habet?
1778 1281 1815 1313 45

358 1355 446 1382 nam
479 1346 599 1390 cesto,
631 1344 742 1395 prius
774 1356 891 1394 quam
921 1343 1015 1382 hinc
1045 1343 1093 1382 ad
1123 1343 1318 1394 legionem
1350 1342 1445 1382 abiit
1476 1342 1603 1390 domo,
1667 1347 1671 1350 ”

355 1411 463 1462 ipsus
493 1411 688 1450 mandavit
717 1412 781 1460 mi,
812 1411 861 1451 ab
892 1411 1037 1451 lenone
1068 1418 1112 1450 ut
1140 1411 1312 1458 fidicina,

86 1489 203 1528 quam
232 1478 396 1526 amabat,
427 1481 624 1518 emerett'n‘
653 1479 740 1518 sibi.
798 1479 836 1519 id
869 1479 902 1518 ei
934 1482 1186 1530 impetratum
1218 1478 1380 1517 reddidi,

82 1545 160 1586 ΤΗ.
210 1546 430 1597 Vtcumque
460 1547 499 1585 in
532 1547 608 1586 alto
639 1553 808 1594 ventust‚
840 1547 1013 1598 Epidice‚
1045 1547 1147 1586 exim
1177 1547 1304 1585 velum
1336 1546 1514 1585 vortitur.

81 1612 156 1653 ΕΡ.
205 1613 282 1653 Vae
304 1614 445 1653 misero
468 1615 574 1661 mihi,
606 1615 706 1654 male
726 1615 896 1666 perdidit
917 1627 992 1654 me.
1051 1615 1129 1655 ΤΗ.
1181 1615 1282 1660 Quid
1305 1612 1434 1654 istuc?
1455 1613 1640 1665 quidnam
1663 1612 1746 1653 est‘?
1776 1620 1813 1652 50

79 1680 154 1720 ΕΡ.
205 1680 307 1726 Quid
337 1682 462 1721 istanc
493 1695 609 1733 quam
640 1683 744 1729 emit,
776 1683 912 1733 quanti
943 1695 1026 1722 eam
1058 1681 1179 1721 emit?
1237 1683 1316 1723 ΤΗ.
1359 1682 1440 1721 Vili.
1501 1682 1575 1722 ΕΡ.
1633 1681 1743 1720 Haud

1110 1751 1208 1789 istuc
1238 1756 1276 1788 te
1305 1762 1415 1801 rogo.

192 1816 270 1857 ΤΗ.
311 1817 411 1863 Quid
435 1816 581 1869 igitur?
640 1818 715 1858 ΕΡ.
751 1818 855 1864 Quot
874 1818 1018 1857 minis?
1106 1819 1184 1859 ΤΗ.
1221 1818 1315 1857 Tot:
1340 1818 1593 1869 quadraginta
1616 1817 1742 1856 minis.

189 1929 233 1962 30
250 1928 404 1973 quidem,
430 1938 526 1962 corr.
552 1928 731 1963 Luelzsius
846 1932 887 1964 31
914 1939 1038 1964 versus
1062 1929 1193 1974 lonqus
1309 1931 1351 1964 32
1376 1929 1425 1974 ef.
1450 1928 1561 1964 Mero.
1581 1929 1654 1963 318

78 1984 119 2017 33
145 1986 253 2019 antea.
344 1984 395 2029 ef.
423 1983 646 2019 Tr2·n.1034.
694 1985 834 2020 Atticus
860 1989 975 2031 poeta
1005 1990 1125 2021 certos
1148 1985 1309 2020 homines
1338 1989 1484 2021 notasse
1513 1984 1654 2020 videtur

77 2042 120 2074 35
149 2042 226 2075 tum
249 2061 292 2065 —
319 2043 361 2076 36
391 2040 488 2076 filiae
519 2041 601 2075 ilem
633 2041 846 2077 Priscianus
869 2043 901 2083 1,
925 2043 1004 2076 252
1097 2044 1138 2077 36
1162 2041 1286 2077 naerei
1318 2052 1368 2077 ex
1397 2041 1500 2078 narei
1525 2041 1560 2076 B
1569 2054 1583 2082 ;
1612 2041 1745 2078 Neriae

75 2095 260 2132 Dziatzlco
285 2096 362 2131 len.
387 2096 471 2132 Litt.
497 2108 531 2132 z.
555 2098 673 2141 1879,
696 2099 776 2133 238
803 2109 853 2134 ex
877 2098 1091 2143 Euphronis
1112 2098 1189 2143 [νᾳ.
1217 2099 1251 2139 8,
1276 2100 1302 2133 2
1326 2097 1373 2134 Is.
1489 2101 1530 2133 37
1556 2098 1744 2134 scrutariis

76 2158 164 2194 (var.
182 2152 261 2187 leet.
286 2153 455 2189 scutariis
480 2153 575 2196 BV)
669 2164 763 2200 quae
786 2154 830 2189 de
853 2154 1014 2190 versibus
1036 2153 1093 2189 vel
1115 2155 1257 2190 31—33
1280 2155 1337 2190 vel
1359 2155 1505 2190 34—36
1529 2156 1583 2190 vel
1607 2156 1667 2190 37.
1693 2156 1744 2190 38

74 2208 149 2244 sv've
181 2210 464 2255 transponendis
493 2211 569 2246 sive
599 2211 838 2246 retractatori
870 2210 1092 2257 imputandis
1122 2212 1299 2247 dixerunt
1330 2212 1394 2257 (cf.
1426 2211 1621 2257 Lanfsenus
1649 2211 1743 2246 stud.

74 2262 132 2300 Pl.
156 2266 238 2300 288
249 2268 318 2311 sq.)
343 2278 416 2302 non
427 2266 631 2313 probamus
654 2267 718 2312 (ef.
744 2266 958 2313 Vssinqius).
997 2268 1264 2304 travolaverunt
1277 2272 1362 2314 post
1378 2267 1652 2312 transfugerunt
1668 2278 1743 2302 rem

75 2325 184 2366 auqet
213 2326 249 2357 et
277 2323 376 2367 quod
398 2334 428 2358 v.
455 2323 507 2358 37
533 2322 583 2358 ad
608 2323 710 2358 aliud
737 2323 888 2359 iocandi
908 2335 1023 2369 (senus
1044 2325 1215 2371 perqitur
1237 2335 1337 2361 more
1356 2325 1403 2369 fit
1494 2327 1535 2360 39
1560 2324 1640 2358 item
1666 2323 1743 2359 No-

74 2377 157 2412 nius
179 2379 233 2414 40
323 2389 433 2424 super
457 2381 521 2414 sed
549 2379 650 2422 B¹V,
674 2390 784 2425 super
808 2382 862 2415 set
886 2384 927 2415 ut
952 2380 1020 2416 vid.
1048 2380 1082 2416 E
1170 2382 1222 2417 ibi
1245 2380 1298 2416 B¹
1382 2380 1482 2416 iubet:
1515 2380 1546 2415 V
1548 2379 1583 2414 E
1670 2379 1742 2415 fine

74 2433 127 2469 Βι
217 2437 261 2469 40
285 2436 559 2481 percunctarier
651 2438 694 2470 42
718 2436 839 2471 videre
856 2446 977 2472 senem
993 2448 1066 2473 non
1083 2438 1175 2480 uult,
1192 2448 1286 2473 corr.
1303 2436 1538 2472 Hermannus
1629 2436 1738 2473 scies:

74 2492 116 2525 tu
140 2491 232 2526 scies
257 2491 327 2526 VE
415 2494 458 2526 43
483 2492 792 2528 adolescentulam
883 2495 1018 2528 45—56
1036 2494 1181 2529 turbata
1205 2495 1242 2529 in
1259 2494 1295 2529 B
1318 2504 1484 2529 versuum
1501 2492 1687 2539 discriptio

74 2548 118 2582 45
142 2549 237 2582 emet
269 2546 339 2582 VE'
448 2550 492 2582 46
504 2558 558 2593 sq.
582 2552 806 2594 spectatores
837 2553 950 2584 metro
982 2554 1120 2586 mutato
1145 2550 1345 2595 alloquitur
1459 2552 1502 2583 46
1527 2549 1741 2593 legationem

75 2602 128 2637 B¹
196 2606 239 2638 47
264 2603 344 2648 ipse
412 2603 596 2640 fidicinam
614 2604 666 2640 B¹
694 2604 757 2647 (E1
768 2606 800 2648 Ρ)
868 2608 911 2641 49
929 2606 978 2651 cf.
998 2605 1109 2642 Poen.
1133 2607 1200 2642 754
1270 2608 1400 2641 uentus
1417 2607 1473 2641 est
1542 2605 1625 2640 exin
1644 2605 1697 2640 Β2

74 2659 257 2694 uorafitur
283 2659 351 2694 VE
440 2663 482 2695 50
506 2671 553 2695 ue
645 2662 731 2706 quid
756 2672 839 2697 nam
861 2662 984 2697 istuc?
1008 2663 1094 2708 quid
1113 2662 1195 2698 est?
1221 2662 1450 2698 Camerarius
1543 2665 1582 2697 51
1610 2662 1696 2697 uilei

75 2716 118 2749 52
141 2715 328 2751 accedit
349 2717 381 2751 A
473 2716 559 2761 quid
582 2717 694 2762 igitur
718 2729 755 2754 ς.·
778 2718 981 2762 reddigitur
999 2718 1092 2753 B¹V
1093 2718 1138 2761 E,
1162 2718 1371 2762 reddigetur
1396 2718 1448 2752 132
1537 2729 1679 2756 versum
1703 2720 1740 2755 in

71 2771 105 2805 Α
128 2770 334 2817 bipertitum
355 2772 474 2816 faisse
497 2773 692 2809 ostendunt
716 2773 857 2809 litterae
881 2785 975 2819 qaae
997 2779 1193 2820 supersunt
1212 2795 1249 2799 —
1270 2786 1293 2811 a
1308 2774 1413 2810 minis
1438 2784 1578 2810 versum
1603 2775 1741 2811 brevem

77 2827 318 2863 terminantes.
367 2831 522 2864 52-107
543 2840 669 2875 pauca
693 2829 864 2875 loquutur
887 2831 919 2865 A
