1998 3179
79 93 112 121 11
124 93 150 126 2,
169 92 269 122 27—55
791 90 1021 126 ASINARIA
1684 95 1735 132 65

83 218 171 245 nam
202 206 234 245 si
264 205 358 257 quid
387 205 550 245 sceleste
579 205 682 251 fecit,
711 204 845 256 lingua
874 217 946 256 pro
978 205 1042 243 illo
1074 205 1256 256 perierat.

81 273 216 314 LEON.
264 271 559 324 Adproperabo‚
591 284 640 310 ne
671 277 760 323 post.
788 277 945 323 tempus
974 273 1141 323 praedae
1170 272 1407 324 praesidium
1437 286 1582 325 parem.

80 340 173 380 LIB.
212 340 319 386 Quae
349 340 462 379 illaec
490 339 630 390 praeda
654 337 741 377 est?
771 339 834 377 ibo
856 340 1060 378 advorsum
1082 346 1197 390 atque
1228 340 1415 389 electabo‚
1447 342 1635 393 quidquid
1665 349 1805 383 est.295

81 407 196 446 iubeo
229 414 265 446 te
296 407 441 446 salvere
469 419 564 445 voce
594 418 759 452 summa,
791 418 869 456 quo
900 407 945 444 ad
976 407 1076 446 vires
1106 407 1247 446 valent.

79 476 216 515 Lssox.
266 474 515 526 Gymnasium
545 474 667 523 flagri,
699 472 856 512 salveto.
915 473 1008 514 Lm.
1059 474 1159 520 Quid
1189 476 1282 526 agis,
1315 482 1445 516 custos
1475 475 1669 516 carceris?

79 543 214 583 LEON.
266 542 296 581 Ο
328 547 552 580 catenarum
583 540 736 579 colone.
795 539 889 580 LIB.
940 540 971 579 Ο
1002 540 1199 592 virgarum
1230 542 1395 581 lascivia.

79 610 214 650 Lssox.
265 608 370 654 Quot
398 607 530 659 pondo
559 606 624 645 ted
654 618 738 645 esse
769 618 906 646 censes
936 607 1113 646 nudum?
1171 609 1264 649 LIB.
1315 610 1400 648 Non
1433 611 1570 661 edepol
1599 611 1693 650 scio.

78 677 214 716 LEON.
263 675 418 714 Scibam
449 687 520 725 ego
552 680 590 713 te
622 675 786 722 nescire,
818 681 856 713 at
883 675 950 726 pol
981 688 1066 726 ego,
1098 676 1164 726 qui
1195 677 1258 714 ted
1289 678 1468 727 expendi,
1500 679 1599 717 scio:
1749 687 1805 719 300

81 745 208 783 nudus
237 743 389 782 vinctus
419 748 577 781 centum
607 741 740 793 pondo
772 754 826 789 es,
857 742 1014 793 quando
1046 743 1194 793 pendes
1224 756 1294 794 per
1324 745 1454 795 pedes.

77 811 170 851 Lm.
192 811 278 856 Quo
295 816 525 861 argumento
542 808 670 849 istuc?
708 809 844 851 LEON.
865 809 948 860 Ego
964 810 1101 857 dicam,
1119 823 1197 861 quo
1215 818 1444 862 argumento
1463 819 1499 850 et
1516 824 1593 863 quo
1610 813 1738 853 modo.

77 879 123 917 ad
154 879 271 930 pedes
302 877 458 928 quando
490 877 736 928 adligatumst
765 890 929 928 aequom
962 878 1328 929 centumpondium‚

79 945 144 985 ubi
174 958 314 985 manus
343 945 520 984 manicae
551 945 777 996 complexae
808 952 901 984 sunt
930 951 1047 996 atque
1077 946 1265 985 adductae
1297 947 1342 985 ad
1373 946 1533 993 trabem,

78 1026 152 1052 nec
182 1013 380 1064 dependes
410 1025 485 1052 nec
517 1013 742 1064 propendes
771 1035 827 1041 —
857 1013 952 1063 quin
983 1013 1107 1052 malus
1138 1026 1386 1064 nequamque
1417 1015 1480 1053 sis.
1751 1023 1806 1056 305

77 1081 170 1121 LIB.
220 1081 297 1120 Vae
326 1080 408 1119 tibi.
467 1080 604 1121 LEON.
653 1080 739 1120 Hoc
770 1086 1002 1119 testamento
1035 1081 1207 1120 Servitus
1237 1081 1338 1133 legat
1367 1081 1449 1120 tibi.

77 1149 171 1189 LIB.
222 1148 600 1187 Verbivelitationem
631 1148 716 1186 fieri
747 1148 955 1199 compendi
985 1148 1085 1187 volo.

78 1216 180 1262 Quid
201 1216 303 1255 istud
324 1222 382 1255 est
403 1213 566 1266 negoti?
623 1215 760 1256 LEON.
806 1215 962 1254 Certum
985 1222 1043 1254 est
1063 1216 1237 1255 credere.
1284 1216 1378 1258 Lm.
1424 1217 1616 1257 Audacter
1637 1218 1738 1257 licet.

77 1284 213 1325 LEON.
261 1284 322 1324 Sis
350 1283 495 1322 amanti
524 1281 732 1322 subvenire
763 1283 941 1321 familiari
972 1283 1063 1331 filio,

76 1358 227 1390 tantum
258 1351 366 1390 adest
394 1350 491 1389 boni
522 1350 746 1401 improviso,
777 1362 910 1388 verum
941 1350 1195 1388 commixtum
1225 1350 1347 1390 malo:
1752 1360 1807 1392 310

78 1431 215 1458 omnes
245 1420 292 1458 de
323 1417 437 1457 nobis
468 1417 696 1456 carnificum
729 1417 1114 1456 concelebrabuntur
1143 1418 1237 1456 dies.

77 1485 237 1532 Libane,
269 1497 378 1524 nunc
406 1485 566 1524 audacia
596 1491 709 1524 usust
738 1484 856 1524 nobis
885 1485 1042 1524 inventa
1074 1491 1112 1524 et
1142 1485 1253 1524 dolis.

77 1559 228 1592 tantum
260 1552 411 1592 facinus
441 1553 558 1592 modo
589 1553 720 1591 inveni
752 1565 839 1604 ego,
868 1559 912 1592 ut
942 1565 1015 1592 nos
1045 1553 1220 1592 dicamur
1250 1554 1327 1592 duo

79 1621 253 1660 omnium
284 1619 515 1672 dignissumi
547 1632 645 1667 esse,
677 1632 755 1670 quo
787 1620 983 1659 cruciatus
1014 1620 1229 1659 confluant.

76 1689 169 1729 LIB.
218 1688 322 1739 Ergo
354 1688 523 1727 mirabar
553 1687 658 1738 quod
689 1687 836 1727 dudum
867 1688 1048 1740 scapulae
1078 1688 1275 1738 gestibant
1303 1688 1410 1735 mihi,
1752 1699 1808 1731 315

78 1756 258 1795 hariolari
287 1768 388 1807 quae
417 1761 672 1807 occeperunt,
704 1755 778 1794 sibi
809 1768 894 1795 esse
925 1756 964 1795 in
996 1756 1144 1795 mundo
1176 1756 1333 1795 malum.

79 1824 264 1875 quidquid
296 1830 365 1870 est,
397 1823 594 1874 eloquere.
652 1823 790 1864 LEON.
839 1823 978 1875 Magna
1010 1830 1067 1863 est
1095 1825 1239 1875 praeda
1270 1835 1358 1862 cum
1389 1836 1530 1875 magno
1562 1825 1674 1863 malo.

77 1891 170 1932 LIB.
220 1891 260 1929 Si
291 1891 446 1942 quidem
479 1903 616 1930 omnes
647 1891 841 1930 coniurati
871 1892 1134 1931 cruciamenta
1165 1893 1384 1939 conferant,

78 1958 201 1998 habeo
233 1958 375 2010 opinor
403 1959 591 1998 familiare
622 1965 789 2010 tergum,
821 1972 870 1998 ne
903 1972 1086 2010 quaeram
1120 1959 1228 1999 soris.

76 2028 212 2068 LEON.
260 2028 300 2067 Si
329 2028 443 2067 istam
474 2027 752 2067 firmitudinem
784 2026 902 2066 animi
934 2027 1102 2079 optines,
1136 2027 1228 2067 salvi
1258 2039 1405 2066 sumus.
1752 2036 1808 2068 320

77 2095 170 2137 LIB.
221 2095 323 2142 Quin
355 2095 387 2134 si
416 2101 527 2146 tergo
558 2107 621 2134 res
651 2094 834 2134 solvenda
866 2101 936 2143 est,
967 2107 1105 2147 rapere
1138 2095 1254 2146 cupio
1285 2095 1508 2147 publicum:

191 2230 255 2263 295
280 2228 344 2262 illa
366 2227 508 2262 Nonius
528 2228 608 2262 232
748 2231 811 2264 ‘297
837 2229 1048 2273 gimnasium
1186 2230 1250 2263 299
1275 2230 1311 2263 te
1338 2228 1388 2262 B¹
1524 2230 1589 2263 300
1613 2229 1649 2262 te

78 2287 142 2319 303
155 2284 335 2328 adligatus
357 2287 423 2327 est,
444 2294 538 2318 corr.
555 2284 782 2320 Camerarius
874 2287 939 2319 305
960 2285 1135 2330 dependis
1151 2295 1218 2320 nec
1234 2285 1430 2329 propendis
1523 2286 1588 2318 306
1605 2295 1651 2320 ue

77 2339 171 2375 istuc
204 2339 371 2382 Weisius‚
395 2341 446 2385 cf.
471 2340 635 2375 Bacleius
659 2342 695 2376 z'n
720 2341 958 2376 Studemumli
979 2340 1072 2375 stud.
1096 2343 1135 2383 2,
1158 2342 1234 2376 279
1250 2351 1304 2385 sq.
1419 2343 1483 2375 307
1509 2341 1629 2376 uerbis
1654 2341 1740 2376 ueli-

77 2396 250 2432 tationem
273 2396 389 2438 codd„
413 2400 567 2431 testatur
589 2396 742 2439 Nonius,
768 2408 864 2433 corr.
887 2397 1068 2432 Meursz'us
1205 2397 1416 2442 compendio
1434 2396 1470 2431 E
1605 2399 1670 2432 308
1688 2397 1743 2433 vel

78 2453 172 2488 istuc
308 2452 442 2496 negotii
475 2455 545 2494 est,
578 2463 673 2488 corr.
708 2453 854 2489 Guz'etus
991 2454 1041 2498 cf.
1084 2452 1266 2488 Valzlenus
1289 2452 1363 2487 ind.
1389 2453 1465 2488 lect.
1489 2454 1601 2493 1892,
1629 2455 1652 2488 6

78 2508 163 2544 licet
186 2508 246 2552 sis,
270 2509 321 2554 cf.
339 2510 416 2543 309
508 2511 683 2544 309—311
704 2509 844 2545 Libano
863 2510 1120 2544 continuantur
1216 2512 1281 2544 309
1300 2509 1347 2544 sis
1366 2520 1432 2544 om.
1451 2509 1496 2551 Ε,
1513 2510 1580 2544 del.
1599 2510 1651 2545 Βι

80 2567 255 2600 309-311
282 2570 314 2600 et
332 2567 511 2600 312—314
528 2565 733 2611 parallelos
756 2576 832 2601 csse
856 2566 1088 2601 coniecerunt
1107 2565 1253 2600 Guietus
1276 2569 1310 2600 et
1337 2565 1537 2611 Vssinqius,
1561 2568 1738 2602 312-317

79 2619 230 2654 alterum
256 2621 417 2656 ordinem
441 2621 590 2666 efficere
616 2620 786 2656 Goetzz'us
923 2624 988 2656 312
1013 2632 1101 2657 usus
1126 2623 1249 2663 (ausus
1269 2621 1312 2663 D)
1337 2624 1392 2656 est
1527 2624 1592 2657 313
1616 2623 1740 2659 modo:

80 2676 187 2712 hodie
210 2676 408 2712 Muellerus
513 2678 660 2714 inuenio
686 2677 723 2712 E
828 2681 893 2713 314
922 2678 1170 2722 dignissimum
1194 2677 1246 2711 B¹
1360 2680 1426 2712 316
1457 2688 1536 2713 esse
1567 2677 1636 2713 sibi
1659 2679 1741 2714 Aci-

80 2731 200 2767 dalius
306 2737 370 2769 319
400 2734 614 2769 familiarem
646 2738 796 2769 testatur
821 2734 961 2770 Nonius
983 2736 1036 2768 22
1045 2736 1073 2775 7,
1098 2734 1162 2769 vIoe
1188 2737 1283 2769 recte
1397 2736 1462 2769 320
1486 2734 1740 2771 firmitudinem

82 2787 132 2829 B,
163 2787 303 2823 Nonius
326 2791 400 2824 109
416 2800 444 2824 s.
469 2801 519 2826 v.:
552 2789 767 2826 firmidinem
790 2791 841 2833 D,
874 2790 1099 2826 formidinem
1126 2789 1162 2824 E
1295 2792 1357 2824 321
1385 2801 1469 2835 ergo
1496 2791 1546 2826 B²
1682 2802 1740 2827 res

81 2843 255 2879 soluenda
278 2844 454 2891 Pylades:
477 2846 693 2882 resoluenda

146 2904 270 2933 Plautus
287 2906 310 2933 I.
1448 2907 1468 2938 5
