2018 3183
216 67 237 103 1
245 65 298 102 ΟΟ
959 57 1139 94 PLAVTI
1692 57 1722 85 11
1733 57 1758 91 2,
1779 58 1879 87 10-87

215 181 332 221 Mm.
383 178 452 218 Pol
483 177 513 217 si
546 182 601 215 est
632 175 785 214 animus
816 185 962 224 aequos
993 171 1077 219 tibi,
1108 177 1168 210 sat
1197 169 1316 209 habes
1346 170 1411 221 qui
1442 169 1544 210 bene
1573 171 1688 211 vitam
1719 171 1836 212 colas.

216 249 347 289 Evcn.
396 247 505 285 Anus
534 243 667 283 hercle
698 242 788 280 huie
819 240 1006 279 indicium
1038 239 1129 278 fecit
1160 237 1207 277 de
1237 249 1346 284 auru,
1377 238 1586 289 perspicue
1615 239 1741 291 palam
1772 246 1842 288 est,

217 316 280 356 cui
312 327 383 366 ego
414 314 488 352 iam
520 311 691 361 linguam
724 307 943 361 praecidam
975 313 1091 358 atque
1122 305 1256 345 oculos
1287 305 1466 344 effodiam
1503 305 1619 346 domi.

215 383 332 423 MEG.
374 380 473 427 Quid
497 385 538 417 tu
559 377 665 417 solus
686 383 814 415 tecum
837 373 1027 426 loquere?
1070 374 1202 414 Evcr..
1243 373 1365 412 Meam
1393 374 1619 426 pauperiem
1642 386 1879 426 conqueror.
1892 379 1948 413 190

216 450 405 501 virginem
438 446 563 486 haheo
595 445 795 496 grandem,
828 444 918 483 dote
950 455 1096 482 cassam
1129 448 1245 493 atque
1278 441 1537 487 inlocabilem,

218 529 346 567 neque
363 528 445 556 eam
465 526 564 565 queo
587 513 716 551 locare
732 511 927 563 cuiquam.
957 510 1076 551 MEG.
1106 510 1219 556 Tace,
1242 509 1390 548 bonum
1412 508 1510 547 habe
1526 509 1712 556 animum,
1730 508 1879 550 Euclio.

219 585 385 630 dabitur,
417 580 649 622 adiuvabere
679 591 699 618 a
729 591 804 618 me.
855 578 929 626 dic,
961 578 992 617 si
1023 577 1115 629 quid
1148 582 1275 629 opust.
1307 576 1466 628 impera.

218 652 349 693 EVCL.
397 651 512 690 Nunc
541 647 651 700 petit,
682 658 772 686 cum
802 646 1028 699 pollicetur3
1060 644 1183 684 inhiat
1213 656 1351 683 aurum
1382 650 1425 683 ut
1455 644 1626 683 devoret.

220 720 339 760 altera
370 730 488 757 manu
519 717 594 755 fert
622 714 803 766 lapidem,
834 725 976 765 panem
1007 717 1176 752 ostentat
1206 712 1338 750 altera.
1894 717 1949 751 195

220 786 369 827 nemini
399 785 515 825 credo
548 783 612 834 qui
643 783 749 834 large
779 780 963 820 blandust
992 780 1097 819 dives
1127 779 1309 831 pauperi:

219 854 286 893 ubi
317 865 473 892 manum
506 851 617 890 inicit
647 849 832 901 benigne,
862 847 914 887 ibi
947 854 1085 886 onerat
1114 847 1241 898 aliqua
1274 846 1408 885 zamia.

220 933 293 971 ego
326 921 420 960 istos
451 918 539 959 novi
570 918 748 970 polypos,
780 916 847 967 qui
876 914 945 953 ubi
977 914 1165 965 quidquid
1196 914 1413 965 tetigerunt
1443 921 1591 952 tenent.

220 988 337 1028 MEG.
386 987 442 1026 Da
472 986 523 1025 mi
555 997 713 1037 operam
744 994 968 1035 parumper.
1019 982 1164 1033 paucis,
1197 981 1348 1028 Euclio,
1380 987 1437 1020 est
1469 981 1571 1031 quod
1604 986 1642 1019 te
1672 981 1758 1020 volo

222 1057 268 1095 de
298 1054 501 1094 communi
530 1065 573 1092 re
604 1051 800 1104 appellare
829 1062 914 1089 mea
945 1055 983 1088 et
1013 1056 1090 1088 tua.
1148 1048 1279 1088 EVCL.
1329 1047 1374 1087 Ei
1405 1048 1549 1087 misero
1580 1048 1685 1096 mihi,
1897 1057 1953 1090 200

222 1135 360 1162 aurum
390 1122 444 1160 mi
475 1121 581 1160 intus
611 1121 867 1170 harpagatum
898 1124 969 1156 est.
1020 1128 1128 1156 nunc
1157 1116 1220 1155 hic
1252 1128 1335 1155 eam
1366 1128 1448 1154 rem
1479 1116 1570 1163 volt,
1601 1116 1695 1164 scio,

220 1202 375 1229 mecum
405 1189 511 1227 adire
542 1187 586 1226 ad
619 1186 852 1238 pactionem.
901 1197 1036 1224 verum
1066 1184 1290 1223 intervisam
1321 1184 1493 1223 domum.

221 1257 338 1297 MEG.
360 1256 447 1302 Quo
463 1253 576 1294 abis?
604 1254 736 1295 Evm..
757 1252 837 1292 Iam
854 1253 898 1292 ad
916 1258 955 1291 te
971 1257 1165 1291 revortar:
1189 1263 1297 1290 nunc
1314 1256 1372 1289 est
1388 1250 1491 1302 quod
1509 1251 1629 1290 visam
1645 1249 1817 1290 domum.
1832 1274 1877 1280 —

221 1324 339 1365 MEG.
390 1323 514 1363 Credo
545 1322 696 1374 edepol,
728 1321 794 1360 ubi
825 1322 1065 1360 mentionem
1099 1331 1171 1371 ego
1203 1319 1332 1358 secero
1364 1319 1411 1357 de
1442 1317 1531 1362 filia,

223 1393 275 1432 mi
305 1398 347 1431 ut
378 1390 629 1442 despondeat,
661 1402 746 1429 sese
776 1401 797 1427 a
826 1400 890 1427 me
920 1387 1087 1427 derideri
1119 1387 1288 1435 rebitur;
1899 1394 1956 1428 205

225 1472 353 1510 neque
384 1459 449 1498 illo
480 1458 685 1509 quisquam
717 1463 776 1496 est
803 1456 902 1495 alter
931 1455 1045 1494 hodie
1076 1467 1122 1493 ex
1153 1459 1381 1506 paupertate
1411 1453 1579 1504 parcior.

222 1527 353 1567 EVCL.
398 1527 444 1566 Di
475 1538 537 1564 me
568 1531 737 1571 servant,
769 1523 870 1563 salva
903 1535 966 1562 res
998 1529 1068 1562 est.
1119 1521 1263 1561 salvom
1295 1527 1353 1560 est
1382 1520 1413 1559 si
1445 1520 1537 1571 quid
1569 1532 1648 1559 non
1682 1519 1796 1571 perit.

224 1596 341 1635 nimis
370 1594 469 1633 male
502 1593 627 1632 timui.
677 1592 789 1644 prius
820 1603 936 1643 quam
968 1593 1073 1629 intro
1104 1589 1213 1635 redii,
1245 1588 1486 1627 exanimatus
1516 1588 1583 1627 fui.

224 1662 342 1702 redeo
373 1661 421 1701 ad
451 1668 502 1708 te,
533 1660 754 1711 Megadore,
784 1659 816 1698 si
848 1658 939 1710 quid
970 1670 1034 1697 me
1063 1657 1131 1696 vis.
1188 1656 1306 1697 MEG.
1356 1655 1491 1694 Habeo
1522 1655 1697 1706 gratiam.

224 1741 380 1781 quaeso,
411 1728 518 1780 quod
548 1735 586 1767 te
616 1726 895 1779 percontabor,
928 1738 978 1764 ne
1008 1724 1047 1764 id
1076 1732 1115 1763 te
1144 1724 1274 1776 pigeat
1303 1722 1499 1776 proloqui.
1902 1733 1959 1767 210

223 1798 354 1838 EVCL.
405 1797 503 1836 Dum
537 1796 691 1847 quidem
725 1797 775 1834 ne
807 1794 896 1845 quid
930 1792 1175 1844 perconteris
1206 1791 1311 1843 quod
1343 1803 1422 1830 non
1456 1789 1587 1829 lubeat
1619 1789 1814 1841 proloqui.

222 1865 341 1905 Mm.
391 1865 460 1905 Dic
490 1865 605 1911 mihi,
638 1863 741 1914 quali
772 1875 835 1902 me
865 1861 1056 1900 arbitrare
1087 1872 1231 1911 genere
1260 1856 1528 1912 prognatum?
1585 1857 1716 1898 Evc1..
1765 1857 1890 1897 Bono.

223 1932 282 1973 M.
314 1931 416 1978 Quid
430 1930 538 1971 fide?
568 1931 617 1972 E.
648 1930 768 1970 Bona.
798 1929 856 1970 M.
889 1929 988 1974 Quid
1009 1926 1148 1967 factis?
1185 1927 1233 1967 E.
1264 1927 1400 1978 Neque
1416 1925 1526 1965 malis
1542 1937 1672 1977 neque
1688 1911 1890 1978 improbis.
2004 1907 2018 1963 i

224 1999 342 2040 Mm.
386 2001 561 2039 Aetatem
582 2010 708 2038 meam
729 1996 837 2037 scis?
885 1997 1017 2037 Evcr..
1053 1995 1142 2035 Scio
1164 2007 1249 2034 esse
1270 1995 1470 2046 grandem,
1492 1994 1584 2033 item
1606 2000 1649 2033 ut
1670 1993 1890 2045 pecuniam.
1998 1966 2018 2419 d

2004 2431 2018 2455 <l

2013 1350 2018 1375 ,-
2012 1322 2018 1341 μ
2005 1107 2018 1313 —.A‡.-*nu.
2010 1050 2018 1087 .-..

341 2145 402 2178 187
429 2142 518 2178 satis
614 2144 670 2176 191
699 2141 783 2176 item
802 2140 944 2175 Nonius
960 2140 1019 2175 45.
1036 2140 1112 2175 340
1202 2138 1314 2173 filiam
1339 2138 1455 2173 habeo
1478 2137 1663 2182 grandem,
1687 2146 1792 2172 cassa
1808 2135 1894 2171 dote

225 2203 335 2244 atque
365 2199 551 2235 inlocabili
584 2197 700 2233 Varro
733 2197 777 2233 de
803 2197 825 2232 l.
851 2197 874 2231 l.
902 2198 933 2237 5,
958 2197 1004 2231 14
1095 2194 1179 2230 hinc
1208 2205 1322 2240 usque
1353 2193 1402 2229 ad
1425 2205 1456 2229 v.
1487 2195 1563 2228 605
1585 2193 1751 2237 deficit
1775 2191 1831 2234 E;
1855 2192 1893 2226 in

226 2257 329 2291 cuius
352 2257 461 2292 vicem
486 2254 691 2290 succedit
725 2253 756 2287 V
778 2265 800 2288 a
825 2263 856 2288 υ.
881 2254 956 2287 190
980 2252 1156 2299 incipiens
1250 2254 1312 2286 193
1339 2249 1559 2286 adiubabere
1582 2248 1688 2290 DB2,
1719 2248 1893 2284 adiubare

228 2312 280 2348 B¹
372 2322 463 2356 opus
487 2314 542 2346 est
639 2313 697 2345 197
725 2310 884 2354 aliquam
909 2308 1071 2352 zamiam,
1097 2319 1191 2343 corr.
1214 2305 1363 2342 Guietus
1458 2307 1520 2341 198
1546 2305 1606 2350 qui
1630 2304 1706 2340 uibi
1725 2303 1808 2346 BD,
1833 2304 1894 2349 qui

227 2368 304 2403 nibi
336 2367 377 2413 V,
403 2378 497 2402 corr.
524 2367 743 2402 Hermolaus
840 2365 1025 2410 tetigerint
1051 2364 1085 2399 B
1191 2367 1254 2399 199
1279 2365 1327 2398 da
1349 2362 1440 2397 mihi
1464 2372 1610 2407 operam
1633 2371 1839 2407 parumper,
1863 2361 1895 2396 si

227 2427 407 2471 operaest,
430 2424 576 2468 Euclio,
600 2423 637 2458 id
661 2423 758 2468 quod
783 2425 818 2457 te
842 2422 925 2457 uolo
944 2421 1086 2456 Nouius
1103 2421 1178 2455 529
1195 2423 1237 2463 (s.
1257 2421 1380 2466 opera)
1472 2421 1536 2453 203
1555 2418 1680 2464 possis
1695 2416 1804 2452 abitis

227 2491 325 2516 nunc
341 2481 382 2516 L.
393 2492 405 2514 .·
427 2491 511 2516 1111111
596 2483 682 2526 post
706 2479 802 2514 lmnc
826 2489 856 2514 v.
883 2477 983 2523 quod
1006 2476 1147 2522 aliquid
1169 2476 1394 2511 intercidisse
1421 2474 1625 2521 Waqnerus
1649 2474 1813 2515 coniecit,
1836 2484 1896 2509 res

226 2542 441 2584 sumptuosa
460 2541 515 2572 est
533 2535 650 2581 filiam
674 2535 921 2581 desponclere;
945 2544 1060 2578 neque
1084 2532 1143 2567 ubi
1164 2529 1391 2568 ‘mentionem
1414 2526 1577 2576 fecerit',
1603 2532 1673 2566 iam
1699 2530 1837 2565 dixerit
1859 2540 1897 2566 se

228 2594 429 2629 indotatam
446 2603 604 2640 poscere
627 2594 670 2633 (υ.
688 2592 791 2633 238).
824 2600 939 2635 neque
964 2592 1080 2624 autem
1098 2600 1128 2624 v.
1146 2590 1221 2624 206
1244 2589 1442 2624 sententias
1465 2598 1535 2622 non
1561 2591 1640 2622 arte
1664 2585 1897 2622 cohaerentes

229 2650 378 2697 copulat
393 2651 477 2685 item
494 2660 525 2684 v.
539 2649 620 2684 408
632 2647 708 2683 Mil.
727 2649 802 2683 652
814 2646 944 2682 Pseud.
961 2646 1037 2681 937
1048 2645 1140 2680 Rud.
1157 2646 1241 2679 359.
1260 2646 1338 2680 406
1355 2645 1416 2680 all.
1509 2645 1571 2678 207
1591 2643 1735 2678 saluare
1752 2645 1808 2678 est

228 2707 303 2742 ioci
323 2717 438 2753 glenus
465 2705 596 2740 Plauto
626 2705 819 2745 usitatum,
850 2702 950 2749 qnod
972 2702 1080 2748 quale
1102 2702 1150 2736 sit
1173 2701 1351 2736 docebunt
1375 2701 1473 2736 Asin.
1499 2699 1577 2734 465
1609 2699 1710 2745 capt.
1734 2700 1762 2734 2
1793 2699 1896 2735 Cure.

231 2764 305 2798 557
328 2762 435 2809 Epid.
462 2762 538 2797 526
561 2760 658 2796 Men.
687 2762 760 2796 649
787 2760 891 2796 Truc.
919 2759 1014 2799 812;
1038 2758 1091 2804 cf.
1115 2756 1225 2805 Epid.
1251 2758 1328 2792 425
1351 2757 1461 2793 Most.
1489 2756 1557 2790 614
1583 2755 1694 2790 Poen.
1719 2754 1826 2797 1213,
1850 2754 1900 2790 ad

229 2817 343 2854 Poen.
371 2819 444 2854 874
560 2820 624 2852 208
649 2817 728 2853 redi
860 2819 922 2851 211
949 2825 1024 2851 non
1052 2814 1216 2851 Guietus:
1240 2814 1327 2849 mihi
1351 2823 1425 2849 non
