1998 3179
62 111 106 140 w
123 112 149 144 2.
164 111 248 139 2—22
779 107 1004 144 EPIDICVS
1638 106 1719 144 369

61 224 202 272 videas,
234 224 360 272 adeas,
391 223 613 264 advenienti
643 223 711 263 des
740 223 903 262 salutem
935 228 1051 274 atque
1082 221 1272 262 osculum.

61 290 167 331 Acss.
179 290 305 337 Quam
317 303 438 331 meam
451 289 646 330 matrem?
674 291 777 330 PER.
799 290 908 336 Quae
924 291 1140 330 exanimata
1151 289 1377 340 exsequitur
1386 295 1587 340 aspectum
1598 294 1720 328 tuom.

61 359 184 399 PHIL.
223 358 320 404 Quis
340 359 457 398 istaec
479 364 537 398 est
564 369 681 410 quam
700 364 743 397 tu
765 357 941 397 osculum
970 357 1063 395 mihi
1086 357 1187 396 ferre
1209 354 1347 396 iubes?
1395 357 1498 396 PER.
1529 356 1612 395 Tua
1632 355 1720 395 filia.

60 425 182 465 Pffin.
205 423 406 465 Haecine?
435 425 538 465 PER.
569 425 686 464 Haec.
717 425 840 465 PHIL.
862 424 998 475 Egone
1015 424 1190 463 osculum
1208 423 1300 463 huic
1316 422 1431 463 dem?
1489 424 1592 463 PER.
1615 423 1724 470 Quor

856 505 950 538 non,
981 503 1081 542 quae
1111 503 1159 529 ex
1188 497 1226 530 te
1257 497 1346 530 nata
1377 490 1453 531 sit?

59 560 181 600 PfflL.
203 560 261 598 Τι’]
279 559 396 598 homo
414 559 574 599 insanis.
606 559 709 600 PER.
726 557 889 610 Egone?
919 558 1041 598 Pan„
1053 558 1178 597 Tune.
1208 557 1461 604 PER.Quor?
1490 559 1612 599 PHIL.
1625 558 1720 605 Quia

1015 637 1086 676 ego
1118 625 1219 664 hanc
1250 638 1350 676 quae
1379 626 1452 665 siet
1733 636 1790 667 575

61 706 190 744 neque
221 694 303 733 scio
335 705 466 745 neque
498 694 602 740 novi,
634 705 764 744 neque
795 704 868 743 ego
899 693 1001 732 hanc
1033 693 1156 732 oculis
1185 692 1261 731 vidi
1291 699 1382 732 ante
1412 693 1518 732 hunc
1549 693 1664 733 diem.

59 761 163 802 PER.
214 761 304 800 Scio
335 761 428 812 quid
460 772 588 800 erres:
620 760 711 812 quia
741 759 921 799 vestitum
952 766 1068 811 atque
1101 765 1282 800 ornatum
1313 759 1595 800 immutabilem

59 828 176 868 habet
204 829 313 875 haec,
374 843 395 866 *

59 895 137 936 PH.
491 910 512 933 *
747 894 858 933 aliter
888 894 1005 933 catuli
1035 894 1152 945 longe
1183 894 1302 943 olent,
1334 894 1444 934 aliter
1473 895 1565 936 suis.

60 975 110 1002 ne
141 975 213 1014 ego
245 975 330 1002 eam
360 963 513 1002 novisse
575 977 596 1000 κε
655 962 758 1002 PER.
809 962 884 1001 Pro
914 962 1031 1001 deum
1061 968 1176 1014 atque
1206 962 1410 1002 hominum
1442 962 1571 1010 fidem,
1734 971 1791 1004 580

61 1029 182 1081 quid?
214 1043 285 1082 ego
316 1030 556 1070 lenocinium
587 1029 700 1078 facio,
734 1032 800 1081 qui
831 1029 993 1069 habeam
1024 1030 1172 1070 alienos
1204 1030 1306 1069 domi

60 1104 177 1149 atque
207 1104 414 1149 argentum
445 1097 660 1149 egurgitem
692 1097 809 1136 domo
841 1096 1010 1148 prosus?
1061 1098 1154 1149 quid
1185 1103 1239 1145 tu,
1272 1110 1370 1149 quae
1400 1103 1551 1149 patrem

59 1172 167 1204 tuom
199 1178 312 1205 vocas
343 1177 404 1204 me
435 1171 550 1216 atque
582 1164 770 1211 osculare,
803 1164 896 1215 quid
927 1171 1005 1204 stas
1035 1163 1217 1216 stupida?
1268 1165 1360 1216 quid
1391 1163 1524 1204 taces?

60 1231 164 1272 Aen.
187 1231 287 1278 Quid
304 1230 535 1283 loquarvis‘?
566 1232 668 1272 PER.
690 1231 794 1271 Haec
813 1238 928 1283 negat
944 1245 986 1271 se
1002 1238 1107 1271 tuam
1124 1245 1208 1271 esse
1220 1238 1396 1272 matrem.
1427 1232 1532 1272 Aen.
1554 1232 1610 1272 Ne
1627 1233 1720 1280 fuat,

61 1300 92 1338 si
123 1311 203 1338 non
235 1300 332 1338 volt:
375 1300 556 1351 equidem
587 1300 658 1338 hac
688 1299 805 1338 invita
837 1302 965 1338 tamen
999 1311 1066 1338 ero
1098 1300 1232 1339 matris
1262 1300 1359 1348 filia;
1732 1309 1789 1342 585

61 1378 143 1405 non
175 1367 262 1406 med
293 1367 417 1406 istanc
448 1378 589 1418 cogere
620 1378 786 1417 aequom
819 1373 877 1406 est
907 1379 1033 1406 meam
1064 1380 1147 1407 esse
1177 1375 1353 1415 matrem,
1384 1367 1416 1407 si
1448 1366 1591 1406 nevolt.

58 1433 161 1474 PER.
204 1433 283 1472 Cur
312 1446 374 1473 me
395 1434 514 1486 igitur
534 1439 683 1485 patrem
706 1432 899 1473 vocabas?
948 1434 1053 1474 ACR.
1089 1434 1171 1474 Tua
1193 1435 1312 1474 istaec
1335 1435 1498 1486 culpast,
1521 1448 1600 1474 non
1622 1447 1720 1475 mea.

60 1513 140 1539 non
174 1507 324 1552 patrem
357 1513 428 1552 ego
460 1507 498 1540 te
531 1501 743 1552 nominem,
776 1501 842 1541 ubi
874 1508 915 1540 tu
946 1508 1050 1540 tuam
1083 1514 1142 1541 me
1173 1502 1344 1554 appellas
1374 1500 1519 1542 filiam?

58 1568 160 1607 lianc
192 1580 349 1620 quoque
381 1569 509 1612 etiam,
540 1569 572 1608 si
603 1581 665 1608 me
695 1569 866 1620 appellet
895 1568 1026 1616 tiliam,
1058 1576 1222 1608 matrem
1253 1582 1401 1609 vocem.

57 1641 176 1687 negat
204 1635 301 1675 haec
332 1636 449 1675 filiam
479 1648 542 1675 me
572 1649 682 1676 suam
715 1638 818 1676 esse:
853 1649 933 1675 non
965 1648 1059 1687 ergo
1089 1637 1186 1676 haec
1216 1644 1339 1677 mater
1368 1651 1453 1678 mea
1485 1646 1556 1679 est.
1731 1646 1788 1679 590

56 1769 243 1822 Epidicus
273 1771 367 1810 mihi
399 1771 471 1810 fuit
501 1771 698 1822 magister.
758 1772 861 1812 PER.
913 1772 1027 1819 Perii,
1060 1772 1279 1824 plaustrum
1308 1774 1472 1825 perculi.

171 1850 325 1883 571-—80
357 1849 394 1882 in
419 1849 451 1882 A
477 1859 602 1894 pauca
633 1849 803 1895 leguntur
918 1853 979 1884 571
1017 1850 1178 1886 uenienti
1209 1850 1252 1892 P,
1285 1862 1380 1886 corr.
1408 1850 1657 1893 Camerarius,·
1687 1853 1719 1886 A

55 1914 89 1938 n.
110 1904 130 1938 l.
203 1906 267 1938 573
291 1905 379 1939 mihi
402 1904 497 1940 ferre
520 1905 623 1940 iubes
648 1905 755 1940 etiam
771 1906 802 1940 A
828 1905 918 1947 (fere
936 1905 1019 1951 B¹);
1045 1907 1132 1941 dare
1150 1906 1349 1941 Muellerus
1362 1918 1463 1953 pros.
1482 1907 1566 1942 add.
1584 1909 1631 1942 15

57 1963 122 1995 574
138 1959 311 1995 haeccine
329 1959 421 2002 BE,·
437 1962 468 1996 A
484 1972 520 1996 n.
539 1961 560 1996 l.
631 1964 746 2006 qu[o]r
761 1963 811 1996 A:
835 1973 899 1997 cur
917 1961 951 1997 P
1018 1966 1082 1997 575
1101 1973 1167 2008 qur
1184 1962 1232 2005 B,
1256 1973 1321 1998 cur
1337 1961 1415 2005 EI;
1431 1966 1461 1998 A
1479 1975 1513 1999 n.
1533 1964 1578 2006 l.,·
1595 1964 1721 2011 possis

56 2016 143 2061 quid
163 2016 234 2051 iam
305 2017 390 2062 quia
409 2028 473 2062 ego
494 2017 615 2063 li[an]c
641 2027 734 2062 quae
758 2017 828 2062 siet
851 2018 881 2052 A
906 2029 986 2053 cum
1003 2017 1046 2061 P,
1070 2030 1135 2055 nec
1157 2018 1292 2053 mutari
1307 2025 1454 2065 potest,·
1478 2020 1529 2065 cf.
1556 2019 1719 2056 Baebius

48 2083 91 2118 p.
119 2072 193 2107 333
284 2075 347 2107 577
382 2073 688 2118 [i]mm[ut]abilem
711 2075 743 2109 A
759 2084 838 2108 cum
872 2073 919 2115 P,
944 2075 993 2119 cf.
1017 2075 1166 2119 nobilis,
1196 2074 1364 2119 ignobilis
1381 2075 1522 2117 (Festus
1544 2078 1628 2117 174)

56 2131 132 2163 578.
159 2131 224 2164 579
247 2127 327 2173 {duo
359 2140 482 2165 versas
507 2130 663 2175 fuerunt
684 2130 722 2164 in
743 2132 794 2172 A,
820 2140 974 2176 qaorum
997 2130 1177 2166 secundus
1208 2142 1351 2177 quoque
1376 2136 1471 2167 totas
1492 2134 1720 2180 perscriptus

52 2184 170 2229 fuisse
185 2184 348 2226 videtum·
370 2192 526 2231 apparet
544 2191 682 2221 tantum
699 2187 734 2221 in
750 2187 879 2233 priore
901 2197 976 2231 —s,
1000 2187 1038 2221 in
1060 2187 1175 2223 altero
1201 2188 1458 2233 olenstassfiffler
1475 2200 1492 2234 s
1506 2216 1514 2224 .
1533 2199 1590 2234 ,ξς
1609 2200 1717 2224 unam

54 2251 195 2276 versum
209 2241 244 2276 P
252 2241 404 2286 praebet
421 2241 552 2277 lacuna
565 2253 636 2277 non
649 2241 809 2277 indicata
869 2242 937 2277 ΡΗ.
953 2253 1022 2278 om.
1045 2243 1080 2278 B
1142 2245 1216 2280 suis
1234 2245 1298 2287 13¹,
1316 2256 1398 2281 sues
1411 2244 1496 2289 1132,
1514 2256 1600 2281 suus
1618 2244 1655 2280 E

54 2297 232 2333 sententia
256 2297 466 2342 manifesta,
490 2297 624 2333 bestiae
647 2297 798 2333 alterius
821 2310 950 2334 nomen
975 2301 1143 2335 amissum
1260 2304 1326 2337 580
1350 2302 1402 2337 sic
1427 2301 1475 2345 P,
1500 2312 1544 2336 ne
1569 2312 1634 2346 ego
1660 2312 1717 2336 me

55 2363 102 2387 no
129 2380 136 2388 .
164 2379 172 2387 .
201 2380 208 2388 .
235 2380 244 2388 .
270 2363 329 2399 sse
353 2353 409 2388 h.
430 2365 486 2398 .q
509 2374 554 2380 —-
577 2355 631 2396 A,
655 2365 745 2399 nego
770 2365 848 2390 eam
872 2367 928 2391 me
951 2357 1098 2393 nouisse
1122 2369 1214 2403 quae
1238 2359 1285 2394 sit
1311 2358 1557 2399 Camerarius,
1581 2368 1627 2392 ne
1652 2368 1716 2402 ego

55 2420 170 2445 meam
201 2410 347 2446 nouisse
374 2421 550 2455 nequeam
582 2410 795 2456 Vssz'nqc'us;
824 2412 914 2457 forat
945 2423 990 2448 ne
1020 2424 1085 2458 ego
1110 2424 1166 2449 me
1188 2424 1279 2459 nego
1303 2425 1410 2450 nosse
1434 2415 1528 2449 hanc
1553 2424 1646 2459 quae
1671 2414 1719 2449 sit

55 2465 288 2501 secundumA
357 2465 723 2523 pr0[(‚leu1n]a]tque]
739 2468 918 2503 hominum
932 2468 1038 2504 fidem
1054 2471 1104 2505 A:
1124 2480 1190 2515 pro
1204 2481 1272 2505 om.
1282 2470 1313 2512 Ι,
1326 2481 1392 2516 pro
1406 2471 1512 2505 deum
1525 2482 1592 2506 om.
1603 2469 1676 2505 BE

57 2524 119 2557 581
146 2521 236 2568 quid
259 2523 291 2556 A
308 2533 388 2558 oum
407 2523 449 2566 P,
467 2525 563 2568 quod
589 2523 779 2569 Vssinyz'us
795 2526 841 2565 (ς)
912 2525 1049 2562 alienos
1069 2526 1118 2561 P.
1143 2527 1393 2569 [alnc[illas]A
1410 2526 1716 2569 (Stuclemundus)‚

57 2577 194 2614 alienas
213 2578 340 2614 Dousa
355 2582 398 2622 (ς)
469 2583 534 2615 582
550 2590 679 2634 plosus
696 2582 747 2615 A:
771 2591 939 2625 prorsum
956 2581 999 2623 P,
1025 2581 1168 2617 Nonius
1184 2584 1282 2625 102,·
1306 2584 1357 2628 cf.
1374 2583 1424 2618 ad
1441 2581 1575 2618 Bacch.
1589 2583 1661 2617 146

58 2636 121 2669 583
147 2634 311 2670 oscular.
331 2662 338 2670 .
362 2637 405 2677 A,
432 2636 608 2672 oscularis
633 2635 678 2681 E,
704 2637 860 2672 osculari
885 2637 932 2679 B,
957 2638 1146 2674 obsculare
1164 2637 1190 2673 I
1300 2642 1364 2674 585
1389 2641 1483 2674 hanc
1499 2639 1531 2673 A
1643 2640 1718 2673 tam

56 2689 216 2725 Botkius
306 2693 372 2727 586
396 2702 452 2727 me
468 2691 523 2733 P;
546 2696 589 2727 A.
613 2703 648 2727 n.
673 2692 695 2726 ί.
788 2703 915 2728 aecum
938 2696 981 2738 A,
1006 2704 1159 2738 aequum
1184 2694 1219 2729 P
1313 2698 1488 2730 587-591
1518 2705 1642 2740 pauca
1667 2694 1716 2730 Ze-

55 2750 193 2791 yuntur
224 2747 262 2781 in
285 2748 317 2782 A
417 2751 482 2784 588
506 2751 544 2784 te
567 2760 623 2784 om
649 2747 726 2790 EI;
756 2753 787 2784 A
813 2760 848 2783 n.
876 2749 898 2783 ί.
999 2750 1162 2795 appellas
1189 2750 1295 2786 B¹E.·
1320 2751 1480 2797 appelles
1510 2751 1570 2796 ΒΞ,
1594 2752 1717 2797 appel-

55 2801 159 2838 labas
176 2800 218 2843 I,-
243 2804 274 2837 A
297 2813 333 2837 n.
355 2803 378 2838 l.
495 2807 560 2840 592
584 2805 755 2850 magister
780 2805 849 2840 fuit
874 2805 916 2847 P,
941 2816 1037 2841 corr.
1058 2806 1231 2848 Botlcz'us,
1255 2810 1365 2853 atque
1388 2807 1425 2842 in
1449 2808 1480 2843 A
1504 2818 1570 2843 suo
1597 2807 1676 2844 loco
1700 2820 1718 2843 r

56 2861 212 2904 apparet
280 2858 483 2903 plaustrum
505 2862 556 2896 A:
581 2864 743 2896 austrum
762 2861 815 2903 P,·
838 2862 890 2907 cf.
909 2861 1036 2897 Festus
1052 2863 1144 2906 230,
1169 2862 1337 2898 Donatus
1361 2863 1410 2898 ad
1433 2863 1527 2899 Eun.
1551 2865 1589 2906 2,
1614 2865 1650 2907 3,
1670 2866 1721 2900 87

124 2918 249 2947 Plautus
267 2919 291 2948 1.
1402 2922 1446 2954 24
