1998 3179
116 91 183 125 v1,
203 91 299 124 16-2,
317 91 334 117 4
853 89 1046 125 CAPTIVI
1691 93 1771 128 217

115 205 216 244 sicut
250 216 357 243 nunc
388 210 511 255 potes,
542 209 652 255 pater
681 204 746 253 mi,
777 205 905 244 facere
935 205 1073 244 merito
1103 216 1294 243 maxume.

115 272 230 312 Hm.
281 271 381 317 Quid
414 277 529 323 opust
556 270 713 311 verbis?
745 272 876 323 lingua
907 272 1050 312 nullast
1079 285 1153 323 qua
1185 283 1324 322 negem
1355 272 1541 323 quidquid
1574 284 1701 323 roges.

115 339 320 379 PHILOCR.
352 339 510 378 Postulo
533 338 601 378 abs
622 345 672 385 te,
699 346 742 378 ut
761 340 813 378 mi
835 339 942 378 illum
964 340 1100 378 reddas
1121 352 1286 386 servom,
1319 352 1433 390 quem
1455 340 1517 379 hic
1540 340 1771 390 reliqueram

115 407 261 458 pignus
291 418 362 458 pro
395 419 469 453 me,
502 406 567 457 qui
598 406 692 445 mihi
722 406 860 445 melior
890 419 1006 457 quam
1036 407 1109 445 sibi
1140 419 1295 457 semper
1325 407 1409 454 fuit,

115 487 187 523 pro
220 474 321 513 bene
351 474 461 513 factis
491 474 574 513 eius
604 479 647 512 ut
678 474 711 512 ei
743 474 911 524 pretium
943 474 1088 524 possim
1119 474 1296 512 reddere.
1784 482 1842 514 940

113 542 230 581 Hm.
281 541 392 586 Quod
423 541 525 580 bene
554 541 682 580 fecisti
712 542 905 580 referetur
935 541 1055 591 gratia
1086 541 1122 579 id
1155 541 1257 591 quod
1289 542 1482 592 postulas;

117 615 152 649 et
183 610 218 648 id
251 615 289 648 et
317 609 432 656 aliud,
465 608 567 659 quod
598 620 660 646 me
693 608 835 654 orabis,
866 608 1105 659 impetrabis.
1153 615 1268 659 atque
1296 615 1334 647 te

116 676 238 714 nolim
268 687 497 715 suscensere
528 676 633 726 quod
665 687 736 725 ego
767 676 887 714 iratus
918 675 951 714 ei
983 675 1054 714 sec-i
1086 676 1196 715 male.

112 744 316 782 PmLOCR.
366 742 466 788 Quid
498 741 652 782 fecisti?
711 743 826 782 Hm.
876 742 919 781 In
951 742 1178 793 lapicidinas
1209 743 1471 794 compeditum
1505 742 1673 788 condidi,

111 809 178 847 ubi
210 809 344 848 rescivi
376 810 468 848 mihi
500 810 585 848 data
617 822 699 848 esse
729 809 859 849 verba.
918 810 1122 850 PHILOCR.
1174 810 1250 848 Vae
1281 810 1422 849 misero
1454 810 1562 857 mihi,
1783 818 1840 850 945

111 883 274 926 propter
303 888 432 915 meum
465 883 582 928 caput
610 876 762 916 labores
792 877 942 916 homini
972 878 1146 916 evenisse
1177 885 1351 928 optumo.

112 944 225 983 Hm.
275 944 324 982 At
355 944 404 982 ob
435 957 518 983 eam
549 956 632 983 rem
662 945 757 983 mibi
787 945 953 983 libellam
986 948 1056 995 pro
1088 958 1133 983 eo
1165 946 1315 995 argenti
1347 959 1396 984 ne
1427 946 1532 984 duis:

110 1009 240 1060 gratiis
272 1020 292 1047 a
322 1020 396 1055 me,
428 1015 471 1048 ut
500 1009 548 1048 sit
578 1009 688 1056 liber,
720 1010 864 1048 ducito.
924 1011 1129 1051 PHILOCR.
1175 1010 1334 1061 Edepol,
1367 1011 1504 1060 Hegio,

111 1077 206 1116 facis
235 1076 419 1126 benigne.
451 1077 514 1115 sed
548 1089 707 1127 quaeso,
738 1077 936 1116 hominem
971 1085 1011 1116 ut
1041 1078 1174 1117 iubeas
1204 1078 1360 1118 arcessi.
1420 1079 1534 1119 Hm.
1584 1079 1704 1118 Licet.

109 1144 177 1183 ubi
209 1147 301 1184 estis
330 1142 427 1183 vos?
459 1145 510 1183 ite
541 1151 726 1191 actutum,
759 1145 984 1196 Tyndarum
1014 1146 1090 1184 huc
1121 1146 1316 1185 arcessite.
1782 1155 1839 1188 950

108 1224 176 1250 vos
205 1213 258 1250 ite
289 1212 404 1250 intro.
436 1211 593 1250 interibi
625 1224 696 1262 ego
729 1225 773 1251 ex
805 1213 877 1251 hac
907 1219 1032 1252 statua
1064 1213 1248 1252 verberea
1276 1213 1362 1252 volo

110 1281 314 1331 erogitaie,
346 1292 435 1318 meo
468 1279 621 1318 minore
654 1280 745 1329 quid
777 1280 826 1319 sit
856 1281 1000 1319 sactum
1032 1281 1123 1319 filio.

106 1361 174 1387 vos
204 1348 325 1386 lavate
356 1348 526 1387 interibi.
586 1349 764 1388 PHILOP.
810 1349 982 1399 Sequere
1013 1349 1097 1394 hac,
1128 1349 1380 1395 Philocrates,
1412 1361 1472 1387 me
1505 1349 1623 1387 intro.
1658 1372 1712 1376 —

1005 1416 1210 1456 PHILOCR.
1261 1416 1426 1467 Sequor.
1457 1440 1511 1445 ——

106 1483 221 1523 ΗΕΘ.
267 1484 346 1533 Age
368 1489 409 1521 tu
440 1483 532 1522 illuc
561 1483 743 1535 procede,
776 1482 879 1521 bone
909 1484 978 1526 vir,
1009 1484 1179 1534 lepidum
1202 1484 1454 1535 mancupium
1477 1497 1618 1522 meum.
1679 1485 1720 1523 V
1743 1487 1765 1524 2

767 1572 1112 1613 STALAGMVS

108 1640 208 1686 Quid
239 1652 300 1678 me
332 1646 488 1691 oportet
518 1640 657 1688 facere,
689 1640 756 1679 ubi
787 1647 829 1679 tu
860 1641 945 1680 talis
977 1642 1034 1679 vir
1064 1642 1202 1680 falsum
1234 1640 1441 1680 autumas?
1781 1663 1837 1694 955

106 1709 160 1748 sui
191 1720 264 1759 ego
295 1708 431 1755 bellus,
462 1707 635 1759 lepidus:
668 1708 798 1748 bonus
828 1709 885 1747 vir
917 1721 1142 1760 numquam,
1177 1722 1305 1760 neque
1335 1709 1436 1760 frugi
1468 1709 1607 1755 bonae,

110 1787 236 1827 neque
268 1788 335 1815 ero
367 1788 564 1826 umquam,
598 1788 647 1814 ne
676 1773 853 1830 <erres>z
887 1789 995 1827 spem
1027 1789 1151 1828 ponas
1185 1790 1245 1815 me
1276 1776 1402 1815 bonae
1434 1778 1535 1827 frugi
1570 1778 1664 1816 sore.

218 1899 282 1932 936
312 1908 410 1933 nunc
434 1896 496 1932 L..·
530 1900 571 1933 tu
595 1898 680 1933 huic
818 1897 874 1932 liis
905 1897 1065 1932 versibus
1093 1899 1332 1940 (934—936,
1363 1899 1413 1944 cf.
1439 1898 1636 1944 Lanqenus
1659 1900 1769 1946 symb.

105 1954 183 1988 224
198 1956 268 1999 sq.)
292 1955 414 1989 careri
434 1954 578 1989 minime
593 1958 737 2000 potest,
763 1954 892 2000 quibus
915 1955 1003 2003 solis
1034 1954 1188 1990 breviter
1212 1966 1256 1990 ac
1280 1956 1394 1991 vivide
1424 1955 1509 1991 boni
1532 1954 1770 1991 adulescentis

104 2010 288 2056 inqenium
318 2013 618 2057 repraesentetur.
656 2021 727 2045 non
757 2011 941 2057 oppositio
969 2011 1014 2055 fit
1039 2011 1249 2057 praesentis
1280 2022 1324 2047 ac
1356 2012 1477 2056 futuri
1509 2012 1680 2058 temporis
1709 2012 1773 2046 secl

104 2066 337 2112 compositio,
366 2070 405 2100 ut
437 2070 473 2102 et
496 2077 592 2102 nunc
616 2066 802 2112 (Tyndaro
835 2066 1030 2109 reddendo)
1056 2071 1090 2102 et
1107 2066 1266 2113 posthac
1289 2067 1488 2103 habendam
1513 2078 1590 2103 esse
1612 2069 1770 2113 qratiam

105 2123 249 2159 dicatur
272 2127 307 2159 et
331 2135 352 2158 a
370 2127 483 2170 patre
507 2127 540 2158 et
565 2134 587 2158 a
611 2122 689 2167 filio
722 2134 790 2158 neu
818 2123 987 2168 Tyndaro
1018 2123 1160 2159 reddito
1191 2125 1281 2159 satis
1310 2125 1452 2169 factum
1483 2135 1560 2160 esse
1592 2125 1771 2169 beneficiis

108 2179 281 2215 videatur.
330 2184 469 2214 tantum
492 2179 723 2224 efficiendum
747 2184 827 2214 erat
850 2191 894 2214 ue
921 2190 951 2214 v.
980 2180 1053 2214 936
1077 2181 1216 2226 opponi
1239 2180 1446 2216 viderentur
1464 2192 1648 2226 personae
1672 2180 1771 2222 (bene

105 2235 272 2270 merentis
295 2239 331 2270 et
353 2234 587 2278 Philocratis)
726 2238 789 2270 937
822 2246 911 2280 opus
945 2235 1012 2270 VE'
1140 2239 1204 2270 940
1229 2240 1270 2271 ut
1293 2237 1326 2271 ei
1351 2248 1387 2273 3:
1410 2236 1464 2271 uti
1598 2237 1658 2269 941
1680 2239 1771 2280 post

103 2302 134 2326 v.
162 2293 249 2334 938,
273 2302 367 2328 corr.
395 2304 413 2328 ς
537 2291 676 2327 refetur
706 2292 748 2334 V,
778 2292 934 2327 refertur
960 2291 994 2326 E
1118 2295 1182 2326 945
1209 2303 1253 2328 ue
1368 2296 1431 2326 947
1457 2292 1581 2327 libella
1612 2289 1681 2324 VE

105 2349 168 2382 948
194 2347 304 2383 cratis
443 2348 602 2393 aducito,
628 2359 723 2383 corr.
748 2348 1018 2383 Lindemannus
1156 2351 1220 2383 950
1246 2349 1296 2394 cf.
1326 2349 1405 2384 Cist.
1428 2350 1500 2383 649
1524 2347 1652 2382 Pseud,
1674 2348 1767 2380 1261

105 2401 216 2438 Stich.
246 2405 337 2445 618,·
358 2403 450 2449 fort.
474 2404 610 2450 (agite)
632 2404 694 2448 ite,
719 2404 769 2450 cf.
794 2403 872 2439 Mil.
889 2405 979 2438 1351
1005 2403 1104 2439 Pers.
1123 2405 1198 2439 469
1222 2403 1334 2439 Sticlz.
1362 2406 1436 2438 683
1528 2403 1702 2439 accersite
1720 2403 1768 2445 B,

108 2460 277 2496 atcersite
300 2460 343 2503 V,
360 2461 556 2496 arccersite
574 2460 610 2494 E
700 2463 761 2495 951
782 2460 928 2495 interibi
945 2472 980 2497 5:
1005 2461 1098 2496 inter
1115 2461 1175 2496 ibo
1193 2466 1236 2500 (v.
1258 2462 1330 2495 953
1346 2462 1440 2496 inter
1456 2461 1520 2497 ibi)
1614 2470 1767 2495 ueruere

103 2517 225 2556 (-uece
249 2516 293 2558 E,
319 2527 443 2552 -uerce
477 2516 521 2559 V)
544 2516 649 2553 auolo
683 2515 815 2560 VEB²‚
841 2527 909 2551 om.
930 2517 982 2551 B¹
1074 2521 1139 2552 954
1164 2518 1298 2552 SENEX.
1324 2528 1459 2552 SERVVS
1483 2527 1676 2551 rvcrrrvvs

108 2573 170 2606 957
188 2582 234 2608 ne
250 2571 342 2607 BE:
356 2584 474 2618 neque
496 2572 529 2607 V
618 2583 717 2618 spem
733 2583 847 2618 ponas
865 2583 938 2607 non
956 2573 1028 2608 alio
1045 2574 1150 2608 modo
1167 2574 1439 2608 determinatum
1458 2571 1549 2607 nihil
1559 2572 1768 2618 siquificare

104 2631 222 2672 potest
251 2628 322 2663 nisi
353 2629 452 2674 quod
478 2629 610 2664 similia
633 2629 799 2674 pallium,
824 2629 986 2670 tunicas,
1018 2632 1243 2673 ornamenta,
1278 2629 1435 2674 gladium
1465 2633 1499 2663 et
1530 2627 1647 2668 (Cure.
1682 2628 1768 2671 536)

106 2682 219 2718 uitam
250 2694 404 2729 ponere,
442 2685 532 2720 idem
564 2685 663 2731 quod
693 2695 791 2729 spem
825 2685 984 2728 deponas
1015 2685 1147 2719 Horat.
1178 2690 1246 2720 sat.
1273 2688 1309 2726 2,
1336 2687 1367 2727 5,
1392 2686 1454 2720 26.
1500 2695 1579 2719 cum
1604 2683 1648 2718 cle
1671 2684 1770 2719 verbi

106 2739 313 2784 siqnifi'oatu
343 2744 495 2786 ayatur,
527 2741 565 2776 in
595 2751 651 2776 me
680 2740 872 2775 subaudiri
903 2750 952 2775 ea:
982 2741 1209 2786 sequentibus
1245 2741 1428 2777 vocabulis
1457 2742 1592 2786 nequit.
1645 2742 1768 2786 aplius

107 2805 213 2840 quam
236 2795 274 2831 in
299 2807 381 2841 spe,
411 2797 450 2832 in
473 2807 591 2842 spem,
621 2797 721 2843 quod
744 2807 788 2832 ne
812 2797 932 2831 versui
954 2796 1094 2841 quidem
1119 2797 1275 2842 sufficit,
1306 2798 1419 2834 risum
1451 2801 1503 2832 est
1533 2796 1633 2842 quod
1653 2797 1768 2843 posui

103 2851 387 2897 supplementum
