1998 3179
106 93 136 120 v
147 95 175 127 4,
193 94 278 122 4-16
849 90 1025 127 CASINA
1681 89 1761 126 267

105 206 178 245 hac
207 206 286 254 ibo,
318 206 499 246 caninam
528 217 701 245 scaevam
732 217 848 256 spero
879 205 1081 244 meliorem
1111 205 1208 244 fore.

105 274 252 315 MYRR.
296 273 399 320 Quid
427 273 521 324 agis,
551 271 776 312 dismarite?
816 272 965 313 GLEos.
1015 272 1068 311 Mi
1087 272 1158 319 vir,
1188 272 1293 311 unde
1316 272 1389 310 hoc
1410 277 1553 310 ornatu
1573 268 1762 309 advenis?

107 341 199 391 quid
230 341 357 381 fecisti
386 341 561 393 scipione
592 347 658 380 aut
687 339 793 391 quod
822 339 991 379 habuisti
1022 338 1212 391 pallium?
1775 344 1831 375 975

105 408 252 449 MYRR.
300 408 345 448 In
376 408 579 455 adulterio,
609 407 702 446 dum
732 406 965 446 moechissat
994 406 1185 454 Casinam,
1215 405 1332 445 credo
1362 404 1542 456 perdidit.

104 476 204 516 LYs.
220 476 365 516 Occidi.
381 476 458 517 Cn.
475 475 654 515 Etiamne
668 474 770 512 imus
786 471 993 512 cubitum?
1014 473 1153 512 Casina
1168 485 1269 513 sum.
1289 472 1336 512 L.
1354 472 1421 510 lin
1439 471 1579 511 malam
1589 483 1760 511 crucem.

104 543 237 584 CHAL.
284 543 370 582 Non
392 555 496 581 amas
512 540 604 581 me?
647 540 795 581 CLEOS.
841 539 943 585 Quin
961 539 1168 590 responde,
1185 545 1252 578 tuo
1271 539 1362 589 quid
1380 539 1523 577 factum
1541 545 1600 578 est
1616 537 1762 589 pallio?

103 610 202 650 LYs.
246 610 420 649 Bacchae
439 609 583 656 hercle,
607 620 705 647 uxor
733 630 787 636 -
816 607 966 648 Cmos.
1015 605 1218 645 Bacchae?
1275 607 1375 646 LYs.
1424 607 1598 645 Bacchae
1620 606 1762 651 hercle,

506 687 606 714 uxor
637 699 690 703 —
718 674 864 714 MYRR.
913 674 1090 724 Nugatur
1119 674 1260 719 sciens,

103 756 193 782 nam
224 749 375 782 ecastor
404 755 512 782 nunc
542 742 715 781 Bacchae
748 741 875 780 nullae
905 741 1058 779 ludunt.
1117 740 1216 780 LYS.
1268 740 1421 779 Oblitus
1451 740 1520 783 fui,
1774 747 1830 779 980

102 810 168 849 sed
185 812 314 849 tamen
332 810 506 849 Bacchae
523 834 574 839 -—-
591 809 740 850 CLEOS.
758 807 869 856 Quid,
888 806 1090 848 Bacchae?
1107 808 1206 848 LYs.
1225 808 1292 847 Sin
1311 807 1348 846 id
1365 807 1448 846 fieri
1466 819 1546 845 uon
1564 813 1692 857 potest
1707 830 1762 836 —

101 878 249 919 Cmos.
270 877 400 917 Times
421 883 584 917 ecastor.
605 877 705 916 LYs.
727 874 891 928 Egone?
921 875 992 916 01..
1024 875 1190 914 Mentire
1220 875 1364 915 hercle.
1388 886 1478 913 uam
1505 873 1626 925 palles
1646 874 1761 914 male.

102 959 126 994 n
160 974 460 984 ..........
493 945 585 995 quid
616 957 676 983 me
708 956 752 995 γᾷ
785 973 793 982 .
819 974 826 981 .
852 975 858 981 .
883 974 890 982 .
924 959 971 995 [JS
1003 973 1142 982 .....
1175 956 1235 982 am
1266 955 1327 981 me
1358 940 1501 992 rogas?

708 1011 807 1062 mals}
838 1023 858 1062 1?
1415 997 1424 1006 ’
1669 1008 1762 1047 mihi

1567 1076 1752 1127 gratulor.
1775 1084 1831 1116 985

954 1159 1006 1196 ιω
1567 1133 1688 1194 senex

99 1215 150 1264 ho
963 1201 972 1209 ’
1065 1226 1113 1263 9¹3
1570 1226 1592 1262 υ

1102 1294 1180 1331 unc
1211 1279 1383 1329 casini-ist
1411 1278 1417 1331 Ι
1444 1302 1497 1307 -
1525 1280 1529 1329 Ι

99 1348 166 1400 qu}
196 1347 259 1400 ¹3}ss
700 1348 774 1386 lem
806 1348 889 1386 frus
921 1377 1095 1385 .....
1128 1359 1209 1399 ijam
1241 1376 1250 1386 .
1284 1377 1293 1386 .
1324 1346 1381 1399 dis
1692 1353 1831 1386 989990

99 1415 205 1466 (OL.)
256 1415 323 1466 qui
354 1414 467 1454 etiam
500 1426 559 1453 me
591 1415 775 1454 miserum
806 1416 996 1454 famosum
1027 1414 1119 1453 fecit
1149 1414 1301 1465 flagitiis
1331 1414 1423 1453 suis.

98 1483 197 1523 Lys.
227 1483 314 1522 Non
335 1480 467 1521 taces?
526 1481 600 1522 OL.
659 1482 746 1520 Non
778 1482 885 1521 herle
915 1494 1006 1520 vero
1038 1488 1160 1520 taceo.
1194 1494 1285 1520 nam
1318 1489 1357 1520 tu
1389 1493 1569 1520 maxumo

99 1562 160 1589 me
189 1550 437 1601 opsecravisti
470 1562 601 1601 opere,
634 1549 811 1589 Casinam
844 1556 885 1588 ut
916 1561 1118 1600 poscerem
1150 1561 1308 1587 uxorem
1341 1548 1432 1586 mihi

97 1619 153 1656 tui
183 1618 326 1657 amoris
356 1629 482 1657 causa.
541 1618 640 1657 LYs.
690 1617 773 1668 Ego
805 1618 905 1656 istuc
935 1616 1038 1656 feci?
1097 1617 1172 1657 OL.
1223 1616 1346 1655 Immo
1380 1616 1527 1654 Hector
1557 1615 1649 1654 Ilius
1688 1622 1829 1654 994.995

209 1775 274 1808 973
298 1784 351 1818 sq.
377 1773 498 1809 nullae
515 1784 614 1819 pers.
640 1779 749 1808 notae
773 1772 809 1807 P
829 1774 963 1818 (spatia
986 1774 1024 1807 in
1048 1772 1175 1807 mediis
1201 1783 1231 1807 v.
1250 1772 1298 1813 B)
1404 1773 1470 1805 974
1494 1771 1565 1806 M.:
1593 1771 1654 1806 CL.
1675 1785 1692 1807 ς

96 1829 280 1872 dismarite
296 1830 352 1865 vel
374 1829 556 1865 hismarite
573 1831 624 1865 A:
649 1833 690 1865 tu
714 1829 842 1865 marite
860 1828 916 1867 P‚·
942 1829 991 1874 cf.
1019 1828 1088 1865 Cic.
1114 1840 1184 1874 pro
1212 1828 1337 1863 Plano.
1364 1829 1439 1868 30‚·
1464 1826 1605 1863 Paulas
1627 1838 1654 1861 s.
1683 1828 1763 1862 dui-

97 1896 237 1930 census,
263 1886 356 1930 duis,
381 1886 533 1921 duidens
633 1886 714 1922 Cu:
740 1890 834 1932 spat.
859 1889 903 1926 A,
930 1896 996 1920 om.
1023 1885 1057 1920 B
1160 1889 1291 1920 ornatu
1316 1886 1384 1919 hoc
1409 1883 1444 1917 P
1541 1887 1605 1918 975
1631 1884 1762 1928 scipio-

95 1953 176 1978 nem
199 1942 275 1984 AP,
303 1953 396 1977 corr.
422 1941 618 1978 Lambinus
717 1944 782 1977 976
807 1941 962 1977 ancillae
986 1940 1083 1976 dedit
1110 1940 1342 1976 Camerarius
1444 1941 1572 1974 moech
1599 1966 1606 1973 .
1633 1967 1640 1974 .
1667 1943 1707 1983 at
1732 1942 1762 1974 A

96 1998 233 2041 (-izat?)
327 2002 389 2034 977
418 1999 551 2034 occidit
573 1998 609 2033 P
696 1999 709 2033 i
733 2009 800 2033 om.
824 1997 860 2032 P
881 1997 1032 2039 (nullum
1051 2008 1154 2044 pers,
1181 2001 1276 2043 spat.
1299 1999 1342 2038 A)
1444 1998 1508 2030 978
1533 1997 1712 2040 responde
1730 1995 1765 2029 P

95 2054 199 2097 (idem
230 2055 275 2090 de
298 2056 329 2090 Α
361 2059 512 2090 testatur
541 2054 744 2091 Schoeneus
774 2055 899 2100 praef.
931 2053 1038 2090 Most.
1065 2065 1108 2100 p.
1132 2054 1206 2098 16),
1238 2052 1439 2098 respondes
1472 2052 1547 2087 sive
1580 2052 1761 2096 responde

94 2115 262 2157 sequente
279 2121 379 2157 pers.
404 2110 524 2156 spatio
542 2112 594 2150 A,·
624 2110 774 2146 alterius
805 2112 948 2155 yenerz's
971 2110 1140 2156 exempla
1169 2120 1200 2144 υ.
1227 2121 1284 2156 ap.
1312 2108 1514 2144 Beckerum
1539 2109 1575 2142 in
1603 2107 1762 2143 Stadem.

95 2167 189 2202 stud.
205 2169 237 2205 1,
261 2168 340 2208 137,
366 2167 517 2202 alterius
533 2178 575 2213 p.
594 2168 662 2201 175
755 2170 819 2201 979
836 2177 888 2212 sq.
907 2168 1038 2212 ubique
1058 2167 1219 2202 bacchae
1236 2168 1278 2207 A,
1302 2165 1419 2200 bache
1438 2164 1473 2199 P
1549 2167 1613 2199 979
1638 2164 1762 2199 hercle

96 2225 145 2259 A:
177 2234 260 2268 ergo
291 2223 412 2259 hercle
437 2223 471 2258 P
497 2223 637 2270 (priore
667 2223 757 2265 loco)
895 2227 979 2259 ante
1007 2223 1199 2258 secundum
1233 2228 1268 2257 et
1298 2223 1439 2257 tertium
1471 2221 1631 2256 bacchae
1666 2230 1760 2265 pers.

95 2283 189 2325 spat.
204 2281 248 2321 A,
273 2285 358 2315 ante
382 2279 524 2314 tertium
543 2279 578 2313 B
670 2282 732 2314 981
761 2279 816 2323 sin
839 2280 877 2314 id
895 2279 974 2315 sine
994 2289 1091 2326 pers.
1109 2290 1164 2325 sp.
1183 2280 1233 2313 A:
1258 2278 1335 2313 inid
1351 2278 1432 2312 item
1452 2277 1486 2311 P
1576 2279 1640 2310 952
1659 2287 1761 2322 pers.

95 2336 217 2382 spatia
240 2334 347 2372 habet
370 2334 416 2377 B,
440 2346 493 2382 sp.
518 2340 605 2381 post
628 2346 740 2380 egone
764 2347 832 2371 om.
858 2339 888 2371 A
896 2349 910 2377 ‚·
938 2335 1041 2371 times
1067 2338 1211 2370 ecastor
1236 2334 1438 2375 mulierem,
1463 2333 1616 2367 mentire
1640 2332 1762 2367 hercle

96 2393 209 2426 virum
226 2392 327 2438 loqui
343 2391 491 2427 iurandi
502 2392 687 2436 formulae
703 2392 863 2427 indicant
954 2392 1105 2427 mentire
1122 2392 1175 2426 A:
1201 2391 1300 2426 haud
1320 2389 1472 2425 mentire
1490 2389 1545 2430 P‚·
1569 2390 1618 2434 cf.
1636 2388 1762 2423 Herm.

97 2448 156 2488 18,
181 2449 252 2484 575
341 2448 481 2493 pa[lle]s
505 2449 598 2492 male
621 2449 673 2483 A:
695 2460 744 2494 pa
764 2448 798 2483 P
889 2450 1065 2483 983—991
1093 2459 1160 2482 0111.
1191 2446 1229 2488 P,
1255 2447 1380 2482 relicto
1408 2445 1468 2480 IX
1491 2455 1651 2480 versuum
1678 2456 1762 2490 spa-

98 2503 147 2538 tio
163 2504 210 2546 B,
234 2497 393 2551 quinq'ue
417 2510 450 2540 et
474 2504 615 2540 dimidii
638 2504 679 2547 V,
703 2506 812 2540 unius
830 2504 866 2539 E
870 2517 885 2546 ;
916 2503 1015 2540 VIII
1038 2515 1200 2540 versuum
1226 2503 1422 2549 bipartitus
1438 2508 1568 2537 sca-tus
1584 2506 1623 2535 ut
1641 2500 1711 2536 vid.
1731 2502 1761 2536 A

98 2560 159 2604 (cf.
187 2562 261 2595 966
284 2565 375 2607 sq.);
400 2561 624 2607 paucissima
654 2561 824 2607 leqmztur
853 2564 1001 2607 praeter
1028 2561 1096 2595 991
1218 2562 1282 2594 983
1308 2559 1394 2603 quid
1418 2569 1473 2593 me
1500 2578 1541 2582 —
1566 2568 1683 2593 senem
1711 2558 1762 2592 lo-

98 2617 172 2661 qui,
197 2617 332 2659 [et]iam
346 2628 403 2652 me
418 2628 524 2663 rogas
549 2616 775 2660 (Schoellz'us)
804 2618 1039 2653 Cleostratam
1056 2622 1235 2662 apparet;
1261 2620 1414 2650 ceterum
1438 2614 1530 2648 m'lzil
1620 2616 1685 2649 988
1711 2614 1762 2658 cf.

100 2672 170 2707 814
289 2676 366 2708 989.
393 2676 457 2708 990
483 2673 560 2708 hic:
585 2685 604 2708 r
628 2673 685 2708 vel
704 2685 729 2708 11
753 2685 823 2720 pro
847 2674 872 2708 h
897 2683 973 2707 esse
992 2676 1114 2718 potest
1141 2683 1160 2707 o
1185 2671 1242 2707 vel
1264 2682 1286 2716 q
1304 2682 1378 2717 pro
1405 2681 1424 2706 c
1548 2673 1610 2706 991
1638 2669 1764 2715 adfert

98 2728 239 2764 Nonius
263 2730 342 2765 305
363 2729 428 2770 (Pl.
453 2730 492 2764 in
515 2729 686 2765 Asinaria
710 2729 810 2774 quod
832 2740 927 2763 corr.
952 2727 1234 2769 Scudemundus)
1304 2727 1434 2771 fec[it]:
1460 2726 1550 2762 facit
1573 2726 1718 2761 Nouius

99 2786 165 2818 992
186 2785 340 2821 maxime
363 2785 399 2820 P
511 2789 576 2821 993
603 2796 711 2831 opere
738 2788 786 2818 A:
810 2785 854 2819 ob
880 2788 947 2830 (sq.
973 2784 1105 2818 laeana
1127 2783 1176 2820 Bi
1203 2783 1238 2818 P
1351 2785 1428 2818 994.
1457 2786 1521 2817 995
1547 2789 1631 2818 ante
1654 2783 1761 2817 immo

96 2850 193 2885 pers.
217 2846 312 2886 spat.
337 2852 405 2877 om.
430 2841 462 2876 A
568 2843 716 2878 hectore
740 2841 835 2876 illius
855 2840 888 2874 P
911 2841 972 2885 (cf.
998 2840 1080 2875 Aac.
1110 2841 1205 2882 610),
1230 2850 1326 2875 corr.
1351 2838 1546 2874 Palmerus
1569 2838 1761 2874 Hermam.
