<?xml version="1.0" encoding="UTF-8"?>
<!DOCTYPE html PUBLIC "-//W3C//DTD XHTML 1.0 Transitional//EN"
    "http://www.w3.org/TR/xhtml1/DTD/xhtml1-transitional.dtd">
<html xmlns="http://www.w3.org/1999/xhtml" xml:lang="en" lang="en">
 <head>
  <title>
</title>
<meta http-equiv="Content-Type" content="text/html;charset=utf-8" />
  <meta name='ocr-system' content='tesseract 3.04.00' />
  <meta name='ocr-capabilities' content='ocr_page ocr_carea ocr_par ocr_line ocrx_word'/>
</head>
<body>
  <div class='ocr_page' id='page_1' title='image "./comoediaerecensu01plauuoft_0462.png"; bbox 0 0 2018 3183; ppageno 0'>
   <div class='ocr_carea' id='block_1_1' title="bbox 221 144 1886 183">
    <p class='ocr_par' dir='ltr' id='par_1_1' title="bbox 221 144 1886 183">
     <span class='ocr_line' id='line_1_1' title="bbox 221 144 1886 183; baseline -0.004 0"><span class='ocrx_word' id='word_1_1' title='bbox 221 146 303 183; x_wconf 84' lang='lat'>450</span> <span class='ocrx_word' id='word_1_2' title='bbox 954 144 1135 181; x_wconf 86' lang='lat' dir='ltr'><strong>PLAVTI</strong></span> <span class='ocrx_word' id='word_1_3' title='bbox 1716 147 1746 177; x_wconf 86' lang='lat'>11</span> <span class='ocrx_word' id='word_1_4' title='bbox 1762 149 1790 182; x_wconf 81' lang='lat'>3,</span> <span class='ocrx_word' id='word_1_5' title='bbox 1803 149 1886 177; x_wconf 81' lang='lat'><strong>4—31</strong></span> 
     </span>
    </p>
   </div>
   <div class='ocr_carea' id='block_1_2' title="bbox 211 258 1879 2079">
    <p class='ocr_par' dir='ltr' id='par_1_2' title="bbox 211 258 1879 2079">
     <span class='ocr_line' id='line_1_2' title="bbox 425 258 1425 312; baseline 0.001 -14"><span class='ocrx_word' id='word_1_6' title='bbox 425 259 630 311; x_wconf 91' lang='lat' dir='ltr'>proprium</span> <span class='ocrx_word' id='word_1_7' title='bbox 663 259 800 310; x_wconf 88' lang='lat' dir='ltr'>nequit</span> <span class='ocrx_word' id='word_1_8' title='bbox 830 259 922 298; x_wconf 90' lang='lat' dir='ltr'>mihi</span> <span class='ocrx_word' id='word_1_9' title='bbox 955 259 1110 298; x_wconf 80' lang='lat' dir='ltr'>evenire</span> <span class='ocrx_word' id='word_1_10' title='bbox 1141 259 1246 310; x_wconf 90' lang='lat' dir='ltr'>quod</span> <span class='ocrx_word' id='word_1_11' title='bbox 1279 258 1425 312; x_wconf 86' lang='lat' dir='ltr'>cupio?</span> 
     </span>
     <span class='ocr_line' id='line_1_3' title="bbox 424 326 1189 378; baseline 0.001 -13"><span class='ocrx_word' id='word_1_12' title='bbox 424 328 474 366; x_wconf 85' lang='lat' dir='ltr'>ita</span> <span class='ocrx_word' id='word_1_13' title='bbox 506 326 599 365; x_wconf 90' lang='lat' dir='ltr'>mihi</span> <span class='ocrx_word' id='word_1_14' title='bbox 630 326 728 365; x_wconf 86' lang='lat' dir='ltr'>mala</span> <span class='ocrx_word' id='word_1_15' title='bbox 758 338 821 366; x_wconf 89' lang='lat' dir='ltr'>res</span> <span class='ocrx_word' id='word_1_16' title='bbox 850 327 978 378; x_wconf 88' lang='lat' dir='ltr'>aliqua</span> <span class='ocrx_word' id='word_1_17' title='bbox 1009 327 1189 375; x_wconf 77' lang='lat' dir='ltr'>obicitur,</span> 
     </span>
     <span class='ocr_line' id='line_1_4' title="bbox 422 394 1367 446; baseline 0 -13"><span class='ocrx_word' id='word_1_18' title='bbox 422 394 571 433; x_wconf 90' lang='lat' dir='ltr'>bonum</span> <span class='ocrx_word' id='word_1_19' title='bbox 605 396 702 446; x_wconf 79' lang='lat' dir='ltr'>quae</span> <span class='ocrx_word' id='word_1_20' title='bbox 733 405 863 433; x_wconf 87' lang='lat' dir='ltr'>meum</span> <span class='ocrx_word' id='word_1_21' title='bbox 895 394 1119 446; x_wconf 84' lang='lat' dir='ltr'>comprimit</span> <span class='ocrx_word' id='word_1_22' title='bbox 1147 394 1367 434; x_wconf 81' lang='lat' dir='ltr'>consilium.</span> 
     </span>
     <span class='ocr_line' id='line_1_5' title="bbox 219 462 1515 514; baseline -0.001 -11"><span class='ocrx_word' id='word_1_23' title='bbox 219 465 337 503; x_wconf 84' lang='lat' dir='ltr'>miser</span> <span class='ocrx_word' id='word_1_24' title='bbox 367 463 528 501; x_wconf 82' lang='lat' dir='ltr'>amicam</span> <span class='ocrx_word' id='word_1_25' title='bbox 560 462 652 502; x_wconf 91' lang='lat' dir='ltr'>mihi</span> <span class='ocrx_word' id='word_1_26' title='bbox 683 462 828 514; x_wconf 85' lang='lat' dir='ltr'>paravi,</span> <span class='ocrx_word' id='word_1_27' title='bbox 859 462 978 502; x_wconf 75' lang='lat' dir='ltr'>animi</span> <span class='ocrx_word' id='word_1_28' title='bbox 1010 474 1138 511; x_wconf 82' lang='lat' dir='ltr'>causa,</span> <span class='ocrx_word' id='word_1_29' title='bbox 1168 463 1296 514; x_wconf 87' lang='lat' dir='ltr'>pretio</span> <span class='ocrx_word' id='word_1_30' title='bbox 1333 471 1357 503; x_wconf 82' lang='lat'>÷</span> <span class='ocrx_word' id='word_1_31' title='bbox 1376 463 1515 514; x_wconf 87' lang='lat' dir='ltr'>eripui,</span> 
     </span>
     <span class='ocr_line' id='line_1_6' title="bbox 420 527 1479 585; baseline -0.001 -16"><span class='ocrx_word' id='word_1_32' title='bbox 420 532 529 570; x_wconf 79' lang='lat' dir='ltr'>ratus</span> <span class='ocrx_word' id='word_1_33' title='bbox 559 530 656 569; x_wconf 82' lang='lat' dir='ltr'>clam</span> <span class='ocrx_word' id='word_1_34' title='bbox 687 532 836 582; x_wconf 76' lang='lat' dir='ltr'>patrem</span> <span class='ocrx_word' id='word_1_35' title='bbox 867 527 978 585; x_wconf 79' lang='lat' dir='ltr'>(me)</span> <span class='ocrx_word' id='word_1_36' title='bbox 1007 532 1138 569; x_wconf 73' lang='lat' dir='ltr'>metim</span> <span class='ocrx_word' id='word_1_37' title='bbox 1168 542 1284 582; x_wconf 90' lang='lat' dir='ltr'>posse</span> <span class='ocrx_word' id='word_1_38' title='bbox 1314 529 1479 570; x_wconf 89' lang='lat' dir='ltr'>habere:</span> 
     </span>
     <span class='ocr_line' id='line_1_7' title="bbox 422 598 1228 650; baseline -0.001 -12"><span class='ocrx_word' id='word_1_39' title='bbox 422 599 454 638; x_wconf 82' lang='lat' dir='ltr'>is</span> <span class='ocrx_word' id='word_1_40' title='bbox 485 598 641 638; x_wconf 81' lang='lat' dir='ltr'>rescivit</span> <span class='ocrx_word' id='word_1_41' title='bbox 671 604 710 637; x_wconf 87' lang='lat' dir='ltr'>et</span> <span class='ocrx_word' id='word_1_42' title='bbox 739 598 844 645; x_wconf 78' lang='lat' dir='ltr'>vidit,</span> <span class='ocrx_word' id='word_1_43' title='bbox 877 603 914 637; x_wconf 86' lang='lat' dir='ltr'>ct</span> <span class='ocrx_word' id='word_1_44' title='bbox 944 598 1114 650; x_wconf 80' lang='lat' dir='ltr'>perdidit</span> <span class='ocrx_word' id='word_1_45' title='bbox 1142 610 1228 646; x_wconf 82' lang='lat' dir='ltr'>me3</span> 
     </span>
     <span class='ocr_line' id='line_1_8' title="bbox 417 666 1457 718; baseline 0 -13"><span class='ocrx_word' id='word_1_46' title='bbox 417 678 547 717; x_wconf 88' lang='lat' dir='ltr'>neque</span> <span class='ocrx_word' id='word_1_47' title='bbox 577 666 608 706; x_wconf 91' lang='lat' dir='ltr'>is</span> <span class='ocrx_word' id='word_1_48' title='bbox 639 678 728 706; x_wconf 90' lang='lat' dir='ltr'>cum</span> <span class='ocrx_word' id='word_1_49' title='bbox 758 672 872 718; x_wconf 84' lang='lat' dir='ltr'>roget</span> <span class='ocrx_word' id='word_1_50' title='bbox 902 667 995 718; x_wconf 87' lang='lat' dir='ltr'>quid</span> <span class='ocrx_word' id='word_1_51' title='bbox 1027 667 1167 718; x_wconf 87' lang='lat' dir='ltr'>loquar</span> <span class='ocrx_word' id='word_1_52' title='bbox 1197 666 1457 718; x_wconf 86' lang='lat' dir='ltr'>cogitatumst‚</span> 
     </span>
     <span class='ocr_line' id='line_1_9' title="bbox 419 734 1418 789; baseline 0 -16"><span class='ocrx_word' id='word_1_53' title='bbox 419 736 470 773; x_wconf 91' lang='lat' dir='ltr'>ita</span> <span class='ocrx_word' id='word_1_54' title='bbox 501 734 621 774; x_wconf 90' lang='lat' dir='ltr'>animi</span> <span class='ocrx_word' id='word_1_55' title='bbox 651 735 785 774; x_wconf 85' lang='lat' dir='ltr'>decem</span> <span class='ocrx_word' id='word_1_56' title='bbox 818 735 856 789; x_wconf 74' lang='lat' dir='ltr'>in</span> <span class='ocrx_word' id='word_1_57' title='bbox 889 740 1049 787; x_wconf 82' lang='lat' dir='ltr'>pectore</span> <span class='ocrx_word' id='word_1_58' title='bbox 1081 734 1222 774; x_wconf 75' lang='lat' dir='ltr'>incerti</span> <span class='ocrx_word' id='word_1_59' title='bbox 1253 740 1418 774; x_wconf 86' lang='lat' dir='ltr'>certant.</span> 
     </span>
     <span class='ocr_line' id='line_1_10' title="bbox 420 802 1426 855; baseline -0.001 -13"><span class='ocrx_word' id='word_1_60' title='bbox 420 815 494 842; x_wconf 88' lang='lat' dir='ltr'>nec</span> <span class='ocrx_word' id='word_1_61' title='bbox 525 802 617 854; x_wconf 89' lang='lat' dir='ltr'>quid</span> <span class='ocrx_word' id='word_1_62' title='bbox 650 803 768 842; x_wconf 90' lang='lat' dir='ltr'>corde</span> <span class='ocrx_word' id='word_1_63' title='bbox 800 815 908 842; x_wconf 90' lang='lat' dir='ltr'>nunc</span> <span class='ocrx_word' id='word_1_64' title='bbox 940 802 1076 842; x_wconf 88' lang='lat' dir='ltr'>consili</span> <span class='ocrx_word' id='word_1_65' title='bbox 1109 815 1248 855; x_wconf 87' lang='lat' dir='ltr'>capere</span> <span class='ocrx_word' id='word_1_66' title='bbox 1280 802 1426 854; x_wconf 79' lang='lat' dir='ltr'>possim</span> 
     </span>
     <span class='ocr_line' id='line_1_11' title="bbox 419 870 1397 921; baseline -0.001 -11"><span class='ocrx_word' id='word_1_67' title='bbox 419 871 512 921; x_wconf 83' lang='lat' dir='ltr'>seio,</span> <span class='ocrx_word' id='word_1_68' title='bbox 544 876 677 910; x_wconf 88' lang='lat' dir='ltr'>tantus</span> <span class='ocrx_word' id='word_1_69' title='bbox 708 883 798 910; x_wconf 89' lang='lat' dir='ltr'>cum</span> <span class='ocrx_word' id='word_1_70' title='bbox 828 883 920 910; x_wconf 89' lang='lat' dir='ltr'>cura</span> <span class='ocrx_word' id='word_1_71' title='bbox 950 877 1077 910; x_wconf 87' lang='lat' dir='ltr'>meost</span> <span class='ocrx_word' id='word_1_72' title='bbox 1108 882 1221 910; x_wconf 87' lang='lat' dir='ltr'>error</span> <span class='ocrx_word' id='word_1_73' title='bbox 1251 870 1397 917; x_wconf 84' lang='lat' dir='ltr'>animo,</span> 
     </span>
     <span class='ocr_line' id='line_1_12' title="bbox 419 938 1356 990; baseline 0 -13"><span class='ocrx_word' id='word_1_74' title='bbox 419 939 510 978; x_wconf 87' lang='lat' dir='ltr'>dum</span> <span class='ocrx_word' id='word_1_75' title='bbox 542 938 641 978; x_wconf 84' lang='lat' dir='ltr'>servi</span> <span class='ocrx_word' id='word_1_76' title='bbox 674 939 747 977; x_wconf 91' lang='lat' dir='ltr'>mei</span> <span class='ocrx_word' id='word_1_77' title='bbox 779 938 978 990; x_wconf 82' lang='lat' dir='ltr'>perplacet</span> <span class='ocrx_word' id='word_1_78' title='bbox 1008 938 1101 977; x_wconf 87' lang='lat' dir='ltr'>mihi</span> <span class='ocrx_word' id='word_1_79' title='bbox 1134 938 1356 985; x_wconf 87' lang='lat' dir='ltr'>consilium,</span> 
     </span>
     <span class='ocr_line' id='line_1_13' title="bbox 419 1005 1555 1058; baseline -0.001 -13"><span class='ocrx_word' id='word_1_80' title='bbox 419 1007 511 1045; x_wconf 87' lang='lat' dir='ltr'>dum</span> <span class='ocrx_word' id='word_1_81' title='bbox 543 1018 701 1046; x_wconf 87' lang='lat' dir='ltr'>rursum</span> <span class='ocrx_word' id='word_1_82' title='bbox 732 1005 834 1045; x_wconf 91' lang='lat' dir='ltr'>haud</span> <span class='ocrx_word' id='word_1_83' title='bbox 866 1006 995 1057; x_wconf 88' lang='lat' dir='ltr'>placet</span> <span class='ocrx_word' id='word_1_84' title='bbox 1027 1017 1100 1044; x_wconf 91' lang='lat' dir='ltr'>nec</span> <span class='ocrx_word' id='word_1_85' title='bbox 1130 1011 1241 1057; x_wconf 84' lang='lat' dir='ltr'>pater</span> <span class='ocrx_word' id='word_1_86' title='bbox 1271 1005 1373 1058; x_wconf 88' lang='lat' dir='ltr'>potis</span> <span class='ocrx_word' id='word_1_87' title='bbox 1402 1005 1555 1044; x_wconf 84' lang='lat' dir='ltr'>videtur</span> 
     </span>
     <span class='ocr_line' id='line_1_14' title="bbox 417 1073 1580 1125; baseline -0.001 -12"><span class='ocrx_word' id='word_1_88' title='bbox 417 1074 549 1113; x_wconf 89' lang='lat' dir='ltr'>induci</span> <span class='ocrx_word' id='word_1_89' title='bbox 582 1080 625 1113; x_wconf 92' lang='lat' dir='ltr'>ut</span> <span class='ocrx_word' id='word_1_90' title='bbox 654 1080 766 1125; x_wconf 84' lang='lat' dir='ltr'>putet</span> <span class='ocrx_word' id='word_1_91' title='bbox 795 1073 908 1113; x_wconf 86' lang='lat' dir='ltr'>matri</span> <span class='ocrx_word' id='word_1_92' title='bbox 938 1073 1118 1113; x_wconf 80' lang='lat' dir='ltr'>ancillam</span> <span class='ocrx_word' id='word_1_93' title='bbox 1149 1079 1318 1125; x_wconf 82' lang='lat' dir='ltr'>emptam</span> <span class='ocrx_word' id='word_1_94' title='bbox 1351 1086 1435 1113; x_wconf 92' lang='lat' dir='ltr'>esse</span> <span class='ocrx_word' id='word_1_95' title='bbox 1464 1073 1580 1113; x_wconf 86' lang='lat' dir='ltr'>illam.</span> 
     </span>
     <span class='ocr_line' id='line_1_15' title="bbox 420 1141 1459 1195; baseline 0 -15"><span class='ocrx_word' id='word_1_96' title='bbox 420 1154 527 1181; x_wconf 91' lang='lat' dir='ltr'>nunc</span> <span class='ocrx_word' id='word_1_97' title='bbox 557 1142 588 1182; x_wconf 92' lang='lat' dir='ltr'>si</span> <span class='ocrx_word' id='word_1_98' title='bbox 619 1142 705 1181; x_wconf 89' lang='lat' dir='ltr'>dico</span> <span class='ocrx_word' id='word_1_99' title='bbox 736 1149 781 1181; x_wconf 88' lang='lat' dir='ltr'>ut</span> <span class='ocrx_word' id='word_1_100' title='bbox 811 1154 874 1181; x_wconf 90' lang='lat' dir='ltr'>res</span> <span class='ocrx_word' id='word_1_101' title='bbox 905 1148 963 1181; x_wconf 88' lang='lat' dir='ltr'>est</span> <span class='ocrx_word' id='word_1_102' title='bbox 992 1147 1108 1193; x_wconf 88' lang='lat' dir='ltr'>atque</span> <span class='ocrx_word' id='word_1_103' title='bbox 1139 1142 1241 1195; x_wconf 85' lang='lat' dir='ltr'>illam</span> <span class='ocrx_word' id='word_1_104' title='bbox 1272 1141 1366 1180; x_wconf 87' lang='lat' dir='ltr'>mihi</span> <span class='ocrx_word' id='word_1_105' title='bbox 1398 1154 1459 1181; x_wconf 86' lang='lat' dir='ltr'>me</span> 
     </span>
     <span class='ocr_line' id='line_1_16' title="bbox 417 1208 1506 1262; baseline -0.001 -13"><span class='ocrx_word' id='word_1_106' title='bbox 417 1210 555 1250; x_wconf 86' lang='lat' dir='ltr'>emisse</span> <span class='ocrx_word' id='word_1_107' title='bbox 586 1211 729 1256; x_wconf 81' lang='lat' dir='ltr'>indico,</span> <span class='ocrx_word' id='word_1_108' title='bbox 762 1222 879 1262; x_wconf 87' lang='lat' dir='ltr'>quem</span> <span class='ocrx_word' id='word_1_109' title='bbox 910 1209 955 1249; x_wconf 86' lang='lat' dir='ltr'>ad</span> <span class='ocrx_word' id='word_1_110' title='bbox 988 1210 1147 1249; x_wconf 84' lang='lat' dir='ltr'>modum</span> <span class='ocrx_word' id='word_1_111' title='bbox 1179 1210 1387 1250; x_wconf 77' lang='lat' dir='ltr'>existumet</span> <span class='ocrx_word' id='word_1_112' title='bbox 1417 1208 1506 1249; x_wconf 79' lang='lat' dir='ltr'>me?</span> 
     </span>
     <span class='ocr_line' id='line_1_17' title="bbox 417 1278 1710 1330; baseline 0 -12"><span class='ocrx_word' id='word_1_113' title='bbox 417 1284 534 1330; x_wconf 84' lang='lat' dir='ltr'>atque</span> <span class='ocrx_word' id='word_1_114' title='bbox 566 1278 668 1318; x_wconf 88' lang='lat' dir='ltr'>illam</span> <span class='ocrx_word' id='word_1_115' title='bbox 700 1278 910 1326; x_wconf 83' lang='lat' dir='ltr'>abstrahat,</span> <span class='ocrx_word' id='word_1_116' title='bbox 942 1285 1052 1318; x_wconf 86' lang='lat' dir='ltr'>trans</span> <span class='ocrx_word' id='word_1_117' title='bbox 1082 1290 1189 1317; x_wconf 87' lang='lat' dir='ltr'>mare</span> <span class='ocrx_word' id='word_1_118' title='bbox 1220 1278 1313 1317; x_wconf 87' lang='lat' dir='ltr'>hinc</span> <span class='ocrx_word' id='word_1_119' title='bbox 1345 1290 1484 1317; x_wconf 77' lang='lat' dir='ltr'>venum</span> <span class='ocrx_word' id='word_1_120' title='bbox 1518 1284 1710 1330; x_wconf 82' lang='lat' dir='ltr'>asportet3</span> 
     </span>
     <span class='ocr_line' id='line_1_18' title="bbox 416 1345 1879 1398; baseline -0.001 -13"><span class='ocrx_word' id='word_1_121' title='bbox 416 1346 496 1386; x_wconf 88' lang='lat' dir='ltr'>scio</span> <span class='ocrx_word' id='word_1_122' title='bbox 527 1358 660 1386; x_wconf 81' lang='lat' dir='ltr'>saevos</span> <span class='ocrx_word' id='word_1_123' title='bbox 692 1359 808 1398; x_wconf 88' lang='lat' dir='ltr'>quam</span> <span class='ocrx_word' id='word_1_124' title='bbox 839 1347 901 1394; x_wconf 88' lang='lat' dir='ltr'>sit,</span> <span class='ocrx_word' id='word_1_125' title='bbox 933 1345 1048 1385; x_wconf 86' lang='lat' dir='ltr'>domo</span> <span class='ocrx_word' id='word_1_126' title='bbox 1080 1346 1230 1385; x_wconf 85' lang='lat' dir='ltr'>doctus.</span> <span class='ocrx_word' id='word_1_127' title='bbox 1290 1346 1410 1398; x_wconf 83' lang='lat' dir='ltr'>igitur</span> <span class='ocrx_word' id='word_1_128' title='bbox 1810 1354 1879 1386; x_wconf 81' lang='lat'>354.</span> 
     </span>
     <span class='ocr_line' id='line_1_19' title="bbox 211 1413 1400 1465; baseline -0.001 -12"><span class='ocrx_word' id='word_1_129' title='bbox 211 1414 354 1455; x_wconf 81' lang='lat' dir='ltr'>hocine</span> <span class='ocrx_word' id='word_1_130' title='bbox 385 1421 443 1454; x_wconf 89' lang='lat' dir='ltr'>est</span> <span class='ocrx_word' id='word_1_131' title='bbox 473 1413 631 1454; x_wconf 81' lang='lat' dir='ltr'>amare?</span> <span class='ocrx_word' id='word_1_132' title='bbox 663 1427 773 1454; x_wconf 90' lang='lat' dir='ltr'>arare</span> <span class='ocrx_word' id='word_1_133' title='bbox 802 1414 994 1462; x_wconf 81' lang='lat' dir='ltr'>mavelim,</span> <span class='ocrx_word' id='word_1_134' title='bbox 1026 1426 1141 1465; x_wconf 87' lang='lat' dir='ltr'>quam</span> <span class='ocrx_word' id='word_1_135' title='bbox 1172 1414 1229 1454; x_wconf 84' lang='lat' dir='ltr'>sic</span> <span class='ocrx_word' id='word_1_136' title='bbox 1259 1425 1400 1452; x_wconf 86' lang='lat' dir='ltr'>amare.</span> 
     </span>
     <span class='ocr_line' id='line_1_20' title="bbox 417 1481 1442 1529; baseline -0.001 -8"><span class='ocrx_word' id='word_1_137' title='bbox 417 1482 492 1521; x_wconf 90' lang='lat' dir='ltr'>iam</span> <span class='ocrx_word' id='word_1_138' title='bbox 522 1483 615 1522; x_wconf 88' lang='lat' dir='ltr'>hinc</span> <span class='ocrx_word' id='word_1_139' title='bbox 646 1483 738 1522; x_wconf 88' lang='lat' dir='ltr'>olim</span> <span class='ocrx_word' id='word_1_140' title='bbox 770 1483 933 1522; x_wconf 89' lang='lat' dir='ltr'>invitum</span> <span class='ocrx_word' id='word_1_141' title='bbox 965 1483 1082 1522; x_wconf 88' lang='lat' dir='ltr'>domo</span> <span class='ocrx_word' id='word_1_142' title='bbox 1114 1482 1279 1522; x_wconf 81' lang='lat' dir='ltr'>extrusit</span> <span class='ocrx_word' id='word_1_143' title='bbox 1309 1481 1356 1520; x_wconf 91' lang='lat' dir='ltr'>ab</span> <span class='ocrx_word' id='word_1_144' title='bbox 1388 1494 1442 1529; x_wconf 86' lang='lat' dir='ltr'>se,</span> 
     </span>
     <span class='ocr_line' id='line_1_21' title="bbox 418 1550 1530 1600; baseline -0.003 -10"><span class='ocrx_word' id='word_1_145' title='bbox 418 1557 634 1590; x_wconf 86' lang='lat' dir='ltr'>mercatum</span> <span class='ocrx_word' id='word_1_146' title='bbox 663 1551 720 1590; x_wconf 89' lang='lat' dir='ltr'>ire</span> <span class='ocrx_word' id='word_1_147' title='bbox 751 1551 881 1590; x_wconf 89' lang='lat' dir='ltr'>iussit:</span> <span class='ocrx_word' id='word_1_148' title='bbox 913 1550 967 1590; x_wconf 91' lang='lat' dir='ltr'>ibi</span> <span class='ocrx_word' id='word_1_149' title='bbox 999 1551 1074 1590; x_wconf 89' lang='lat' dir='ltr'>hoc</span> <span class='ocrx_word' id='word_1_150' title='bbox 1104 1550 1248 1589; x_wconf 88' lang='lat' dir='ltr'>malum</span> <span class='ocrx_word' id='word_1_151' title='bbox 1281 1560 1353 1600; x_wconf 83' lang='lat' dir='ltr'>ego</span> <span class='ocrx_word' id='word_1_152' title='bbox 1385 1550 1530 1589; x_wconf 87' lang='lat' dir='ltr'>iuveni.</span> 
     </span>
     <span class='ocr_line' id='line_1_22' title="bbox 219 1616 1523 1671; baseline 0 -14"><span class='ocrx_word' id='word_1_153' title='bbox 219 1617 286 1657; x_wconf 78' lang='lat' dir='ltr'>ubi</span> <span class='ocrx_word' id='word_1_154' title='bbox 317 1618 556 1671; x_wconf 87' lang='lat' dir='ltr'>voluptatem</span> <span class='ocrx_word' id='word_1_155' title='bbox 589 1619 791 1671; x_wconf 87' lang='lat' dir='ltr'>aegritudo</span> <span class='ocrx_word' id='word_1_156' title='bbox 823 1620 962 1666; x_wconf 80' lang='lat' dir='ltr'>vincat,</span> <span class='ocrx_word' id='word_1_157' title='bbox 995 1619 1086 1670; x_wconf 87' lang='lat' dir='ltr'>quid</span> <span class='ocrx_word' id='word_1_158' title='bbox 1117 1617 1171 1658; x_wconf 91' lang='lat' dir='ltr'>ibi</span> <span class='ocrx_word' id='word_1_159' title='bbox 1203 1619 1306 1658; x_wconf 83' lang='lat' dir='ltr'>inest</span> <span class='ocrx_word' id='word_1_160' title='bbox 1337 1616 1523 1657; x_wconf 84' lang='lat' dir='ltr'>amoeni?</span> 
     </span>
     <span class='ocr_line' id='line_1_23' title="bbox 419 1686 1588 1738; baseline -0.002 -12"><span class='ocrx_word' id='word_1_161' title='bbox 419 1690 654 1738; x_wconf 87' lang='lat' dir='ltr'>nequiquam</span> <span class='ocrx_word' id='word_1_162' title='bbox 685 1687 825 1734; x_wconf 82' lang='lat' dir='ltr'>abdidi,</span> <span class='ocrx_word' id='word_1_163' title='bbox 858 1687 1100 1734; x_wconf 84' lang='lat' dir='ltr'>abscondidi,</span> <span class='ocrx_word' id='word_1_164' title='bbox 1131 1687 1348 1726; x_wconf 85' lang='lat' dir='ltr'>abstrusam</span> <span class='ocrx_word' id='word_1_165' title='bbox 1380 1686 1588 1725; x_wconf 86' lang='lat' dir='ltr'>habebam:</span> 
     </span>
     <span class='ocr_line' id='line_1_24' title="bbox 414 1753 1574 1807; baseline -0.002 -13"><span class='ocrx_word' id='word_1_166' title='bbox 414 1762 587 1794; x_wconf 84' lang='lat' dir='ltr'>muscast</span> <span class='ocrx_word' id='word_1_167' title='bbox 615 1767 725 1794; x_wconf 88' lang='lat' dir='ltr'>meus</span> <span class='ocrx_word' id='word_1_168' title='bbox 756 1761 878 1807; x_wconf 88' lang='lat' dir='ltr'>pater,</span> <span class='ocrx_word' id='word_1_169' title='bbox 912 1755 966 1793; x_wconf 90' lang='lat' dir='ltr'>nil</span> <span class='ocrx_word' id='word_1_170' title='bbox 996 1761 1125 1806; x_wconf 77' lang='lat' dir='ltr'>potest</span> <span class='ocrx_word' id='word_1_171' title='bbox 1155 1754 1254 1793; x_wconf 86' lang='lat' dir='ltr'>clam</span> <span class='ocrx_word' id='word_1_172' title='bbox 1286 1754 1394 1793; x_wconf 93' lang='lat' dir='ltr'>illum</span> <span class='ocrx_word' id='word_1_173' title='bbox 1426 1753 1574 1800; x_wconf 89' lang='lat' dir='ltr'>haberi,</span> 
     </span>
     <span class='ocr_line' id='line_1_25' title="bbox 212 1820 1748 1874; baseline -0.001 -13"><span class='ocrx_word' id='word_1_174' title='bbox 212 1825 285 1862; x_wconf 74' lang='lat' dir='ltr'>nec</span> <span class='ocrx_word' id='word_1_175' title='bbox 315 1834 469 1863; x_wconf 86' lang='lat' dir='ltr'>sacrum</span> <span class='ocrx_word' id='word_1_176' title='bbox 501 1835 576 1862; x_wconf 85' lang='lat' dir='ltr'>nec</span> <span class='ocrx_word' id='word_1_177' title='bbox 607 1829 684 1862; x_wconf 88' lang='lat' dir='ltr'>tam</span> <span class='ocrx_word' id='word_1_178' title='bbox 714 1823 926 1874; x_wconf 83' lang='lat' dir='ltr'>profanum</span> <span class='ocrx_word' id='word_1_179' title='bbox 958 1823 1168 1874; x_wconf 87' lang='lat' dir='ltr'>quicquam</span> <span class='ocrx_word' id='word_1_180' title='bbox 1200 1828 1269 1869; x_wconf 80' lang='lat' dir='ltr'>est,</span> <span class='ocrx_word' id='word_1_181' title='bbox 1302 1821 1397 1872; x_wconf 81' lang='lat' dir='ltr'>quin</span> <span class='ocrx_word' id='word_1_182' title='bbox 1431 1821 1484 1860; x_wconf 88' lang='lat' dir='ltr'>ibi</span> <span class='ocrx_word' id='word_1_183' title='bbox 1516 1821 1604 1860; x_wconf 89' lang='lat' dir='ltr'>ilico</span> <span class='ocrx_word' id='word_1_184' title='bbox 1637 1820 1748 1861; x_wconf 87' lang='lat' dir='ltr'>adsit.</span> 
     </span>
     <span class='ocr_line' id='line_1_26' title="bbox 211 1889 1615 1942; baseline -0.001 -13"><span class='ocrx_word' id='word_1_185' title='bbox 211 1902 297 1938; x_wconf 86' lang='lat' dir='ltr'>nec,</span> <span class='ocrx_word' id='word_1_186' title='bbox 330 1891 395 1941; x_wconf 89' lang='lat' dir='ltr'>qui</span> <span class='ocrx_word' id='word_1_187' title='bbox 427 1891 545 1931; x_wconf 88' lang='lat' dir='ltr'>rebus</span> <span class='ocrx_word' id='word_1_188' title='bbox 575 1891 672 1931; x_wconf 89' lang='lat' dir='ltr'>meis</span> <span class='ocrx_word' id='word_1_189' title='bbox 703 1891 897 1931; x_wconf 85' lang='lat' dir='ltr'>confidam</span> <span class='ocrx_word' id='word_1_190' title='bbox 930 1891 981 1930; x_wconf 91' lang='lat' dir='ltr'>mi</span> <span class='ocrx_word' id='word_1_191' title='bbox 1012 1891 1088 1930; x_wconf 87' lang='lat' dir='ltr'>ulla</span> <span class='ocrx_word' id='word_1_192' title='bbox 1120 1903 1209 1942; x_wconf 89' lang='lat' dir='ltr'>spes</span> <span class='ocrx_word' id='word_1_193' title='bbox 1240 1891 1278 1929; x_wconf 92' lang='lat' dir='ltr'>in</span> <span class='ocrx_word' id='word_1_194' title='bbox 1313 1889 1430 1929; x_wconf 88' lang='lat' dir='ltr'>corde</span> <span class='ocrx_word' id='word_1_195' title='bbox 1462 1895 1615 1929; x_wconf 85' lang='lat' dir='ltr'>certast.</span> 
     </span>
     <span class='ocr_line' id='line_1_27' title="bbox 323 1955 1626 2010; baseline -0.002 -12"><span class='ocrx_word' id='word_1_196' title='bbox 323 1958 440 1999; x_wconf 79' lang='lat' dir='ltr'><strong>DEM.</strong></span> <span class='ocrx_word' id='word_1_197' title='bbox 490 1958 590 2005; x_wconf 87' lang='lat' dir='ltr'>Quid</span> <span class='ocrx_word' id='word_1_198' title='bbox 622 1959 714 1999; x_wconf 91' lang='lat' dir='ltr'>illuc</span> <span class='ocrx_word' id='word_1_199' title='bbox 745 1966 803 1999; x_wconf 82' lang='lat' dir='ltr'>est</span> <span class='ocrx_word' id='word_1_200' title='bbox 833 1960 937 2010; x_wconf 87' lang='lat' dir='ltr'>quod</span> <span class='ocrx_word' id='word_1_201' title='bbox 969 1959 1076 1999; x_wconf 87' lang='lat' dir='ltr'>solus</span> <span class='ocrx_word' id='word_1_202' title='bbox 1105 1971 1238 1998; x_wconf 88' lang='lat' dir='ltr'>secum</span> <span class='ocrx_word' id='word_1_203' title='bbox 1270 1957 1466 1997; x_wconf 83' lang='lat' dir='ltr'>fabulatur</span> <span class='ocrx_word' id='word_1_204' title='bbox 1496 1955 1626 1997; x_wconf 81' lang='lat' dir='ltr'>filius?</span> 
     </span>
     <span class='ocr_line' id='line_1_28' title="bbox 323 2026 1588 2079; baseline -0.002 -13"><span class='ocrx_word' id='word_1_205' title='bbox 323 2027 513 2066; x_wconf 89' lang='lat' dir='ltr'>sollicitus</span> <span class='ocrx_word' id='word_1_206' title='bbox 544 2028 636 2067; x_wconf 82' lang='lat' dir='ltr'>mihi</span> <span class='ocrx_word' id='word_1_207' title='bbox 667 2028 800 2067; x_wconf 85' lang='lat' dir='ltr'>nescio</span> <span class='ocrx_word' id='word_1_208' title='bbox 833 2040 909 2079; x_wconf 86' lang='lat' dir='ltr'>qua</span> <span class='ocrx_word' id='word_1_209' title='bbox 940 2039 981 2066; x_wconf 89' lang='lat' dir='ltr'>re</span> <span class='ocrx_word' id='word_1_210' title='bbox 1012 2027 1175 2066; x_wconf 89' lang='lat' dir='ltr'>videtur.</span> <span class='ocrx_word' id='word_1_211' title='bbox 1236 2026 1373 2066; x_wconf 81' lang='lat' dir='ltr'><strong>CHAR.</strong></span> <span class='ocrx_word' id='word_1_212' title='bbox 1422 2026 1588 2073; x_wconf 65' lang='lat' dir='ltr'>Amatae,</span> 
     </span>
    </p>
   </div>
   <div class='ocr_carea' id='block_1_3' title="bbox 223 2117 1846 2134">
    <p class='ocr_par' dir='ltr' id='par_1_3' title="bbox 223 2117 1846 2134">
     <span class='ocr_line' id='line_1_29' title="bbox 223 2117 1846 2134; baseline 0 0"><span class='ocrx_word' id='word_1_213' title='bbox 223 2117 1846 2134; x_wconf 95' lang='lat' dir='ltr'> </span> 
     </span>
    </p>
   </div>
   <div class='ocr_carea' id='block_1_4' title="bbox 206 2169 1880 2951">
    <p class='ocr_par' dir='ltr' id='par_1_4' title="bbox 206 2169 1880 2951">
     <span class='ocr_line' id='line_1_30' title="bbox 323 2169 1880 2217; baseline -0.002 -10"><span class='ocrx_word' id='word_1_214' title='bbox 323 2173 388 2207; x_wconf 89' lang='lat'>338</span> <span class='ocrx_word' id='word_1_215' title='bbox 412 2171 546 2217; x_wconf 88' lang='lat' dir='ltr'>nequid</span> <span class='ocrx_word' id='word_1_216' title='bbox 570 2174 604 2208; x_wconf 91' lang='lat' dir='ltr'><em>B</em></span> <span class='ocrx_word' id='word_1_217' title='bbox 715 2172 877 2208; x_wconf 85' lang='lat' dir='ltr'>evenire:</span> <span class='ocrx_word' id='word_1_218' title='bbox 910 2183 989 2208; x_wconf 84' lang='lat' dir='ltr'>esse</span> <span class='ocrx_word' id='word_1_219' title='bbox 1011 2172 1050 2207; x_wconf 89' lang='lat' dir='ltr'>id</span> <span class='ocrx_word' id='word_1_220' title='bbox 1076 2170 1266 2212; x_wconf 75' lang='lat' dir='ltr'>Goetzz&#39;us;</span> <span class='ocrx_word' id='word_1_221' title='bbox 1295 2172 1389 2216; x_wconf 86' lang='lat' dir='ltr'>fort.</span> <span class='ocrx_word' id='word_1_222' title='bbox 1421 2181 1613 2216; x_wconf 86' lang='lat' dir='ltr'>numquam</span> <span class='ocrx_word' id='word_1_223' title='bbox 1638 2170 1768 2206; x_wconf 84' lang='lat' dir='ltr'>evenit.</span> <span class='ocrx_word' id='word_1_224' title='bbox 1815 2169 1880 2205; x_wconf 80' lang='lat' dir='ltr'>sed</span> 
     </span>
     <span class='ocr_line' id='line_1_31' title="bbox 211 2226 1876 2275; baseline -0.001 -12"><span class='ocrx_word' id='word_1_225' title='bbox 211 2228 354 2264; x_wconf 83' lang='lat' dir='ltr'>verbum</span> <span class='ocrx_word' id='word_1_226' title='bbox 380 2228 572 2264; x_wconf 75' lang='lat' dir='ltr'>trochaeos</span> <span class='ocrx_word' id='word_1_227' title='bbox 603 2228 760 2270; x_wconf 77' lang='lat' dir='ltr'>indicat,</span> <span class='ocrx_word' id='word_1_228' title='bbox 793 2229 841 2275; x_wconf 83' lang='lat' dir='ltr'>cf.</span> <span class='ocrx_word' id='word_1_229' title='bbox 870 2230 939 2264; x_wconf 76' lang='grc'><strong><em>341</em></strong></span> <span class='ocrx_word' id='word_1_230' title='bbox 972 2229 1080 2271; x_wconf 68' lang='lat' dir='ltr'>(satin</span> <span class='ocrx_word' id='word_1_231' title='bbox 1105 2229 1278 2274; x_wconf 87' lang='lat' dir='ltr'>quidquid</span> <span class='ocrx_word' id='word_1_232' title='bbox 1303 2230 1358 2264; x_wconf 87' lang='lat' dir='ltr'>est</span> <span class='ocrx_word' id='word_1_233' title='bbox 1383 2238 1487 2273; x_wconf 85' lang='lat' dir='ltr'>quam</span> <span class='ocrx_word' id='word_1_234' title='bbox 1511 2238 1585 2263; x_wconf 89' lang='lat' dir='ltr'>rem</span> <span class='ocrx_word' id='word_1_235' title='bbox 1611 2228 1716 2272; x_wconf 61' lang='lat' dir='ltr'>agere</span> <span class='ocrx_word' id='word_1_236' title='bbox 1741 2226 1876 2271; x_wconf 85' lang='lat' dir='ltr'>occepi,</span> 
     </span>
     <span class='ocr_line' id='line_1_32' title="bbox 208 2282 1879 2331; baseline -0.001 -12"><span class='ocrx_word' id='word_1_237' title='bbox 208 2284 394 2329; x_wconf 68' lang='lat' dir='ltr'>prdprium</span> <span class='ocrx_word' id='word_1_238' title='bbox 423 2285 550 2330; x_wconf 84' lang='lat' dir='ltr'>nequit</span> <span class='ocrx_word' id='word_1_239' title='bbox 579 2285 667 2320; x_wconf 85' lang='lat' dir='ltr'>mihi</span> <span class='ocrx_word' id='word_1_240' title='bbox 700 2285 846 2321; x_wconf 74' lang='lat' dir='ltr'>euenire</span> <span class='ocrx_word' id='word_1_241' title='bbox 879 2286 973 2330; x_wconf 81' lang='lat' dir='ltr'>qu6d</span> <span class='ocrx_word' id='word_1_242' title='bbox 1005 2285 1133 2331; x_wconf 87' lang='lat' dir='ltr'>cupio,</span> <span class='ocrx_word' id='word_1_243' title='bbox 1166 2285 1218 2320; x_wconf 84' lang='lat' dir='ltr'>ita.</span> <span class='ocrx_word' id='word_1_244' title='bbox 1248 2285 1336 2320; x_wconf 83' lang='lat' dir='ltr'>mihi</span> <span class='ocrx_word' id='word_1_245' title='bbox 1365 2285 1461 2320; x_wconf 80' lang='lat' dir='ltr'>mala</span> <span class='ocrx_word' id='word_1_246' title='bbox 1490 2295 1549 2319; x_wconf 90' lang='lat' dir='ltr'>res</span> <span class='ocrx_word' id='word_1_247' title='bbox 1578 2283 1700 2328; x_wconf 75' lang='lat' dir='ltr'>aliqua.</span> <span class='ocrx_word' id='word_1_248' title='bbox 1723 2282 1879 2319; x_wconf 72' lang='lat' dir='ltr'>obicitur</span> 
     </span>
     <span class='ocr_line' id='line_1_33' title="bbox 208 2339 1877 2387; baseline -0.001 -12"><span class='ocrx_word' id='word_1_249' title='bbox 208 2340 342 2376; x_wconf 88' lang='lat' dir='ltr'>bonum</span> <span class='ocrx_word' id='word_1_250' title='bbox 375 2339 468 2386; x_wconf 70' lang='lat' dir='ltr'>quae</span> <span class='ocrx_word' id='word_1_251' title='bbox 499 2352 616 2377; x_wconf 90' lang='lat' dir='ltr'>meum</span> <span class='ocrx_word' id='word_1_252' title='bbox 644 2342 649 2387; x_wconf 91' lang='grc' dir='ltr'>Ι</span> <span class='ocrx_word' id='word_1_253' title='bbox 677 2342 879 2387; x_wconf 79' lang='lat' dir='ltr'>comprimit</span> <span class='ocrx_word' id='word_1_254' title='bbox 909 2341 1111 2383; x_wconf 79' lang='lat' dir='ltr'>consilium)</span> <span class='ocrx_word' id='word_1_255' title='bbox 1227 2344 1289 2376; x_wconf 89' lang='grc'>341</span> <span class='ocrx_word' id='word_1_256' title='bbox 1317 2341 1432 2376; x_wconf 86' lang='lat' dir='ltr'>exemi</span> <span class='ocrx_word' id='word_1_257' title='bbox 1455 2339 1672 2376; x_wconf 77' lang='lat' dir='ltr'>Ribbecke&#39;ns</span> <span class='ocrx_word' id='word_1_258' title='bbox 1691 2351 1730 2386; x_wconf 83' lang='lat' dir='ltr'>p.</span> <span class='ocrx_word' id='word_1_259' title='bbox 1755 2340 1809 2374; x_wconf 80' lang='lat'>29</span> <span class='ocrx_word' id='word_1_260' title='bbox 1831 2340 1877 2375; x_wconf 82' lang='lat' dir='ltr'>cl.</span> 
     </span>
     <span class='ocr_line' id='line_1_34' title="bbox 208 2397 1786 2445; baseline 0 -13"><span class='ocrx_word' id='word_1_261' title='bbox 208 2407 237 2432; x_wconf 86' lang='lat' dir='ltr'>v.</span> <span class='ocrx_word' id='word_1_262' title='bbox 261 2398 357 2439; x_wconf 77' lang='lat'><em>486,</em></span> <span class='ocrx_word' id='word_1_263' title='bbox 388 2397 449 2432; x_wconf 81' lang='lat' dir='ltr'>ubi</span> <span class='ocrx_word' id='word_1_264' title='bbox 479 2402 637 2445; x_wconf 82' lang='lat' dir='ltr'>apparet</span> <span class='ocrx_word' id='word_1_265' title='bbox 664 2398 760 2432; x_wconf 79' lang='lat' dir='ltr'>unde</span> <span class='ocrx_word' id='word_1_266' title='bbox 791 2397 984 2434; x_wconf 76' lang='lat' dir='ltr'>eximenda</span> <span class='ocrx_word' id='word_1_267' title='bbox 1013 2398 1084 2439; x_wconf 78' lang='lat' dir='ltr'>sit;</span> <span class='ocrx_word' id='word_1_268' title='bbox 1111 2398 1203 2442; x_wconf 82' lang='lat' dir='ltr'>fort.</span> <span class='ocrx_word' id='word_1_269' title='bbox 1234 2397 1449 2432; x_wconf 80' lang='lat' dir='ltr'>adiectz‘vum</span> <span class='ocrx_word' id='word_1_270' title='bbox 1481 2397 1579 2432; x_wconf 83' lang='lat' dir='ltr'>latet.</span> <span class='ocrx_word' id='word_1_271' title='bbox 1635 2397 1686 2443; x_wconf 78' lang='lat' dir='ltr'>cf.</span> <span class='ocrx_word' id='word_1_272' title='bbox 1714 2397 1786 2432; x_wconf 85' lang='lat'>973</span> 
     </span>
     <span class='ocr_line' id='line_1_35' title="bbox 210 2452 1876 2499; baseline 0.001 -12"><span class='ocrx_word' id='word_1_273' title='bbox 210 2455 274 2488; x_wconf 82' lang='lat'>342</span> <span class='ocrx_word' id='word_1_274' title='bbox 299 2453 390 2499; x_wconf 78' lang='lat' dir='ltr'>(me)</span> <span class='ocrx_word' id='word_1_275' title='bbox 413 2453 602 2490; x_wconf 78' lang='lat' dir='ltr'>Bentleius</span> <span class='ocrx_word' id='word_1_276' title='bbox 694 2456 761 2489; x_wconf 90' lang='grc'>344</span> <span class='ocrx_word' id='word_1_277' title='bbox 785 2454 912 2499; x_wconf 86' lang='lat' dir='ltr'>nequis</span> <span class='ocrx_word' id='word_1_278' title='bbox 937 2453 972 2489; x_wconf 99' lang='grc' dir='ltr'><em>Β</em></span> <span class='ocrx_word' id='word_1_279' title='bbox 1066 2454 1202 2499; x_wconf 82' lang='lat' dir='ltr'>cogitat</span> <span class='ocrx_word' id='word_1_280' title='bbox 1225 2454 1320 2488; x_wconf 87' lang='lat' dir='ltr'>unde</span> <span class='ocrx_word' id='word_1_281' title='bbox 1345 2457 1401 2490; x_wconf 85' lang='lat' dir='ltr'>est</span> <span class='ocrx_word' id='word_1_282' title='bbox 1424 2453 1460 2488; x_wconf 88' lang='lat' dir='ltr'><em>B</em></span> <span class='ocrx_word' id='word_1_283' title='bbox 1552 2455 1619 2488; x_wconf 85' lang='grc'><strong><em>345</em></strong></span> <span class='ocrx_word' id='word_1_284' title='bbox 1644 2453 1697 2498; x_wconf 82' lang='lat' dir='ltr'>cf.</span> <span class='ocrx_word' id='word_1_285' title='bbox 1732 2452 1876 2489; x_wconf 82' lang='lat' dir='ltr'>Volcae.</span> 
     </span>
     <span class='ocr_line' id='line_1_36' title="bbox 208 2509 1876 2556; baseline -0.001 -11"><span class='ocrx_word' id='word_1_286' title='bbox 208 2509 252 2546; x_wconf 83' lang='lat' dir='ltr'>de</span> <span class='ocrx_word' id='word_1_287' title='bbox 272 2515 372 2556; x_wconf 79' lang='lat' dir='ltr'>poet.</span> <span class='ocrx_word' id='word_1_288' title='bbox 398 2522 429 2547; x_wconf 83' lang='lat' dir='ltr'>v.</span> <span class='ocrx_word' id='word_1_289' title='bbox 447 2512 467 2546; x_wconf 92' lang='lat'><strong><em>1</em></strong></span> <span class='ocrx_word' id='word_1_290' title='bbox 560 2514 623 2546; x_wconf 79' lang='lat'>347</span> <span class='ocrx_word' id='word_1_291' title='bbox 658 2521 758 2546; x_wconf 88' lang='lat' dir='ltr'>meus</span> <span class='ocrx_word' id='word_1_292' title='bbox 788 2514 906 2547; x_wconf 83' lang='lat' dir='ltr'>terror</span> <span class='ocrx_word' id='word_1_293' title='bbox 933 2510 967 2545; x_wconf 88' lang='grc' dir='ltr'><em>Β</em></span> <span class='ocrx_word' id='word_1_294' title='bbox 1060 2512 1125 2545; x_wconf 84' lang='grc'>348</span> <span class='ocrx_word' id='word_1_295' title='bbox 1149 2510 1220 2545; x_wconf 88' lang='lat' dir='ltr'>mei</span> <span class='ocrx_word' id='word_1_296' title='bbox 1248 2510 1345 2545; x_wconf 85' lang='lat' dir='ltr'>serui</span> <span class='ocrx_word' id='word_1_297' title='bbox 1372 2510 1432 2546; x_wconf 79' lang='lat' dir='ltr'>OD</span> <span class='ocrx_word' id='word_1_298' title='bbox 1526 2511 1591 2545; x_wconf 87' lang='lat'>353</span> <span class='ocrx_word' id='word_1_299' title='bbox 1618 2511 1740 2554; x_wconf 85' lang='lat' dir='ltr'>atque:</span> <span class='ocrx_word' id='word_1_300' title='bbox 1773 2519 1796 2545; x_wconf 84' lang='lat' dir='ltr'>a</span> <span class='ocrx_word' id='word_1_301' title='bbox 1818 2520 1876 2545; x_wconf 86' lang='lat' dir='ltr'>me</span> 
     </span>
     <span class='ocr_line' id='line_1_37' title="bbox 220 2565 1873 2612; baseline -0.001 -11"><span class='ocrx_word' id='word_1_302' title='bbox 220 2566 433 2612; x_wconf 71' lang='lat' dir='ltr'>Vssz&#39;nqius;</span> <span class='ocrx_word' id='word_1_303' title='bbox 456 2578 596 2603; x_wconf 75' lang='lat' dir='ltr'>versum</span> <span class='ocrx_word' id='word_1_304' title='bbox 613 2571 697 2602; x_wconf 80' lang='lat' dir='ltr'>ante</span> <span class='ocrx_word' id='word_1_305' title='bbox 714 2567 809 2602; x_wconf 77' lang='lat' dir='ltr'>hunc</span> <span class='ocrx_word' id='word_1_306' title='bbox 826 2567 1051 2602; x_wconf 75' lang='lat' dir='ltr'>intercidisse</span> <span class='ocrx_word' id='word_1_307' title='bbox 1076 2566 1230 2601; x_wconf 78' lang='lat' dir='ltr'>coniecit</span> <span class='ocrx_word' id='word_1_308' title='bbox 1246 2565 1465 2602; x_wconf 73' lang='lat' dir='ltr'>Ritsclzelius</span> <span class='ocrx_word' id='word_1_309' title='bbox 1559 2568 1636 2601; x_wconf 82' lang='lat'>354.</span> <span class='ocrx_word' id='word_1_310' title='bbox 1656 2568 1721 2600; x_wconf 88' lang='lat'>355</span> <span class='ocrx_word' id='word_1_311' title='bbox 1746 2565 1873 2611; x_wconf 85' lang='lat' dir='ltr'>igitur:</span> 
     </span>
     <span class='ocr_line' id='line_1_38' title="bbox 207 2622 1876 2669; baseline 0.001 -12"><span class='ocrx_word' id='word_1_312' title='bbox 207 2623 288 2659; x_wconf 86' lang='lat' dir='ltr'>dico</span> <span class='ocrx_word' id='word_1_313' title='bbox 313 2622 604 2666; x_wconf 79' lang='lat' dir='ltr'>studemundus;</span> <span class='ocrx_word' id='word_1_314' title='bbox 628 2636 658 2658; x_wconf 85' lang='lat' dir='ltr'>v.</span> <span class='ocrx_word' id='word_1_315' title='bbox 677 2624 752 2659; x_wconf 87' lang='grc'>356</span> <span class='ocrx_word' id='word_1_316' title='bbox 775 2624 909 2660; x_wconf 76' lang='lat' dir='ltr'>rectius</span> <span class='ocrx_word' id='word_1_317' title='bbox 932 2628 1016 2660; x_wconf 80' lang='lat' dir='ltr'>ante</span> <span class='ocrx_word' id='word_1_318' title='bbox 1040 2634 1071 2659; x_wconf 84' lang='lat' dir='ltr'>v.</span> <span class='ocrx_word' id='word_1_319' title='bbox 1090 2623 1164 2658; x_wconf 84' lang='lat'>359</span> <span class='ocrx_word' id='word_1_320' title='bbox 1188 2622 1332 2669; x_wconf 70' lang='lat' dir='ltr'>leqatur</span> <span class='ocrx_word' id='word_1_321' title='bbox 1356 2622 1418 2667; x_wconf 83' lang='lat' dir='ltr'>(cf.</span> <span class='ocrx_word' id='word_1_322' title='bbox 1437 2622 1524 2657; x_wconf 79' lang='grc'><strong><em>362.</em></strong></span> <span class='ocrx_word' id='word_1_323' title='bbox 1550 2622 1648 2665; x_wconf 86' lang='grc'><strong><em>363).</em></strong></span> <span class='ocrx_word' id='word_1_324' title='bbox 1690 2623 1726 2657; x_wconf 76' lang='lat' dir='ltr'>in</span> <span class='ocrx_word' id='word_1_325' title='bbox 1743 2623 1787 2663; x_wconf 87' lang='lat' dir='ltr'>A,</span> <span class='ocrx_word' id='word_1_326' title='bbox 1811 2622 1876 2668; x_wconf 78' lang='lat' dir='ltr'>qui</span> 
     </span>
     <span class='ocr_line' id='line_1_39' title="bbox 207 2679 1873 2727; baseline 0 -13"><span class='ocrx_word' id='word_1_327' title='bbox 207 2689 373 2715; x_wconf 80' lang='lat' dir='ltr'>versuum</span> <span class='ocrx_word' id='word_1_328' title='bbox 406 2680 605 2716; x_wconf 76' lang='lat'>358-372</span> <span class='ocrx_word' id='word_1_329' title='bbox 641 2681 824 2716; x_wconf 70' lang='lat' dir='ltr'>initiorum</span> <span class='ocrx_word' id='word_1_330' title='bbox 854 2689 997 2727; x_wconf 80' lang='lat' dir='ltr'>paucas</span> <span class='ocrx_word' id='word_1_331' title='bbox 1032 2679 1173 2715; x_wconf 81' lang='lat' dir='ltr'>litteras</span> <span class='ocrx_word' id='word_1_332' title='bbox 1206 2679 1378 2720; x_wconf 79' lang='lat' dir='ltr'>servavit,</span> <span class='ocrx_word' id='word_1_333' title='bbox 1414 2689 1443 2713; x_wconf 86' lang='lat' dir='ltr'>v.</span> <span class='ocrx_word' id='word_1_334' title='bbox 1469 2679 1544 2713; x_wconf 83' lang='lat'>358</span> <span class='ocrx_word' id='word_1_335' title='bbox 1574 2689 1647 2713; x_wconf 81' lang='lat' dir='ltr'>non</span> <span class='ocrx_word' id='word_1_336' title='bbox 1679 2690 1702 2714; x_wconf 86' lang='lat' dir='ltr'><strong><em>a</em></strong></span> <span class='ocrx_word' id='word_1_337' title='bbox 1730 2689 1873 2714; x_wconf 84' lang='lat' dir='ltr'>merc-</span> 
     </span>
     <span class='ocr_line' id='line_1_40' title="bbox 207 2733 1784 2782; baseline -0.001 -12"><span class='ocrx_word' id='word_1_338' title='bbox 207 2736 343 2782; x_wconf 76' lang='lat' dir='ltr'>incepit</span> <span class='ocrx_word' id='word_1_339' title='bbox 434 2740 500 2772; x_wconf 81' lang='lat'>356</span> <span class='ocrx_word' id='word_1_340' title='bbox 514 2737 624 2773; x_wconf 89' lang='lat' dir='ltr'>hocin</span> <span class='ocrx_word' id='word_1_341' title='bbox 641 2737 685 2780; x_wconf 86' lang='lat' dir='ltr'>B,</span> <span class='ocrx_word' id='word_1_342' title='bbox 699 2736 733 2772; x_wconf 91' lang='lat' dir='ltr'><em>D</em></span> <span class='ocrx_word' id='word_1_343' title='bbox 747 2747 796 2772; x_wconf 76' lang='lat' dir='ltr'>ecc</span> <span class='ocrx_word' id='word_1_344' title='bbox 809 2747 916 2781; x_wconf 64' lang='lat' dir='ltr'>corr„</span> <span class='ocrx_word' id='word_1_345' title='bbox 930 2735 1082 2772; x_wconf 86' lang='lat' dir='ltr'>hoccine</span> <span class='ocrx_word' id='word_1_346' title='bbox 1097 2734 1125 2770; x_wconf 88' lang='lat' dir='ltr'><em>C</em></span> <span class='ocrx_word' id='word_1_347' title='bbox 1203 2737 1266 2770; x_wconf 83' lang='lat'>357</span> <span class='ocrx_word' id='word_1_348' title='bbox 1281 2733 1384 2778; x_wconf 81' lang='lat' dir='ltr'>(me)</span> <span class='ocrx_word' id='word_1_349' title='bbox 1397 2735 1551 2770; x_wconf 86' lang='lat' dir='ltr'>inuitum</span> <span class='ocrx_word' id='word_1_350' title='bbox 1568 2734 1784 2770; x_wconf 76' lang='lat' dir='ltr'>Ritsclzelius</span> 
     </span>
     <span class='ocr_line' id='line_1_41' title="bbox 206 2790 1873 2839; baseline -0.001 -12"><span class='ocrx_word' id='word_1_351' title='bbox 206 2793 366 2828; x_wconf 84' lang='lat' dir='ltr'>extruxit</span> <span class='ocrx_word' id='word_1_352' title='bbox 390 2792 426 2827; x_wconf 89' lang='lat' dir='ltr'><em>B</em></span> <span class='ocrx_word' id='word_1_353' title='bbox 518 2796 583 2829; x_wconf 81' lang='lat'>358</span> <span class='ocrx_word' id='word_1_354' title='bbox 609 2803 736 2839; x_wconf 67' lang='lat' dir='ltr'>acm—</span> <span class='ocrx_word' id='word_1_355' title='bbox 755 2794 786 2828; x_wconf 86' lang='grc' dir='ltr'><em>Α</em></span> <span class='ocrx_word' id='word_1_356' title='bbox 878 2795 942 2828; x_wconf 87' lang='grc'>360</span> <span class='ocrx_word' id='word_1_357' title='bbox 960 2791 1136 2828; x_wconf 85' lang='lat' dir='ltr'>abscondi</span> <span class='ocrx_word' id='word_1_358' title='bbox 1155 2791 1215 2828; x_wconf 89' lang='lat' dir='ltr'>CD</span> <span class='ocrx_word' id='word_1_359' title='bbox 1306 2791 1536 2827; x_wconf 83' lang='lat' dir='ltr'>abstruxsam</span> <span class='ocrx_word' id='word_1_360' title='bbox 1553 2790 1588 2826; x_wconf 89' lang='lat' dir='ltr'><em>B</em></span> <span class='ocrx_word' id='word_1_361' title='bbox 1683 2793 1747 2826; x_wconf 87' lang='grc'>362</span> <span class='ocrx_word' id='word_1_362' title='bbox 1772 2791 1873 2836; x_wconf 82' lang='lat' dir='ltr'>quic·</span> 
     </span>
     <span class='ocr_line' id='line_1_42' title="bbox 206 2846 1783 2894; baseline 0 -12"><span class='ocrx_word' id='word_1_363' title='bbox 206 2858 312 2892; x_wconf 83' lang='lat' dir='ltr'>quam</span> <span class='ocrx_word' id='word_1_364' title='bbox 329 2848 360 2883; x_wconf 82' lang='lat' dir='ltr'>si</span> <span class='ocrx_word' id='word_1_365' title='bbox 385 2849 470 2894; x_wconf 89' lang='lat' dir='ltr'>quid</span> <span class='ocrx_word' id='word_1_366' title='bbox 488 2849 523 2884; x_wconf 88' lang='grc' dir='ltr'><em>Β</em></span> <span class='ocrx_word' id='word_1_367' title='bbox 615 2851 679 2884; x_wconf 87' lang='grc'>363</span> <span class='ocrx_word' id='word_1_368' title='bbox 707 2852 807 2885; x_wconf 83' lang='lat' dir='ltr'>certa</span> <span class='ocrx_word' id='word_1_369' title='bbox 831 2860 898 2885; x_wconf 88' lang='lat' dir='ltr'>om.</span> <span class='ocrx_word' id='word_1_370' title='bbox 928 2848 987 2885; x_wconf 85' lang='lat' dir='ltr'>CD</span> <span class='ocrx_word' id='word_1_371' title='bbox 1011 2851 1081 2890; x_wconf 82' lang='lat' dir='ltr'>(est</span> <span class='ocrx_word' id='word_1_372' title='bbox 1103 2849 1142 2884; x_wconf 88' lang='lat' dir='ltr'>in</span> <span class='ocrx_word' id='word_1_373' title='bbox 1166 2848 1275 2884; x_wconf 85' lang='lat' dir='ltr'>corde</span> <span class='ocrx_word' id='word_1_374' title='bbox 1302 2849 1341 2890; x_wconf 80' lang='lat' dir='ltr'>C)</span> <span class='ocrx_word' id='word_1_375' title='bbox 1456 2849 1522 2883; x_wconf 86' lang='lat'>364</span> <span class='ocrx_word' id='word_1_376' title='bbox 1545 2849 1602 2883; x_wconf 81' lang='lat' dir='ltr'>est</span> <span class='ocrx_word' id='word_1_377' title='bbox 1625 2858 1695 2883; x_wconf 88' lang='lat' dir='ltr'>om.</span> <span class='ocrx_word' id='word_1_378' title='bbox 1722 2846 1783 2883; x_wconf 81' lang='lat' dir='ltr'>CB</span> 
     </span>
     <span class='ocr_line' id='line_1_43' title="bbox 206 2902 1872 2951; baseline -0.001 -11"><span class='ocrx_word' id='word_1_379' title='bbox 206 2905 322 2941; x_wconf 86' lang='lat' dir='ltr'>solum</span> <span class='ocrx_word' id='word_1_380' title='bbox 334 2906 367 2941; x_wconf 85' lang='lat' dir='ltr'><em>B</em></span> <span class='ocrx_word' id='word_1_381' title='bbox 438 2905 620 2941; x_wconf 84' lang='lat' dir='ltr'>fabuletur</span> <span class='ocrx_word' id='word_1_382' title='bbox 635 2905 696 2941; x_wconf 85' lang='lat' dir='ltr'>CD</span> <span class='ocrx_word' id='word_1_383' title='bbox 788 2908 852 2941; x_wconf 85' lang='lat'>365</span> <span class='ocrx_word' id='word_1_384' title='bbox 871 2916 942 2951; x_wconf 85' lang='lat' dir='ltr'>qua</span> <span class='ocrx_word' id='word_1_385' title='bbox 955 2906 999 2942; x_wconf 88' lang='lat' dir='ltr'>de</span> <span class='ocrx_word' id='word_1_386' title='bbox 1013 2916 1052 2941; x_wconf 85' lang='lat' dir='ltr'>re</span> <span class='ocrx_word' id='word_1_387' title='bbox 1066 2904 1262 2945; x_wconf 79' lang='lat' dir='ltr'>Luchsius;</span> <span class='ocrx_word' id='word_1_388' title='bbox 1277 2904 1327 2950; x_wconf 84' lang='lat' dir='ltr'>cf.</span> <span class='ocrx_word' id='word_1_389' title='bbox 1345 2904 1420 2938; x_wconf 88' lang='grc'>369</span> <span class='ocrx_word' id='word_1_390' title='bbox 1491 2906 1590 2940; x_wconf 83' lang='lat' dir='ltr'>atate</span> <span class='ocrx_word' id='word_1_391' title='bbox 1606 2903 1677 2948; x_wconf 83' lang='lat' dir='ltr'><strong><em>CI),</em></strong></span> <span class='ocrx_word' id='word_1_392' title='bbox 1691 2906 1730 2940; x_wconf 81' lang='lat' dir='ltr'>at</span> <span class='ocrx_word' id='word_1_393' title='bbox 1740 2906 1823 2939; x_wconf 82' lang='lat' dir='ltr'>tace</span> <span class='ocrx_word' id='word_1_394' title='bbox 1836 2902 1872 2938; x_wconf 88' lang='lat' dir='ltr'><em>B</em></span> 
     </span>
    </p>
   </div>
   <div class='ocr_carea' id='block_1_5' title="bbox 1899 404 1956 438">
    <p class='ocr_par' dir='ltr' id='par_1_5' title="bbox 1899 404 1956 438">
     <span class='ocr_line' id='line_1_44' title="bbox 1899 404 1956 438; baseline 0.018 -1"><span class='ocrx_word' id='word_1_395' title='bbox 1899 404 1956 438; x_wconf 79' lang='lat'>340</span> 
     </span>
    </p>
   </div>
   <div class='ocr_carea' id='block_1_6' title="bbox 1896 743 1953 776">
    <p class='ocr_par' dir='ltr' id='par_1_6' title="bbox 1896 743 1953 776">
     <span class='ocr_line' id='line_1_45' title="bbox 1896 743 1953 776; baseline 0 0"><span class='ocrx_word' id='word_1_396' title='bbox 1896 743 1953 776; x_wconf 73' lang='lat'>345</span> 
     </span>
    </p>
   </div>
   <div class='ocr_carea' id='block_1_7' title="bbox 1896 1082 1953 1115">
    <p class='ocr_par' dir='ltr' id='par_1_7' title="bbox 1896 1082 1953 1115">
     <span class='ocr_line' id='line_1_46' title="bbox 1896 1082 1953 1115; baseline 0.018 -1"><span class='ocrx_word' id='word_1_397' title='bbox 1896 1082 1953 1115; x_wconf 87' lang='grc'><strong><em>350</em></strong></span> 
     </span>
    </p>
   </div>
   <div class='ocr_carea' id='block_1_8' title="bbox 1894 1353 1951 1386">
    <p class='ocr_par' dir='ltr' id='par_1_8' title="bbox 1894 1353 1951 1386">
     <span class='ocr_line' id='line_1_47' title="bbox 1894 1353 1951 1386; baseline 0 0"><span class='ocrx_word' id='word_1_398' title='bbox 1894 1353 1951 1386; x_wconf 78' lang='lat'>355</span> 
     </span>
    </p>
   </div>
   <div class='ocr_carea' id='block_1_9' title="bbox 1892 1693 1949 1726">
    <p class='ocr_par' dir='ltr' id='par_1_9' title="bbox 1892 1693 1949 1726">
     <span class='ocr_line' id='line_1_48' title="bbox 1892 1693 1949 1726; baseline 0.018 -1"><span class='ocrx_word' id='word_1_399' title='bbox 1892 1693 1949 1726; x_wconf 85' lang='lat'>360</span> 
     </span>
    </p>
   </div>
   <div class='ocr_carea' id='block_1_10' title="bbox 1890 2031 1946 2064">
    <p class='ocr_par' dir='ltr' id='par_1_10' title="bbox 1890 2031 1946 2064">
     <span class='ocr_line' id='line_1_49' title="bbox 1890 2031 1946 2064; baseline 0 0"><span class='ocrx_word' id='word_1_400' title='bbox 1890 2031 1946 2064; x_wconf 82' lang='lat'>365</span> 
     </span>
    </p>
   </div>
  </div>
 </body>
</html>
