1998 3179
93 100 138 129 Ν
149 102 175 135 9,
194 101 296 130 31—56
782 99 1055 136 BACCHIDES
1664 101 1744 138 165

94 216 265 263 tertium,
297 226 384 254 cum
415 221 550 266 portae
579 214 769 266 Phrygiae
883 215 1000 254 limen
1033 226 1218 266 superum
1249 214 1514 255 scinderetur:
1758 223 1814 254 955

177 282 285 334 paria
314 281 406 321 item
436 281 507 321 tria
538 282 592 321 eis
622 281 747 321 tribus
777 287 870 321 sunt
983 282 1056 321 fata
1088 288 1222 321 nostro
1253 282 1343 320 huic
1373 281 1456 321 Ilio.

95 361 183 388 nam
214 349 360 388 dudum
391 349 517 400 primo
548 354 592 387 ut
620 349 790 388 dixeram
822 353 957 389 nostro
987 349 1072 389 seni
1102 348 1346 388 mendacium

94 422 131 455 et
160 416 207 456 de
238 416 390 468 hospite
422 422 459 455 et
489 417 536 455 de
566 428 660 456 auro
692 418 729 455 et
759 416 805 454 de
835 415 985 463 lembo,
1022 415 1076 454 ibi
1105 419 1260 468 signum
1292 428 1338 455 ex
1368 428 1455 456 arce
1485 417 1561 456 iam
1593 416 1745 456 abstuli.

93 483 167 522 iam
199 484 275 523 dno
306 483 503 523 restabant
530 483 606 522 fata
637 489 744 530 tunc,
777 495 849 522 nec
880 482 1002 533 magis
1030 482 1068 521 id
1100 495 1277 533 ceperam
1309 484 1508 535 oppidum.

91 557 180 602 post
211 549 278 590 ubi
308 550 467 589 tabellas
498 551 543 589 ad
574 561 706 589 senem
739 549 870 597 detuli,
902 548 955 588 ibi
986 549 1108 588 occidi
1140 549 1327 597 Troilum,
1759 557 1815 589 960

93 629 181 657 cum
212 618 365 657 censuit
394 617 675 657 Mnesilochum
708 629 795 656 cum
826 628 947 655 uxore
979 628 1063 655 esse
1095 616 1239 655 dudum
1271 617 1415 656 militis.

179 681 246 739 [ibi
275 685 336 723 vix
366 697 428 723 me
459 684 623 723 exsolvi:
655 684 691 722 id
722 683 911 735 periclum
941 683 1128 730 adsimile,
1161 683 1307 722 Vlixem
1340 690 1382 722 ut
1412 683 1639 735 praedicant

181 752 379 804 cognitum
411 751 458 790 ab
489 751 638 790 Helena
669 763 752 790 esse
783 750 981 802 proditum
1010 750 1214 798 Hecubae;
1247 750 1314 790 sed
1344 758 1387 790 ut
1418 751 1508 789 olim
1541 750 1603 789 ille
1635 763 1676 789 se

175 818 370 858 blanditiis
402 819 543 858 exemit
573 824 611 857 et
640 818 833 870 persuasit
863 820 904 857 se
935 824 978 856 ut
1009 818 1214 865 amitteret,

175 888 267 925 item
298 898 369 937 ego
402 886 500 925 dolis
529 897 591 924 me
621 885 685 924 illo
718 886 837 924 extuli
868 897 889 923 e
920 885 1068 936 periclo
1100 891 1138 924 et
1168 885 1305 937 decepi
1336 882 1502 939 senem]
1758 893 1814 925 965

90 960 179 1005 post
209 956 299 992 cum
330 953 536 1005 magnifico
568 953 701 1000 milite,
733 953 851 992 urbes
881 952 1008 992 verbis
1041 952 1106 1003 qui
1138 953 1312 992 inermus
1342 953 1457 1004 capit,

90 1020 247 1060 conflixi
277 1026 393 1072 atque
422 1020 621 1059 hominem
653 1020 827 1072 reppuli;
859 1021 946 1059 dein
980 1033 1151 1072 pugnam
1183 1020 1367 1060 conserui
1397 1020 1503 1060 seni:

90 1100 178 1126 eum
210 1100 282 1139 ego
312 1088 408 1127 adeo
439 1100 519 1127 uno
550 1088 752 1127 mendacio
784 1088 918 1135 devici,
949 1100 1030 1127 uno
1060 1089 1139 1128 ictu
1171 1088 1392 1139 extempulo

173 1155 259 1207 cepi
290 1155 426 1207 spolia.
476 1155 508 1194 is
539 1158 648 1194 nunc
679 1155 868 1194 ducentos
900 1159 1082 1196 nummos
1114 1155 1314 1207 Philippos
1344 1155 1468 1201 militi,

292 1234 390 1272 quos
421 1222 512 1261 dare
543 1235 584 1262 se
614 1223 805 1274 promisit,
837 1221 954 1261 dabit.
1758 1228 1815 1261 970

90 1301 198 1328 nunc
229 1289 358 1328 alteris
387 1290 501 1329 etiam
533 1290 712 1329 ducentis
743 1302 835 1329 usus
865 1296 936 1336 est,
969 1289 1034 1340 qui
1064 1289 1341 1341 dispensentur

173 1343 242 1395 ilio
274 1363 399 1408 capto,
432 1364 475 1396 ut
503 1358 553 1397 sit
582 1357 750 1396 mulsum
781 1357 847 1408 qui
877 1356 1122 1408 triumphent
1152 1356 1306 1396 milites.

89 1419 168 1477 [sed
201 1423 376 1463 Priamus
407 1424 469 1463 hic
499 1424 621 1463 multo
653 1423 705 1462 illi
737 1429 926 1475 praestat:
960 1436 1039 1462 non
1072 1424 1354 1475 quinquaginta
1386 1424 1515 1471 modo,

90 1490 398 1541 quadringentos
428 1491 526 1531 filios
556 1490 673 1530 habet
703 1493 819 1541 atque
851 1490 1029 1541 equidem
1063 1491 1190 1530 omnis
1220 1491 1342 1530 lectos
1372 1492 1456 1531 sine
1486 1491 1656 1543 probro:

88 1569 155 1597 eos
186 1561 258 1610 ego
289 1558 403 1598 hodie
434 1559 561 1598 omnis
593 1557 863 1597 contruncabo
895 1556 1048 1597 duobus
1077 1558 1170 1597 solis
1200 1556 1370 1614 ictibus]
1758 1565 1815 1597 975

87 1620 210 1678 [nunc
239 1625 393 1664 Priamo
425 1631 560 1665 nostro
591 1626 622 1665 si
653 1627 710 1665 est
741 1625 827 1676 quis
858 1631 1023 1676 emptor,
1054 1625 1357 1676 comptionalem
1388 1638 1521 1665 senem

86 1689 248 1729 vendam
280 1702 364 1741 ego,
395 1690 568 1729 venalem
600 1701 717 1741 quem
747 1689 884 1737 habeo,
917 1689 1112 1741 extemplo
1146 1690 1211 1729 ubi
1233 1691 1421 1742 oppidum
1443 1689 1747 1747 expugnavero.]

88 1754 154 1794 sed
175 1755 371 1794 Priamum
403 1755 618 1794 adstantem
641 1766 775 1794 eccum
807 1757 897 1793 ante
928 1760 1080 1805 portam
1102 1755 1226 1793 video.
1277 1755 1389 1794 adibo
1412 1761 1527 1806 atque
1548 1756 1747 1807 adloquar.

750 1843 1079 1885 NICOBVLVS

86 1908 301 1954 Quoianam
330 1921 403 1948 vox
433 1912 556 1960 prope
587 1921 648 1947 me
677 1907 820 1948 sonat?
881 1908 1038 1949 CHRYS.
1090 1908 1121 1948 Ο
1145 1908 1345 1948 Nicobule.
1404 1909 1499 1952 Nm.
1544 1910 1646 1956 Quid
1675 1908 1747 1949 fit?

85 1973 178 2024 quid
196 1973 299 2024 quod
316 1979 353 2012 te
368 1973 467 2021 misi,
485 1973 623 2024 ecquid
641 1972 779 2025 egisti?
810 1973 967 2014 CHRYS.
989 1971 1143 2025 Regas?
1168 1973 1422 2025 congredere.
1453 1974 1548 2015 N1c.
1570 1974 1746 2015 Gradior.
1760 1979 1816 2012 980

197 2069 261 2101 955
286 2069 413 2111 portae
436 2067 608 2111 phrygiae
632 2068 682 2102 A:
705 2066 800 2102 forte
823 2067 963 2112 phrigie
987 2067 1043 2108 (fr.
1075 2067 1118 2109 B)
1144 2066 1179 2101 P
1267 2067 1388 2102 lumen
1411 2069 1443 2102 A
1537 2071 1602 2103 956
1628 2069 1679 2104 eis
1697 2068 1749 2103 P.-

84 2119 139 2163 liis
163 2121 195 2155 A
331 2123 456 2156 nostra
479 2119 515 2155 P
648 2120 696 2165 cf.
730 2119 828 2155 Serv.
863 2120 912 2155 acl
941 2121 1028 2155 Aen.
1059 2122 1102 2162 2,
1133 2122 1179 2155 13
1203 2120 1359 2165 fatisque
1389 2121 1537 2167 repulsi]
1573 2121 1746 2157 oraculis:

86 2173 282 2208 secundum
305 2173 474 2209 Plautum
497 2173 632 2218 tribus,
664 2174 742 2209 uita
773 2174 911 2209 scilicet
937 2173 1069 2219 Troili,
1101 2174 1257 2209 Palladii
1282 2175 1578 2219 conseruatione,
1608 2175 1748 2220 integro

85 2226 250 2272 sepulcro
280 2226 554 2269 Laomedontis,
594 2227 689 2272 quod
720 2228 758 2261 in
791 2227 906 2263 Scaea.
934 2230 1041 2272 porta
1074 2227 1161 2272 fuit,
1201 2230 1242 2263 ut
1278 2228 1315 2262 in
1346 2228 1590 2264 Bacchidibus
1613 2228 1747 2264 lectum

85 2282 139 2315 est
244 2282 310 2315 959
334 2284 421 2316 tunc
445 2283 494 2315 A:
518 2283 594 2316 tum
619 2279 655 2314 P
764 2283 826 2316 961
854 2280 1095 2316 mnesilochus
1119 2282 1162 2323 A,
1187 2281 1250 2326 qui
1274 2282 1311 2315 in
1335 2281 1404 2316 lzoe
1427 2292 1458 2316 v.
1483 2281 1657 2325 deficit

85 2335 261 2368 962—965
278 2333 538 2380 amplificatori
554 2333 735 2369 tribuendi
825 2336 889 2370 962
912 2334 951 2369 id
966 2333 1027 2368 L:
1050 2337 1158 2379 atque
1173 2334 1212 2369 id
1305 2337 1369 2369 963
1387 2335 1570 2377 eccub(a)e
1664 2335 1748 2370 olim

85 2385 107 2420 ι’.
120 2397 148 2422 e.
161 2386 250 2422 illim
342 2389 405 2422 965
419 2387 482 2423 ilio
497 2387 565 2422 BC
652 2388 785 2432 expuli,
798 2398 893 2422 corr.
910 2387 1120 2422 Dissaldeus
1202 2398 1221 2423 e
1234 2399 1302 2423 om.
1317 2387 1352 2422 B
1443 2388 1605 2433 periculo
1620 2388 1655 2423 B

86 2441 150 2474 966
174 2442 301 2485 postea.
327 2440 372 2483 B,
395 2444 500 2486 poste
527 2440 598 2482 CD,
630 2452 722 2476 corr.
749 2441 936 2477 Acidalius
1079 2444 1143 2476 967
1170 2441 1319 2477 confixit
1344 2441 1459 2477 B¹CD
1575 2444 1639 2477 968
1665 2452 1746 2477 eum

85 2491 190 2527 DB':
213 2504 294 2529 cum
317 2493 402 2530 B¹C
534 2498 599 2530 969
625 2496 728 2540 coepi
865 2497 942 2529 971.
967 2498 1032 2530 972
1057 2495 1109 2540 cf.
1135 2495 1183 2530 ad
1206 2494 1335 2541 Amph.
1359 2496 1548 2541 10675q.,·
1570 2495 1635 2530 sed
1655 2496 1748 2540 fort.

88 2546 281 2582 969—972
296 2554 453 2594 systema
471 2549 690 2584 trochaicum
782 2551 960 2584 973—975
977 2552 1012 2583 et
1028 2551 1105 2583 976.
1125 2552 1188 2583 977
1208 2549 1521 2595 amplificationes.
1539 2549 1589 2593 cf.
1604 2547 1746 2583 Brach-

84 2610 236 2635 manmcs
255 2613 295 2647 p.
311 2602 388 2637 107
477 2605 542 2638 976
560 2602 788 2648 comptialem
807 2602 878 2644 CD,
896 2602 1195 2647 coemptionalem
1210 2602 1260 2636 B²
1353 2606 1416 2636 977
1435 2601 1576 2637 habebo
1596 2600 1656 2637 CD

86 2654 150 2687 978
175 2654 341 2689 adstante
363 2665 502 2691 mecum
521 2655 581 2691 CD
671 2656 803 2692 uidebo
895 2658 971 2690 979.
992 2657 1056 2690 980
1087 2656 1137 2700 cf.
1165 2654 1334 2691 Klotzius
1356 2655 1512 2700 qrundz.
1537 2654 1618 2689 altr.
1645 2661 1745 2689 metr.

83 2704 180 2748 423‚·
201 2706 292 2751 fort.
319 2708 512 2744 979-984
535 2713 691 2756 systema
706 2709 820 2746 troeh.
835 2714 1003 2755 sequente
1019 2707 1199 2749 breviora
1223 2708 1274 2753 cf.
1296 2709 1493 2743 992—994
1585 2710 1650 2744 979
1674 2717 1748 2744 uox

83 2758 167 2803 (hic
198 2761 294 2806 tam>
321 2760 512 2797 Richterus
541 2763 579 2798 in
608 2761 848 2798 Studemzmdc·
876 2762 969 2797 stud.
993 2764 1026 2805 1,
1053 2763 1147 2802 524,·
1177 2762 1268 2806 fort.
1300 2761 1479 2797 Nicobule
1510 2761 1656 2806 (salue)

85 2813 150 2846 980
175 2813 259 2857 quid
283 2814 377 2858 quod
402 2815 456 2849 B:
481 2816 653 2860 quidquid
679 2815 738 2851 CD
852 2826 893 2852 ec
918 2816 1003 2860 quid
1028 2814 1080 2850 B:
1104 2817 1172 2860 hec
1196 2815 1282 2859 quid
1308 2814 1368 2850 CD
1493 2815 1640 2860 gradior
1665 2813 1746 2851 OD.-

86 2866 298 2910 congredior
323 2866 381 2910 B,·
401 2869 482 2913 fort
506 2872 633 2905 contra
655 2869 800 2914 gradior
