2003 3188
236 98 289 135 32
970 93 1151 129 PLAVTI
1689 94 1717 122 11
1729 96 1755 127 2,
1774 95 1892 124 95—126

236 213 325 253 Sos.
375 211 474 257 Quid
504 211 573 250 tibi
605 208 691 249 est?
748 209 895 248 AMPn.
946 208 1089 246 Delirat
1119 219 1230 245 uxor.
1289 207 1379 247 Sos.
1430 208 1522 246 Atra
1553 208 1621 247 hili
1652 209 1798 260 percita
1821 215 1891 249 est.

238 281 342 318 nulla
372 292 434 318 res
465 286 540 317 tam
573 277 773 316 delirantis
803 276 980 314 homines
1011 274 1225 313 concinnat
1259 275 1348 313 cito.

237 347 382 386 Amrn.
432 345 502 384 Vbi
532 345 702 396 primum
734 343 803 382 tibi
835 342 1002 388 sensisti,
1035 342 1188 389 mulier,
1219 341 1498 393 impliciscier?

237 414 339 453 Au:
389 413 576 464 Equidem
599 418 748 450 ecastor
769 422 859 449 sana
883 416 921 448 et
941 410 1041 449 salva
1063 422 1162 448 sum.
1220 409 1368 450 AMPH.
1408 410 1519 456 Quor
1540 411 1657 460 igitur
1677 412 1891 463 praedicas,
1904 420 1961 452 730

238 485 274 521 te
305 481 385 520 lieri
416 493 477 519 me
508 480 659 523 vidisse,
693 478 756 529 qui
789 478 858 516 hac
890 483 1007 516 noctu
1039 477 1078 516 in
1111 483 1268 529 portum
1300 479 1447 517 advecti
1478 477 1643 518 sumus?

237 549 288 588 ibi
319 548 450 587 cenavi
481 553 595 597 atque
627 546 677 584 ibi
711 545 835 596 quievi
866 545 907 583 in
940 545 1026 584 navi
1059 552 1216 584 noctem
1249 552 1464 597 perpetem,

239 628 365 666 neque
395 627 523 653 meum
555 613 691 665 pedem
725 613 802 651 huc
833 612 946 651 intuli
977 613 1090 652 etiam
1124 614 1162 652 in
1196 613 1312 660 aedis,
1343 620 1386 652 ut
1416 626 1506 653 cum
1536 615 1707 654 exercitu

237 684 328 722 hinc
359 683 560 734 profectus
590 694 673 720 sum
707 680 752 719 ad
785 679 976 720 Teloboas
1007 681 1129 720 hostis
1160 694 1305 732 eosque
1335 688 1378 721 ut
1406 683 1581 721 vicimus.

237 750 339 790 ALC.
389 750 509 788 Immo
541 761 692 788 mecum
725 748 908 787 cenavisti
940 754 977 787 et
1007 761 1158 788 mecum
1190 750 1371 789 cubuisti.
1430 750 1577 790 AMPH.
1628 751 1729 796 Quid
1761 749 1846 790 est?
1906 757 1962 790 735

238 819 339 858 Am
388 818 484 856 Vera
510 817 609 857 dico.
649 816 796 855 AMPH.
837 816 923 855 Non
956 816 1003 855 de
1034 817 1105 856 hac
1137 818 1291 868 quidem
1324 818 1455 857 hercle
1479 831 1540 866 re;
1572 818 1619 857 de
1639 819 1726 858 aliis
1750 819 1893 858 nescio.

238 885 340 925 ALC.
388 884 558 923 Primulo
590 883 760 922 diluculo
793 882 918 922 abiisti
949 884 995 922 ad
1026 884 1213 935 legiones.
1272 884 1420 925 ΑΜΡΗ.
1462 885 1548 931 Quo
1581 884 1726 925 modo?

239 953 327 993 Sos.
377 953 495 991 Recte
526 951 630 996 dicit,
662 957 705 989 ut
735 951 1024 990 commeminit:
1057 951 1252 991 somnium
1285 959 1416 991 narrat
1445 952 1529 991 tibi.

238 1020 316 1065 sed,
348 1019 499 1065 mulier,
532 1025 737 1070 postquam
770 1024 996 1068 experrecta
1027 1032 1081 1066 es,
1113 1025 1149 1058 te
1180 1019 1384 1070 prodigiali
1417 1020 1493 1059 Iovi

239 1093 303 1125 aut
333 1087 443 1125 mola⁴
462 1087 559 1125 salsa
590 1086 703 1124 hodie
733 1092 799 1125 aut
828 1092 915 1125 ture
947 1093 1234 1137 comprecatam
1265 1088 1451 1138 oportuit.
1909 1095 1965 1128 740

238 1153 340 1193 ALC.
391 1154 465 1192 Vae
498 1154 613 1205 capiti
643 1156 724 1192 tuo.
784 1154 874 1194 Sos.
924 1154 1006 1192 Tua
1038 1155 1138 1193 istuc
1168 1156 1288 1193 refert
1317 1177 1370 1183 —-
1402 1155 1433 1194 si
1464 1156 1671 1195 curaveris.

238 1220 340 1260 ΑΜ.
390 1221 532 1261 Iterum
566 1222 639 1260 iam
672 1221 734 1260 hic
764 1221 802 1260 in
836 1235 897 1260 me
929 1222 1187 1261 inclementer
1216 1222 1319 1269 (licit,
1351 1229 1466 1274 atque
1497 1223 1534 1262 id
1565 1224 1650 1263 sine
1681 1223 1793 1262 malo.

238 1289 384 1328 AMPH.
434 1290 534 1328 Tace
564 1295 618 1328 tu.
679 1296 720 1328 tu
752 1290 833 1328 dic:
866 1302 990 1341 egone
1021 1290 1090 1329 ahs
1121 1297 1157 1329 te
1188 1290 1263 1329 abii
1294 1290 1386 1329 hinc
1418 1291 1532 1330 hodie
1562 1304 1650 1331 cum
1682 1289 1881 1330 diluculo?

239 1356 341 1396 ALC.
393 1357 488 1402 Quis
519 1358 637 1408 igitur
668 1358 742 1396 nisi
772 1371 840 1397 vos
871 1359 1040 1397 narravit
1071 1359 1133 1405 mi,
1167 1359 1219 1397 illi
1251 1365 1293 1397 ut
1323 1359 1440 1398 suerit
1469 1357 1693 1411 proelium?

239 1423 324 1464 AM.
355 1427 414 1464 An
432 1426 544 1464 etiam
566 1425 601 1464 id
625 1424 786 1465 tuscis?
825 1425 904 1466 AL.
935 1425 1089 1478 Quippe
1111 1426 1239 1477 quiex
1262 1434 1299 1466 te
1320 1427 1457 1473 audivi,
1480 1433 1523 1466 ut
1541 1426 1679 1466 urbem
1697 1428 1898 1467 maximam
1912 1437 1967 1470 745

241 1493 538 1543 expugnavisses
569 1506 778 1544 regemque
810 1494 998 1532 Pterelam
1031 1500 1112 1533 tute
1144 1494 1346 1534 occideris.

238 1560 384 1600 ΑΜΡΗ.
435 1561 569 1612 Egone
601 1561 701 1600 istuc
732 1560 837 1600 dixi?
895 1562 999 1602 Am.
1049 1561 1147 1601 Tute
1178 1562 1286 1609 istic,
1322 1563 1437 1601 etiam
1468 1563 1643 1602 adstante
1675 1564 1749 1603 hoc
1780 1565 1900 1604 Sosia.

239 1628 385 1669 AMPH.
434 1629 648 1668 Audivistin
680 1636 722 1668 tu
744 1642 806 1668 me
829 1642 989 1669 narrare
1012 1631 1106 1669 haec
1137 1629 1281 1670 hodie?
1340 1631 1430 1671 Sos.
1471 1630 1542 1670 Vbi
1565 1644 1636 1682 ego
1659 1631 1900 1672 audiverim?

240 1695 325 1735 AM.
357 1697 466 1735 Hanc
479 1709 585 1748 roga.
625 1697 665 1737 S.
697 1698 756 1736 Me
774 1697 930 1748 quidem
948 1705 1154 1750 praesente
1171 1711 1382 1750 numquam
1400 1700 1543 1738 sactum
1560 1706 1629 1747 est,
1647 1700 1750 1751 quod
1768 1700 1900 1739 sciam.

239 1763 342 1804 AL«.
392 1765 530 1803 Mirum
556 1765 649 1816 quin
682 1772 720 1804 te
741 1766 924 1805 adversus
954 1766 1068 1805 dicat.
1127 1766 1275 1806 ΑΜΡΗ.
1317 1766 1438 1813 Sosia,
1470 1779 1540 1818 age
1563 1780 1623 1806 me
1654 1768 1732 1807 huc
1757 1768 1899 1819 aspice.
1913 1775 1969 1807 750

239 1831 329 1870 Sos
379 1832 534 1883 Specto.
593 1834 739 1873 AMPH.
782 1834 879 1872 Vera
910 1834 995 1873 volo
1027 1835 1133 1885 loqui
1165 1841 1215 1881 te,
1248 1834 1338 1873 nolo
1370 1835 1564 1874 adsentari
1595 1835 1701 1874 mihi.

241 1899 443 1937 audivistin
475 1907 517 1938 tu
547 1900 661 1940 hodie
692 1913 754 1940 me
785 1901 838 1940 illi
869 1901 999 1941 dicere
1031 1914 1074 1941 ea
1106 1915 1204 1953 quae
1235 1902 1297 1940 illa
1329 1901 1531 1941 autumat?

241 1965 329 2005 Sos.
371 1966 522 2012 Quaeso
543 1969 692 2019 edepol,
716 1982 809 2008 num
831 1975 874 2008 tu
895 1982 1053 2021 quoque
1072 1970 1185 2009 etiam
1207 1970 1367 2016 insanis,
1391 1982 1510 2021 quom
1532 1970 1567 2009 id
1587 1983 1648 2010 me
1669 1971 1900 2023 interrogas,

242 2034 307 2083 qui
337 2034 444 2085 ipsus
475 2035 653 2085 equidem
685 2049 792 2076 nunc
823 2038 992 2088 primum
1024 2038 1149 2077 istanc
1181 2044 1310 2076 tecum
1341 2038 1543 2089 conspicio
1575 2037 1721 2077 simul?

241 2100 326 2140 ΑΜ.
372 2102 473 2147 Quid
497 2116 614 2149 nunc,
645 2104 812 2143 mulier?
843 2106 959 2144 audin
983 2104 1121 2145 illum?
1171 2104 1250 2145 AL.
1293 2105 1376 2157 Ego
1394 2108 1498 2152 vero,
1530 2118 1574 2145 ac
1596 2106 1733 2146 falsum
1756 2107 1898 2146 dicere.
1912 2113 1968 2144 755

240 2168 386 2209 AMPH.
431 2170 565 2221 Neque
587 2177 627 2210 tu
649 2172 703 2210 illi
725 2185 853 2223 neque
874 2173 967 2212 mihi
988 2174 1070 2212 viro
1102 2173 1175 2225 ipsi
1197 2171 1352 2213 credis?
1400 2172 1505 2214 Am.
1550 2174 1607 2213 Eo
1628 2174 1671 2213 fit
1699 2174 1788 2225 quia
1809 2174 1902 2212 mihi

242 2236 452 2287 plurimum
483 2238 599 2276 credo
631 2245 668 2277 et
698 2240 777 2278 scio
810 2241 927 2280 istaec
959 2243 1055 2280 facta
1088 2241 1254 2292 proinde
1284 2247 1328 2280 ut
1357 2241 1588 2293 proloquor.

240 2304 326 2344 AM.
357 2305 443 2344 Tun
465 2318 527 2344 me
552 2306 636 2345 heri
658 2307 857 2348 advenisse
889 2308 1013 2348 dicis?
1062 2309 1141 2349 AL.
1173 2309 1260 2348 Tun
1283 2315 1320 2348 te
1342 2309 1481 2349 abiisse
1502 2309 1617 2348 hodie
1637 2309 1731 2349 hinc
1753 2308 1902 2360 negas?

355 2463 418 2495 728
442 2461 617 2497 ihomines
645 2463 689 2504 B,
713 2464 866 2499 hominis
894 2465 926 2499 D
1033 2467 1097 2499 729
1122 2465 1173 2510 cf.
1198 2465 1336 2500 Fronto
1360 2463 1409 2499 acl
1432 2463 1482 2499 M.
1511 2463 1610 2499 Caes.
1627 2466 1661 2506 3,
1682 2465 1723 2499 13
1736 2476 1775 2510 p.
1797 2467 1840 2498 51
1858 2464 1903 2499 Ν.

241 2527 286 2550 ne
302 2517 388 2560 quid
411 2517 462 2552 ibi
479 2528 498 2552 e
514 2518 646 2563 frigore
662 2519 871 2564 inpliciscar
964 2525 1026 2556 735
1045 2522 1131 2566 quid
1148 2522 1280 2556 Aldus:
1296 2521 1382 2566 quid
1398 2520 1436 2555 id
1528 2523 1593 2555 736
1617 2521 1760 2566 quidem
1784 2522 1904 2557 hercle

240 2573 287 2606 de
310 2574 378 2608 hac
405 2573 633 2609 Camerarius
656 2576 720 2620 (cf.
746 2575 866 2611 Luchs
896 2588 1021 2614 comm.
1046 2589 1151 2624 pros.
1178 2579 1218 2619 2,
1249 2579 1305 2621 10)
1397 2579 1460 2611 737
1494 2577 1603 2612 abisti
1719 2579 1783 2612 738
1809 2589 1903 2613 com-

241 2628 344 2663 minit:
373 2628 499 2664 B¹DE
609 2633 673 2666 739
698 2635 734 2667 te
758 2632 899 2668 Nonius
923 2635 985 2668 44:
1008 2645 1076 2669 om.
1194 2638 1253 2669 741
1279 2635 1400 2680 prima
1425 2632 1552 2668 Sosiae
1575 2633 1684 2668 verba
1707 2628 1906 2670 convicium

242 2684 440 2726 remittunt,
464 2686 608 2729 ultima,
641 2698 713 2733 quo
736 2688 960 2734 impudentia
985 2690 1246 2732 dissimuletur,
1281 2695 1389 2725 totam
1413 2690 1626 2724 sententiam
1658 2689 1707 2724 ad
1735 2700 1778 2724 ea
1809 2690 1906 2736 rese-

243 2745 328 2775 rum
362 2752 455 2786 quae
490 2748 597 2778 antea
629 2745 788 2781 dixerat.
819 2746 870 2790 cf.
903 2746 1104 2782 Lorenzius
1132 2747 1182 2783 ad
1212 2746 1291 2782 Mil.
1323 2747 1390 2781 286
1528 2748 1592 2781 743
1628 2745 1693 2787 hin
1728 2745 1821 2781 B¹E

244 2799 308 2830 748
333 2798 400 2832 hoc
427 2797 463 2832 E
574 2803 638 2835 749
667 2801 786 2837 factus
812 2801 938 2837 BD¹E
1051 2807 1115 2838 754
1138 2804 1237 2849 ipsos
1262 2801 1405 2838 B¹D¹E
1507 2806 1572 2837 755
1597 2802 1659 2847 qui
1772 2813 1838 2847 ego
1865 2823 1904 2827 —

243 2853 360 2888 credis
384 2856 476 2897 (756)
501 2867 568 2890 om.
594 2857 721 2892 B¹DE
811 2862 873 2892 757
898 2859 971 2895 ista
995 2862 1062 2896 hec
1088 2861 1134 2902 B,
1158 2861 1231 2896 ista
1255 2863 1292 2896 et
1316 2859 1389 2895 DE
1479 2862 1543 2894 758
1567 2859 1687 2894 abisse
