2018 3183
177 104 198 140 1
205 102 229 140 8
235 103 257 140 2
914 101 1092 137 PLAVTI
1647 102 1720 136 prot.
1738 102 1839 130 21—51

445 217 509 256 hic
541 229 648 256 nunc
679 216 784 255 domi
813 216 932 255 servit
962 228 1033 255 suo
1064 216 1178 268 patri,
1213 227 1286 255 nec
1316 215 1389 254 scit
1419 220 1549 267 pater3

448 284 552 323 enim
583 286 673 322 vero
705 283 743 322 di
775 296 847 322 nos
879 283 989 334 quasi
1019 283 1116 336 pilas
1147 283 1328 322 homines
1358 282 1518 322 habent.

447 351 640 391 rationem
672 351 835 397 habetis,
866 363 944 402 quo
976 351 1092 390 modo
1122 362 1247 390 unum
1278 350 1463 390 amiserit.

447 426 655 472 postquam
686 418 918 469 belligerant
947 419 1073 457 Aetoli
1105 430 1193 457 cum
1226 418 1343 465 Aleis,

447 493 491 526 ut
519 487 562 526 fit
593 486 631 525 in
664 486 780 533 bello,
811 487 963 538 capitur
993 487 1090 526 alter
1121 486 1242 525 filius:
1871 494 1908 527 25

447 554 620 593 medicus
649 553 885 594 Menarchus
915 554 1007 592 emit
1037 554 1180 593 ibidem
1210 554 1250 592 in
1283 553 1405 592 Alide.

447 622 578 674 coepit
608 621 780 674 captivos
810 622 1066 661 commercari
1097 622 1161 661 hic
1191 621 1318 668 Aleos,

447 690 479 730 si
509 702 626 741 quem
658 690 832 742 reperire
863 690 988 742 possit
1018 690 1085 741 qui
1116 695 1241 728 mutet
1271 700 1394 737 suom,

446 757 556 797 illum
588 757 801 810 captivom:
834 758 942 797 hunc
972 770 1084 797 suom
1116 769 1200 796 esse
1234 757 1369 805 nescit,
1400 756 1467 808 qui
1499 756 1652 796 domist.

447 831 487 865 et
516 825 704 876 quoniam
734 825 819 864 heri
849 824 1075 872 indaudivit,
1107 825 1153 863 de
1183 837 1337 864 summo
1370 824 1457 863 loco
1871 830 1908 862 30

447 905 681 944 summoque
712 905 859 944 genere
890 899 1047 944 captum
1079 905 1164 931 esse
1195 892 1367 943 equitem
1399 891 1550 937 Aleum,

448 960 503 1000 nil
533 961 659 1012 pretio
690 961 825 1012 parsit,
857 960 935 998 filio
967 960 1060 998 dum
1090 966 1290 1011 parceret:

447 1028 704 1067 reconciliare
734 1034 779 1067 ut
809 1028 959 1067 facilius
990 1033 1124 1079 posset
1153 1027 1325 1075 domum,

447 1098 541 1135 emit
571 1096 689 1135 hosce
720 1109 740 1135 e
772 1096 913 1147 praeda
945 1095 1080 1134 ambos
1109 1095 1156 1134 de
1188 1093 1475 1146 quaestoribus.

447 1163 554 1203 hisce
585 1169 717 1203 autem
748 1164 852 1202 inter
881 1176 966 1202 sese
997 1163 1104 1202 hunc
1134 1163 1416 1202 confinxerunt
1447 1161 1592 1210 dolum,
1874 1167 1910 1200 85

447 1243 525 1282 quo
556 1237 670 1283 pacto
702 1231 766 1270 hic
795 1243 927 1271 servos
957 1243 1071 1270 suom
1102 1242 1214 1269 erum
1245 1231 1339 1270 hinc
1368 1230 1518 1269 amittat
1548 1230 1721 1270 domum.

446 1299 578 1351 itaque
607 1300 711 1339 inter
740 1312 782 1339 se
812 1305 1056 1338 commutant
1085 1305 1230 1338 vestem
1261 1304 1298 1337 et
1329 1298 1509 1347 nomina;

447 1367 526 1406 illic
554 1372 716 1406 vocatur
745 1367 997 1414 Philocrates,
1030 1367 1093 1406 hic
1123 1365 1352 1418 Tyndarus:

447 1435 564 1475 huius
595 1435 685 1484 illic,
716 1435 779 1474 hic
810 1435 913 1475 illius
942 1435 1059 1474 hodie
1090 1435 1166 1473 fert
1195 1434 1418 1486 imaginem.

448 1509 486 1543 et
515 1503 579 1542 hic
610 1503 726 1543 hodie
756 1503 937 1555 expediet
966 1503 1068 1541 hanc
1098 1502 1212 1542 docte
1243 1502 1445 1549 fallaciam,
1875 1509 1913 1542 40

449 1578 488 1611 et
517 1583 630 1611 suom
662 1583 770 1610 erum
805 1571 918 1610 saciet
948 1570 1136 1610 libertatis
1167 1577 1403 1622 compotem,

449 1639 667 1690 eodemque
698 1645 812 1691 pacto
845 1640 1008 1678 fratrem
1038 1637 1208 1678 servabit
1237 1650 1350 1677 suom

448 1707 714 1758 reducemque
745 1707 861 1746 faciet
889 1707 1056 1746 liberum
1088 1707 1127 1745 in
1159 1706 1324 1757 patriam
1356 1706 1401 1744 ad
1433 1711 1598 1758 patrem,

450 1775 699 1826 imprudens:
733 1774 865 1814 itidem
897 1781 941 1814 ut
970 1786 1087 1826 saepe
1118 1774 1193 1813 iam
1224 1774 1264 1813 in
1297 1773 1430 1813 multis
1461 1773 1556 1813 locis

449 1841 537 1895 plus
567 1843 742 1882 insciens
772 1843 859 1894 quis
889 1842 982 1881 fecit
1013 1854 1129 1893 quam
1161 1842 1337 1894 prudens
1367 1841 1477 1880 boni.
1876 1849 1914 1881 45

448 1909 517 1950 sed
549 1910 762 1950 inscientes
792 1923 861 1950 sua
892 1909 966 1950 sibi
998 1910 1147 1949 fallacia

449 1979 501 2018 ita
532 1985 814 2030 compararunt
843 1984 882 2018 et
912 1979 1192 2018 confinxerunt
1221 1977 1354 2016 dolum

448 2046 580 2098 itaque
612 2047 650 2085 hi
681 2046 908 2095 commenti,
939 2046 987 2085 de
1017 2058 1086 2085 sua
1116 2046 1311 2085 sententia

450 2120 495 2154 ut
524 2115 563 2153 in
595 2114 780 2154 servitute
811 2114 875 2153 hic
905 2114 952 2153 ad
983 2126 1096 2153 suom
1127 2120 1284 2153 maneat
1314 2119 1487 2165 patrem:

448 2183 502 2222 ita
533 2195 640 2221 nunc
672 2183 861 2233 ignorans
892 2195 963 2222 suo
996 2182 1070 2222 sibi
1100 2182 1219 2222 servit
1248 2182 1366 2233 patri3
1877 2193 1916 2226 50

448 2251 681 2290 homunculi
712 2251 848 2302 quanti
879 2257 985 2299 sunt,
1018 2263 1138 2302 quom
1168 2250 1364 2301 recogitol

292 2364 332 2397 21
361 2361 424 2408 qui
446 2362 627 2408 inqenuus
650 2364 759 2396 natus
783 2372 942 2407 pereqre
965 2362 1164 2396 serviverat
1194 2372 1291 2397 nunc
1314 2359 1411 2395 (lomi
1432 2358 1544 2394 servit
1566 2369 1633 2394 suo
1656 2359 1758 2405 patri

179 2421 221 2455 22
246 2419 340 2455 enim
365 2418 543 2465 Pylades:
568 2421 624 2453 est
723 2420 766 2452 24
791 2417 841 2463 cf.
870 2418 917 2452 93
1016 2417 1122 2453 alidis
1224 2417 1332 2463 quasi
1355 2415 1524 2452 cumaleis
1635 2417 1677 2449 26
1701 2415 1848 2460 ibidem,

177 2476 253 2512 scil.
278 2487 353 2511 non
377 2476 415 2510 in
439 2474 549 2510 aliam
571 2479 705 2510 terram
723 2485 848 2510 venum
865 2473 974 2509 datus
991 2474 1132 2510 devenit
1212 2476 1253 2508 27
1274 2473 1371 2519 cepit
1452 2472 1650 2508 comercari
1666 2471 1761 2507 B¹V

179 2533 270 2570 alios
385 2535 427 2568 28
444 2531 631 2577 repperire
655 2530 730 2566 DE
839 2533 973 2576 posset,
998 2541 1093 2566 corr.
1119 2530 1269 2566 Reizz'us
1382 2529 1444 2574 qui
1468 2528 1629 2564 Parcus:
1653 2538 1734 2563 cum
1758 2538 1847 2574 quo3

178 2591 228 2637 cf.
253 2590 323 2626 101
446 2591 488 2624 30
512 2589 598 2623 inde
621 2587 774 2632 audiuit,
799 2598 894 2622 corr.
923 2586 1133 2622 Gulielmius
1255 2589 1296 2622 31
1322 2587 1359 2621 in
1384 2585 1521 2621 hiatum
1546 2584 1639 2620 nillil
1657 2584 1850 2631 probabile

177 2648 389 2683 invenerunt
503 2647 548 2680 34
572 2644 623 2689 cf.
646 2646 720 2680 111.
745 2645 819 2679 453
933 2654 953 2679 e
977 2642 1246 2678 Studemundus
1270 2643 1305 2678 in
1331 2641 1557 2678 R'eclceiseni
1578 2652 1661 2676 ann.
1678 2641 1757 2684 113,
1785 2642 1851 2677 67.-

178 2704 223 2738 de
327 2706 368 2739 35
392 2703 491 2738 hunc
525 2713 592 2737 om.
626 2700 697 2737 VE
809 2700 1037 2736 confixerunt
1062 2699 1135 2735 DV
1159 2700 1255 2742 (item
1279 2700 1331 2734 47
1358 2699 1401 2742 V)
1509 2700 1553 2733 36
1576 2698 1637 2734 hic
1661 2697 1769 2733 EB2:
1791 2697 1849 2733 his

177 2758 266 2794 B¹D
277 2758 318 2802 V,
341 2759 373 2795 is
398 2758 640 2795 Londc’nensis
731 2768 877 2793 seruum
909 2756 979 2792 VE
1069 2759 1108 2792 37
1135 2756 1270 2792 interre
1303 2755 1373 2791 VE
1462 2757 1504 2791 38
1528 2754 1776 2800 philocrathes
1801 2753 1848 2796 B,

177 2815 425 2860 philochrates
458 2814 487 2851 V
602 2815 769 2851 tindarus
884 2817 927 2850 42
953 2814 1126 2858 seruauit,
1152 2824 1247 2849 corr.
1282 2812 1328 2847 V²
1436 2815 1480 2847 44
1503 2812 1698 2857 itidemque
1724 2811 1758 2847 B

177 2874 215 2908 et
239 2871 310 2907 VE
442 2874 595 2907 46—51:
615 2876 816 2919 postquam
841 2870 939 2907 dixit
964 2870 1173 2917 Tyndarum
1195 2873 1423 2906 servaturum
1447 2879 1524 2905 esse
1551 2869 1708 2913 fratrem
1731 2878 1848 2911 suum,
