1998 3179
133 77 190 103 cat.
205 77 272 104 1—8
867 82 1062 119 CAPTIVI
1711 93 1789 130 221

830 230 1099 271 CATERVA

134 283 394 354 §motatorem
426 304 472 342 ad
503 305 666 355 pudicos
695 319 825 348 mores
855 309 952 348 facta
984 311 1078 350 haec
1109 311 1234 351 fabula
1267 319 1337 361 est,

134 382 260 420 neque
291 371 332 410 in
363 371 436 410 hac
466 371 762 424 subigitationes
793 384 884 415 sunt
914 390 1043 428 neque
1073 379 1148 418 ulla
1179 381 1317 420 amatio
1806 383 1880 415 1030

134 450 206 476 nec
237 440 596 491 puerisuppositio
629 454 702 480 nec
731 445 881 493 argenti
913 445 1205 493 circumductio,

132 517 261 555 neque
291 506 358 544 ubi
390 519 522 547 amans
552 508 780 549 adulescens
809 517 983 550 scortum
1014 513 1153 553 liberet
1183 515 1279 554 clam
1311 529 1421 556 suom
1455 524 1618 570 patrem.

133 572 247 611 huius
278 573 381 612 modi
411 587 554 625 paucas
583 581 722 626 poetae
752 579 956 628 reperiunt
986 582 1215 629 comoedias,

131 639 198 677 ubi
229 640 324 678 boni
354 641 534 681 meliores
565 643 670 681 fiant.
717 657 824 684 nunc
854 658 934 693 vos,
964 647 995 687 si
1027 649 1134 688 vobis
1164 650 1291 701 placet

132 712 170 744 et
198 707 229 746 si
261 708 476 758 placuimus
509 721 638 760 neque
670 710 757 749 odio
790 713 945 761 suimus,
976 715 1130 766 signum
1162 718 1237 756 hoc
1268 719 1426 758 mittite:
1804 717 1878 750 1035

132 774 198 823 qui
229 775 435 825 pudicitiae
468 788 551 815 esse
581 777 694 817 voltis
724 781 955 829 praemium,
988 783 1165 834 plausum
1198 784 1297 824 date.

244 897 330 928 1029
357 895 532 930 CATEBVA
555 895 607 930 P:
630 907 662 931 v.
686 908 760 932 vac.
786 899 817 933 Α
928 905 1150 938 1030—1036
1175 905 1212 938 in
1230 907 1261 941 A
1286 905 1379 940 m'lzil
1400 906 1532 952 leqitnr
1556 910 1628 944 nisi
1647 911 1789 954 primae

129 947 268 983 litterae
292 961 322 985 v.
337 951 433 985 1031
457 956 491 985 et
512 953 612 986 1034
728 957 813 989 1030
839 956 919 991 subi
944 958 1179 1002 cogitationes
1213 960 1282 995 VE'
1394 962 1572 1006 04³[PTIVI]
1599 986 1641 990 ——
1663 967 1668 1010 Ι
1688 977 1786 1012 men„²

250 1016 274 1048 1.¹
289 1026 334 1032 —
350 1007 533 1048 (Curculio
541 1010 571 1051 P)
592 1013 596 1052 1
616 1020 810 1046 FELICITER
827 1016 867 1054 Α,
892 1024 1027 1048 PLAVTI
1049 1026 1199 1050 CAPTIVI
1214 1028 1387 1053 EXPLICIT
1404 1028 1541 1054 mcm'r
1559 1030 1737 1057 cvncvmo
1754 1022 1790 1056 P

240 1061 383 1097 Nonius
404 1066 486 1098 220
510 1065 639 1109 pilleus
663 1068 803 1110 generis
827 1070 1027 1105 masculini.
1075 1071 1224 1107 Plautus
1252 1074 1433 1118 Captiuis:

374 1120 520 1164 pilleum
545 1133 648 1166 quem
671 1124 797 1159 habuit
821 1125 979 1170 deripuit
1003 1137 1154 1172 eumque
1178 1129 1224 1163 ad
1249 1130 1388 1165 caelum
1413 1132 1558 1167 sustulit

127 1173 292 1218 (diripuit
315 1180 351 1210 et
372 1177 468 1212 tollit
491 1178 604 1219 codd„
630 1190 724 1213 corr.
750 1180 929 1223 Botlze'us).
970 1183 1006 1218 in
1030 1185 1174 1220 nomine
1194 1185 1348 1231 fabulae
1371 1192 1530 1222 erratum
1554 1199 1630 1225 esse
1651 1192 1786 1238 proba—

127 1229 244 1264 biliter
267 1232 419 1268 coniecit
442 1233 641 1270 Schoelle'us
