1998 3179
83 124 97 151 1
116 123 142 158 2,
155 124 240 152 7—27
766 122 1068 159 MENAECHMI
1661 121 1740 159 387

357 237 448 289 quid
478 244 619 290 petam,
652 238 745 289 quid
776 238 908 286 feram,
940 238 1032 289 quid
1063 237 1159 277 foris
1190 237 1349 289 egerim.

356 306 588 357 portitorem
621 305 778 345 domum
812 305 916 354 duxi,
946 306 997 345 ita
1030 318 1184 345 omnem
1216 305 1309 344 mihi

355 385 439 412 rem
470 386 632 413 necesse
662 373 793 424 eloqui
823 380 893 421 est,
926 373 1115 425 quidquid
1147 373 1207 425 egi
1239 380 1356 424 atque
1386 384 1471 424 ago.

84 441 246 482 nimium
279 452 351 492 ego
386 448 423 480 te
454 441 572 480 habui
603 441 802 480 delicatam
814 453 825 490 3
858 445 966 481 nunc
996 442 1092 480 adeo
1122 446 1167 480 ut
1196 441 1371 480 factiuns
1401 440 1538 480 dicam.

524 509 680 560 quando
713 512 785 560 ego
814 508 886 548 tibi
915 508 1088 555 ancillas,
1120 520 1282 559 penum,

525 577 665 624 lanam,
696 588 848 625 aurum,
878 582 1037 623 vestem,
1067 588 1283 627 purpuram

524 645 626 684 bene
656 644 826 696 praebeo
859 655 933 683 nec
965 644 1173 695 quicquam
1206 655 1309 694 eges.

527 712 628 750 malo
658 711 810 751 cavebis
841 711 871 750 si
902 711 1018 763 sapis,

523 779 648 818 virum
681 778 888 819 ohservare
918 779 1087 818 desines.

84 850 200 899 atque
230 848 338 894 adeo,
371 860 420 887 ne
451 860 512 887 me
544 847 780 898 nequiquam
811 859 954 893 serves,
986 846 1036 886 ob
1069 858 1152 886 eam
1184 845 1416 885 industriam

84 914 200 955 hodie
230 915 369 955 ducam
400 922 574 955 scortum
606 915 651 954 ad
683 927 820 954 cenam
851 922 966 966 atque
1000 915 1129 966 aliquo
1162 914 1364 954 condicam
1395 915 1510 953 foras.

83 983 187 1024 PEN.
236 983 319 1023 Illic
348 984 466 1023 homo
497 996 538 1023 se
569 983 682 1022 uxori
712 983 867 1023 simulat
896 982 994 1022 male
1025 983 1147 1034 loqui,
1178 982 1352 1034 loquitur
1381 982 1499 1028 mihi;

85 1063 172 1091 nam
204 1052 235 1090 si
267 1051 362 1091 foris
392 1058 518 1099 cenat,
549 1052 726 1103 profecto
756 1063 831 1099 me,
863 1051 965 1091 haud
996 1063 1171 1098 uxorem,
1201 1050 1414 1089 ulciscitur.

83 1119 200 1159 ΜΕΝ.
251 1119 372 1165 Euax,
402 1119 528 1175 iurgio
558 1119 689 1158 hercle
721 1119 876 1158 tandem
908 1131 1071 1158 uxorem
1102 1118 1212 1169 abegi
1245 1117 1292 1157 ab
1323 1118 1450 1157 ianua.

86 1187 152 1226 ubi
183 1191 277 1227 sunt
307 1193 500 1233 amatores
529 1186 687 1226 mariti?
719 1187 820 1226 dona
852 1187 944 1238 quid
977 1193 1132 1226 cessant
1161 1186 1254 1225 mihi

85 1256 268 1295 conferre
299 1267 435 1295 omnes
465 1255 794 1307 congratulantes,
826 1255 913 1306 quia
944 1254 1112 1306 pugnavi
1144 1251 1326 1293 fortiter?

83 1323 186 1362 hanc
216 1323 331 1362 modo
363 1323 475 1362 uxori
506 1323 614 1362 intus
645 1323 782 1374 pallam
815 1323 1014 1375 surrupui,
1046 1322 1090 1361 acl
1124 1327 1297 1361 scortum
1331 1321 1427 1359 fero.

85 1391 140 1430 sic
170 1391 245 1431 hoc
275 1391 398 1435 decet,
431 1391 510 1429 dari
542 1392 665 1430 facete
696 1390 811 1429 verba
843 1390 994 1429 custodi
1026 1395 1144 1429 eatae.

85 1459 159 1498 hoc
181 1459 333 1498 facinus
354 1455 612 1510 pulchrumst,
637 1459 713 1498 hoc
734 1459 951 1510 prohumst‚
969 1458 1045 1497 hoc
1065 1457 1288 1510 lepidumst,
1305 1456 1380 1495 hoc
1401 1456 1583 1494 factumst
1614 1454 1742 1493 fabre:

84 1530 172 1566 meo
202 1526 304 1565 malo
335 1538 355 1564 a
388 1526 486 1565 mala
516 1525 657 1566 abstuli
687 1526 774 1572 hoe,
806 1525 851 1564 ad
884 1525 1068 1564 damnum
1100 1524 1310 1564 deferetur.

84 1593 205 1633 avorti
237 1593 418 1646 praedam
449 1593 497 1633 ab
527 1594 706 1634 hostibus
737 1601 914 1633 nostrum
946 1593 1069 1632 salute
1100 1592 1263 1633 socium.

83 1662 187 1702 PEN.
237 1663 344 1703 Heus
375 1662 615 1710 adulescens,
646 1675 767 1714 ecqua
800 1663 839 1701 in
871 1662 964 1701 istac
994 1673 1084 1713 pars
1113 1661 1215 1700 inest
1246 1659 1387 1712 praeda
1418 1657 1542 1699 mihi?

84 1729 200 1770 ΜΕΝ.
252 1730 375 1778 Perii,
408 1731 447 1770 in
480 1730 639 1771 insidias
681 1730 830 1770 deveni.
890 1731 995 1769 Pssx.
1045 1729 1170 1768 Immo
1202 1729 1241 1768 in
1274 1728 1525 1780 praesidium,
1557 1739 1608 1765 ne
1640 1726 1742 1765 time.

199 1878 263 1911 116
287 1878 407 1921 petam
426 1876 672 1913 Camerarius:
697 1877 816 1912 (letam
835 1876 933 1918 13¹1),
951 1875 1084 1911 <letiam
1103 1874 1140 1919 C,
1157 1874 1285 1910 dedam
1305 1873 1355 1908 B²
1445 1871 1590 1916 legerim
1608 1870 1745 1912 B¹CD,·

85 1932 122 1967 in
147 1935 178 1968 Α
208 1933 302 1968 inter
330 1943 352 1977 q
376 1938 411 1968 et
441 1942 464 1976 g
491 1934 648 1978 spatium
680 1936 778 1980 capit
809 1933 872 1968 uid
901 1931 1012 1968 forise
1127 1931 1176 1976 cs:
1213 1930 1365 1965 Brixius
1394 1928 1451 1964 act.
1485 1928 1524 1969 Α,
1566 1926 1746 1962 Vahlenus

87 1988 209 2025 Herm.
235 1990 290 2030 17,
320 1990 382 2024 611
399 1981 474 2034 sq}
498 1989 596 2025 foras
621 2001 762 2035 egeram
788 1989 973 2036 Hauptius
1090 1990 1150 2021 117
1177 1997 1212 2031 p.
1239 1987 1271 2021 d.
1297 1986 1389 2021 dixit
1413 1985 1465 2021 ita
1487 1984 1574 2019 mihi
1598 1994 1746 2019 necesse

84 2048 141 2082 est
164 2045 284 2091 eloqui
308 2045 448 2081 Nonius
464 2046 515 2080 24
605 2046 704 2092 loqui
821 2047 996 2080 120—122
1023 2044 1136 2079 tribus
1160 2043 1320 2079 versibus
1343 2041 1511 2077 describit
1530 2041 1564 2076 B
1589 2040 1744 2085 (quando

84 2122 129 2128 —
153 2113 286 2148 penum
306 2102 312 2147 1
332 2102 452 2137 lanam
479 2123 518 2126 -—
544 2113 626 2147 eges
648 2103 654 2147 Ι
674 2103 767 2138 malo
792 2123 836 2127 —
861 2102 1027 2146 desines),
1053 2106 1226 2146 quattuor
1250 2100 1300 2139 Α,
1330 2104 1509 2133 servatum
1537 2098 1571 2131 in
1597 2096 1748 2131 secundi

84 2159 187 2194 initio
204 2158 264 2202 lau
287 2158 360 2199 (lan
380 2177 388 2184 ·
415 2178 422 2184 -
442 2158 501 2192 1—
515 2163 538 2193 t.
558 2158 739 2194 Sekoellio
763 2162 796 2193 et
816 2158 976 2200 Goetzz'o)
1071 2159 1132 2192 120
1150 2155 1201 2201 cf.
1222 2157 1294 2191 801
1385 2153 1496 2189 schol.
1515 2154 1602 2188 Aen.
1620 2153 1655 2195 4,
1674 2152 1746 2187 373

84 2216 197 2250 linum
213 2214 333 2251 lanam
344 2216 501 2261 praebeo
518 2226 634 2260 neque
648 2216 837 2260 quicquam
850 2225 932 2259 eges
1026 2216 1088 2248 122
1106 2212 1199 2248 malo
1214 2211 1360 2247 cauebis
1379 2211 1408 2245 si
1426 2210 1522 2254 sapis
1541 2206 1597 2245 διὰ
1615 2208 1745 2252 μέσου,

85 2283 170 2309 vera
188 2271 362 2318 apodosis
376 2272 550 2317 sequitur,
567 2283 640 2307 non
658 2283 700 2307 ea
715 2273 841 2317 forma
854 2282 961 2317 quam
976 2274 1267 2316 praeparaverat
1348 2269 1410 2301 123
1428 2265 1665 2311 nequicquam
1684 2264 1746 2308 15³¹,

86 2331 276 2375 quicquam
301 2327 362 2364 CD
476 2329 525 2373 cf.
555 2329 620 2363 791
737 2330 799 2362 124
824 2331 933 2372 atque
956 2327 1077 2371 aliquo
1102 2326 1148 2361 ad
1177 2335 1302 2360 cenam
1327 2323 1532 2364 Addamus,
1564 2320 1628 2356 sed
1651 2320 1749 2366 quod

86 2385 214 2421 deinde
227 2385 271 2432 fit
294 2395 340 2420 ne
355 2385 407 2420 sic
428 2384 568 2430 quidem
586 2385 795 2432 exponitur.
836 2389 994 2420 scortum
1011 2394 1049 2418 se
1072 2393 1146 2417 non
1171 2381 1312 2416 domum
1339 2380 1387 2415 ad
1409 2388 1532 2416 cenam
1557 2376 1746 2412 ducturum

86 2453 162 2478 esse
193 2446 470 2477 consentaneum
501 2446 577 2482 est;
606 2440 708 2476 addit
740 2444 848 2485 atque
876 2441 996 2485 aliquo
1022 2438 1209 2475 condicam
1233 2437 1332 2473 foras
1357 2447 1429 2482 quo
1453 2434 1610 2481 parasiti
1631 2443 1747 2468 sermo

80 2502 327 2546 praeparetur
447 2500 621 2533 126—158
646 2499 769 2533 deest
792 2499 823 2532 Α
942 2499 1002 2531 127
1038 2495 1157 2529 Varro
1183 2494 1205 2528 l.
1232 2495 1254 2528 l.
1285 2495 1314 2534 7,
1343 2493 1390 2527 93
1415 2491 1476 2533 (F)
1507 2500 1601 2526 euax
1629 2489 1745 2534 iurgio

87 2565 234 2591 uxorem
256 2554 404 2590 tandem
427 2554 473 2589 ab
497 2554 597 2598 regia
619 2554 731 2590 ianua
848 2556 910 2588 129
936 2552 995 2598 qui
1023 2551 1071 2586 B¹
1186 2549 1314 2585 foriter
1339 2548 1373 2583 B
1491 2549 1553 2581 130
1577 2545 1744 2592 procedit

86 2610 223 2657 pallam
253 2611 317 2646 sub
343 2610 461 2657 pallio
494 2610 659 2653 indutus,
692 2611 742 2656 cf.
766 2610 848 2645 196.
876 2611 957 2644 512.
983 2618 1060 2643 eam
1085 2617 1181 2641 nune
1205 2604 1469 2651 spectatoribus
1494 2602 1649 2638 ostendit
1675 2601 1747 2643 (laio

90 2677 211 2703 versus
234 2676 328 2701 unus
350 2668 456 2702 etiam
480 2671 593 2702 metro
610 2666 766 2703 sermoni
777 2667 949 2713 propior,
973 2674 1056 2699 uam
1075 2674 1104 2698 v.
1122 2663 1198 2697 127
1211 2661 1260 2696 act
1269 2661 1399 2707 priora
1415 2660 1596 2706 pertinet),
1620 2658 1747 2693 deinde

88 2724 132 2758 de
147 2734 188 2758 re
204 2723 291 2759 bem
306 2725 409 2769 qesta
425 2722 532 2758 verba
547 2723 644 2768 facit
658 2727 698 2757 ut
715 2723 919 2759 instituerat
1014 2723 1075 2754 131
1097 2719 1127 2754 si
1146 2718 1195 2753 B²
1291 2719 1350 2751 132
1377 2716 1512 2752 factust
1606 2717 1668 2750 133
1693 2714 1745 2759 ef.

97 2779 279 2815 Vahlenus
303 2777 426 2813 Herm.
451 2780 508 2824 17,
535 2780 610 2815 609
705 2781 767 2814 134
792 2778 910 2814 auerti
936 2775 1007 2814 OD,
1033 2775 1245 2810 Priscianus
1268 2775 1301 2816 1,
1327 2774 1424 2808 309:
1453 2772 1597 2808 aduorti
1621 2771 1657 2806 B

88 2835 157 2872 huc
181 2834 358 2882 respicere
385 2835 525 2870 videtur
546 2836 647 2870 Asin.
675 2835 751 2870 884
868 2836 930 2869 135
955 2835 992 2868 et
1015 2842 1086 2877 qua
1111 2829 1225 2866 B¹CD
1338 2830 1476 2874 praeda
1502 2828 1747 2865 Camerarius.-

88 2903 153 2938 pre
271 2894 334 2927 136
358 2891 505 2927 deuenit
528 2891 642 2927 B¹CD

1407 2944 1478 2976 ⁹5*

1407 2969 1425 2977 a-

1754 512 1810 545 120

1754 647 1810 680 121

1754 781 1810 814 122

1756 985 1810 1018 125

1758 1323 1811 1356 130

1756 1663 1811 1695 135
