1998 3179
81 86 110 114 H
123 87 148 119 3,
168 86 280 114 99-111
294 87 317 119 1,
336 85 369 113 24
814 83 1007 120 GAPTIVI
1657 83 1735 120 199

83 199 218 239 eadem
247 198 523 252 percontabor,
556 198 688 249 ecquis
718 198 823 237 hunc
854 198 1143 237 adulescentem
1176 197 1337 237 noverit.

83 279 248 318 sequere
278 273 332 315 tu,
363 273 401 306 te
431 273 474 306 ut
504 267 696 315 amittam;
728 267 762 305 ei
792 267 848 305 rei
878 267 1048 318 primum
1078 266 1271 318 praevorti
1301 266 1400 305 volo.
1424 288 1476 293 --
1751 273 1808 305 460

749 378 1071 419 ERGASILVS
1626 376 1695 415 ΙΠ
1717 378 1738 416 1

87 456 202 497 Miser
230 457 348 496 homo
380 463 449 505 est,
481 457 546 508 qui
577 457 660 508 ipse
689 457 761 496 sibi
794 456 897 507 quod
929 456 1007 495 edit
1038 456 1188 507 quaerit
1219 464 1256 495 et
1286 457 1322 495 id
1354 469 1469 507 aegre
1499 456 1658 502 invenit,

88 525 152 564 sed
183 525 246 564 ille
278 531 337 564 est
365 525 556 573 miserior,
589 525 655 576 qui
685 531 723 563 et
752 536 867 575 aegre
898 524 1049 575 quaerit
1079 531 1117 562 et
1148 524 1243 562 nihil
1273 524 1442 572 invenit3

89 592 151 631 ille
183 592 452 640 miserrimust‚
485 593 550 643 qui
582 605 669 631 cum
703 604 786 630 esse
817 592 936 642 cupit,
967 589 1095 644 (tum>
1126 591 1230 641 quod
1261 592 1338 630 edit
1369 604 1449 630 non
1480 591 1611 630 habet.

67 671 178 698 -nam
210 660 340 699 hercle
371 672 443 711 ego
473 660 564 698 huic
594 660 667 706 die,
699 659 731 698 si
762 659 888 705 liceat,
921 658 1056 697 oculos
1088 658 1264 696 effodiam
1296 658 1434 705 libens,

88 726 139 765 ita
169 727 407 778 malignitate
438 727 613 766 oneravit
642 726 769 765 omnis
800 725 973 764 mortalis
1004 725 1118 773 mihi;
1758 733 1814 765 465

91 806 219 844 neque
250 794 541 833 ieiuniosiorem
573 806 702 844 neque
732 793 853 844 magis
884 794 1073 832 ecfertum
1105 793 1205 831 same

90 861 165 900 vidi
197 874 270 901 nec
300 862 392 913 quoi
424 862 552 901 minus
583 862 770 912 procedat
801 861 988 911 quidquid
1021 862 1148 900 facere
1181 861 1391 911 occeperit,

90 928 141 967 ita
171 935 306 968 venter
335 935 548 981 gutturque
579 929 750 968 resident
780 928 954 968 esurialis
985 928 1111 967 ferias.

91 995 195 1035 ilicet
223 997 450 1048 parasiticae
480 997 552 1036 arti
583 997 787 1035 maximam
818 997 957 1035 malam
988 1008 1160 1042 crucem,

91 1063 143 1102 ita
172 1064 354 1103 iuventus
383 1065 457 1103 iam
488 1065 673 1103 ridiculos
703 1064 920 1115 inopesque
951 1063 997 1102 ab
1029 1076 1070 1102 se
1101 1069 1291 1115 segregat.
1763 1068 1820 1100 470

92 1131 148 1169 nil
177 1138 382 1171 morantur
412 1133 486 1170 iam
517 1131 693 1171 Lacones
724 1131 955 1170 unisubselli
984 1131 1099 1176 viros,

93 1198 361 1251 plagipatidas‚
393 1199 534 1250 quibus
565 1205 657 1239 sunt
683 1200 800 1238 verba
832 1199 916 1238 sine
946 1211 1054 1250 penu
1085 1204 1122 1237 et
1151 1198 1338 1250 pecunia:

95 1278 163 1305 eos
192 1267 412 1317 requirunt,
444 1267 511 1318 qui
541 1267 720 1314 libenter,
755 1279 873 1317 quom
905 1266 1073 1313 ederint,
1104 1265 1271 1304 reddant
1300 1264 1424 1312 domi3

95 1334 167 1386 ipsi
199 1334 406 1381 obsonant,
439 1347 538 1385 quae
569 1335 831 1386 parasitorum
862 1340 951 1373 ante
984 1339 1065 1372 erat
1096 1333 1308 1384 provincia,

96 1402 169 1453 ipsi
199 1402 246 1442 de
277 1403 361 1441 foro
393 1408 470 1441 tam
501 1408 634 1453 aperto
667 1402 792 1454 capite
824 1402 869 1440 ad
900 1401 1065 1440 lenones
1102 1408 1197 1440 eunt
1768 1408 1824 1441 475

98 1481 212 1520 quam
244 1470 284 1508 in
316 1470 421 1508 tribu
452 1476 587 1522 aperto
620 1470 745 1521 capite
776 1475 908 1509 sontes
939 1468 1205 1508 condemnant
1234 1478 1345 1514 reos;

99 1549 228 1588 neque
258 1537 444 1577 ridiculos
473 1537 549 1576 iam
580 1537 755 1576 terrunci
787 1537 947 1583 faciunt,
980 1548 1065 1575 sese
1098 1548 1235 1575 omnes
1266 1540 1409 1574 amant.

98 1607 189 1643 nam
220 1605 276 1644 uti
308 1605 454 1644 dudum
484 1605 578 1644 hinc
609 1604 697 1653 abii,
731 1605 875 1644 accessi
906 1605 951 1643 ad
983 1604 1254 1643 adulescentes
1284 1603 1325 1641 in
1358 1604 1455 1642 foro.

94 1667 262 1712 ‘salvete'
289 1673 462 1724 inquam.
495 1667 593 1723 ‘quo
615 1673 716 1712 imus
737 1668 825 1712 una'
852 1675 1012 1723 inquam
1031 1669 1095 1711 ‘ad
1118 1664 1374 1723 prandiuni‘?³
1402 1677 1519 1721 atque
1541 1668 1594 1708 illi
1615 1674 1760 1707 tacent.

95 1735 199 1791 ‘quis
229 1741 281 1779 ait
307 1734 438 1779 “hoc''
474 1746 541 1779 aut
571 1740 657 1792 quis
687 1734 942 1792 pi‘ofiteturT‘
978 1740 1151 1790 inquam.
1205 1740 1314 1790 quasi
1346 1739 1442 1777 muti
1473 1737 1602 1784 silent,
1771 1747 1829 1780 480

100 1820 228 1859 neque
261 1820 323 1846 me
353 1808 495 1846 rident.
532 1803 616 1847 ‘ubi
648 1801 879 1847 cenamus?
916 1808 1088 1858 inquam.
1135 1810 1251 1858 atque
1282 1806 1336 1845 illi
1366 1805 1557 1845 abnuont.

100 1876 186 1915 dico
217 1888 341 1915 unum
372 1875 579 1915 ridiculum
610 1876 756 1915 dictum
787 1876 834 1916 de
865 1875 977 1914 dictis
1007 1875 1246 1922 melioribus,

102 1943 244 1994 quibus
273 1943 447 1983 solebam
477 1943 736 1983 menstruales
768 1943 902 1995 epulas
934 1949 1024 1982 ante
1055 1942 1283 1994 adipiscier:

104 2023 219 2050 nemo
250 2011 372 2059 ridet3
404 2010 497 2050 scivi
529 2011 723 2062 extemplo
756 2023 838 2049 rem
872 2011 918 2049 de
950 2018 1155 2062 compecto
1187 2010 1289 2059 geri3

214 2114 280 2147 459
297 2112 563 2157 percunctabor
646 2113 743 2146 hunc
761 2123 830 2146 om.
852 2111 922 2147 OV
1005 2114 1067 2146 461
1089 2111 1295 2145 PAnasrrvs
1312 2120 1362 2144 nv
1380 2115 1443 2151 (nv
1462 2120 1530 2144 om.
1552 2108 1592 2151 O)
1610 2107 1678 2143 ΒΟ
1690 2106 1765 2149 VE,

102 2173 197 2215 spat.
226 2168 256 2203 Β
347 2168 404 2203 vel
424 2168 525 2213 ipsus
619 2169 776 2212 quaerit:
803 2179 868 2212 que
898 2166 966 2202 VE
1066 2169 1130 2201 463
1156 2166 1377 2201 miserrimus
1401 2168 1457 2200 est
1547 2164 1658 2209 (tum)
1682 2163 1767 2198 Nie-

103 2234 275 2270 meyerus,
302 2224 364 2269 qui
380 2228 477 2259 recte
492 2223 579 2258 dicit
595 2223 662 2259 hoc
679 2235 782 2259 versu
799 2235 871 2258 uon
886 2223 1097 2258 sententiam
1114 2223 1242 2268 auqeri
1258 2221 1322 2256 sed
1335 2222 1452 2256 iocum
1545 2224 1611 2255 464
1635 2219 1708 2255 diei

104 2282 169 2315 466
193 2280 270 2315 ecfr
292 2283 369 2315 tum
397 2279 474 2322 VE,
499 2279 686 2315 effractum
709 2279 737 2315 0
846 2282 910 2314 467
938 2279 998 2324 qui
1022 2279 1093 2321 (cui
1121 2279 1162 2321 O)
1271 2280 1335 2313 468
1360 2277 1495 2322 itaque,
1519 2287 1568 2312 eas
1592 2286 1659 2310 usu
1683 2276 1718 2317 (i.
1737 2287 1766 2310 e.

105 2336 191 2378 itae)
284 2337 335 2383 cf.
355 2336 424 2372 Cic.
450 2336 493 2371 de
517 2336 584 2382 leq.
602 2338 640 2378 2,
667 2338 714 2371 55
737 2336 918 2371 denicales
943 2336 1081 2377 (feriae)
1105 2335 1308 2370 residentur
1332 2334 1482 2370 mortuis
1575 2334 1640 2366 469
1664 2332 1770 2367 Licet

109 2392 215 2429 OVE
304 2397 368 2428 470
387 2403 545 2438 opesque
572 2391 648 2435 VE,
672 2393 797 2437 inopes
816 2404 852 2436 ςς
872 2388 954 2437 ‘qai
967 2391 1113 2427 ridiculi
1128 2395 1163 2427 et
1178 2392 1305 2437 inopes
1321 2385 1434 2431 suns,
1459 2389 1508 2433 cf.
1529 2388 1625 2423 Trz'n.
1642 2389 1704 2422 111

108 2459 198 2492 sese,
223 2460 317 2485 corr.
345 2449 573 2484 Camerarius
680 2452 742 2484 471
771 2449 834 2484 uni
858 2449 924 2484 sub
950 2448 1039 2492 selli,
1063 2447 1115 2492 cf.
1140 2447 1254 2482 Stich.
1279 2448 1379 2488 489;
1402 2444 1676 2481 unisubsellium
1700 2457 1769 2489 μο·

108 2507 304 2542 νοκοὶτιον
388 2508 566 2541 472-479
584 2517 650 2540 om.
672 2505 700 2541 O
787 2508 851 2540 473
877 2505 1099 2540 comederint
1114 2507 1212 2546 (-unt
1229 2504 1275 2546 D)
1355 2506 1422 2537 474
1445 2502 1509 2537 issi
1526 2506 1564 2536 ut
1581 2500 1649 2536 vid.
1669 2500 1771 2536 ΒῙΕι

110 2562 195 2603 (475
217 2562 263 2597 isi
286 2561 333 2605 Ε)
459 2565 524 2597 476
550 2563 599 2607 cf.
624 2562 867 2598 Momm-senus
890 2562 960 2595 ίαν.
979 2561 1083 2608 publ.
1110 2562 1145 2603 3,
1164 2562 1238 2595 358
1367 2563 1430 2594 477
1456 2562 1530 2594 tam
1558 2557 1685 2593 B²DV

110 2618 263 2654 terrunti
287 2618 332 2661 D,
355 2619 527 2654 terrumci
545 2618 582 2653 E
585 2631 600 2660 ;
616 2620 666 2664 cf.
689 2618 930 2654 Buecheler-us
947 2629 1036 2652 mus.
1055 2617 1169 2653 Rhen.
1188 2618 1248 2659 46,
1264 2617 1342 2650 236
1354 2626 1408 2661 sq.
1480 2617 1544 2649 478
1561 2625 1644 2650 nam
1659 2615 1772 2659 (ego)

112 2672 279 2716 Botliius,
303 2675 354 2720 cf.
371 2674 573 2721 Seyffertus
596 2675 688 2709 stad.
707 2674 760 2710 Pl.
778 2676 832 2709 20
923 2677 964 2709 ut
1054 2677 1119 2708 479
1145 2674 1196 2718 cf.
1213 2672 1262 2707 acl
1287 2673 1357 2713 94;
1381 2682 1453 2706 una
1477 2670 1560 2705 hino
1584 2671 1620 2706 in
1645 2682 1675 2707 v.
1701 2672 1772 2706 481

112 2732 294 2771 (cenamus
317 2736 402 2772 una)
420 2732 626 2777 transponit
643 2731 862 2773 Sclioellius,
886 2730 950 2766 sed
970 2730 1028 2764 lze'c
1045 2730 1114 2765 vim
1130 2729 1300 2764 comicum
1322 2728 1440 2770 habet,
1466 2737 1539 2762 non
1564 2726 1649 2762 illic.
1686 2726 1774 2762 alte-

111 2795 190 2819 rum
206 2785 351 2830 inquam
367 2786 435 2822 del.
456 2787 603 2823 Guietus
672 2790 737 2822 483
754 2786 983 2822 menstrualis
1002 2785 1080 2828 ΒΟ,
1096 2785 1301 2821 mestrualis
1327 2784 1358 2818 V
1370 2782 1431 2826 (E)
1504 2786 1571 2818 484
1590 2782 1775 2819 Charisius

112 2842 186 2876 197
198 2845 361 2884 (testatus
376 2843 420 2878 de
437 2847 624 2888 conpecto)
641 2855 717 2879 rem
735 2844 778 2879 de
796 2845 980 2887 compecto
1001 2853 1085 2886 gero
1180 2843 1388 2886 compact03
1413 2840 1465 2885 cf.
1484 2839 1615 2875 Pseud.
1636 2840 1710 2874 540
1719 2849 1773 2885 sq.
