2018 3183
235 86 316 124 372
972 83 1150 120 PLAVTI
1710 86 1739 112 v
1757 86 1898 118 1,25—45

232 201 346 241 DAN.
386 203 467 252 Age
490 213 572 252 age,
595 199 750 239 absolve
779 197 888 253 (me)
919 206 1035 250 atque
1056 205 1265 249 argentum
1288 210 1463 244 numera,
1497 212 1547 238 ne
1568 199 1730 240 comites
1753 213 1895 240 morer.

233 269 299 309 ST.
332 269 708 307 Perumneratumst.
739 267 822 307 DA.
847 267 955 306 Tene
971 266 1210 306 cruminam:
1235 266 1312 305 huc
1329 266 1434 305 inde.
1461 266 1528 307 ST.
1553 267 1759 319 Sapienter
1775 269 1896 309 venis.

233 336 430 388 opperire,
460 336 551 374 dum
575 335 695 374 effero
727 334 774 373 ad
805 341 842 374 te
863 341 1083 386 argentum.
1142 334 1255 373 DAN.
1297 333 1459 373 Matura.
1518 334 1615 374 STR.
1658 334 1819 375 Domist.
1841 359 1896 365 -—

232 404 306 443 ΕΡ.
356 402 462 442 Satin
495 414 567 453 ego
599 402 723 441 oculis
752 403 960 442 utilitatem
992 402 1151 454 optineo
1182 401 1337 441 sincere
1366 413 1414 440 an
1447 399 1617 453 parum?

231 470 371 509 videon
403 482 476 521 ego
507 469 740 509 Telestidem
772 477 822 517 te,
854 469 1089 521 Periphanai
1119 469 1250 516 filiam,
1908 478 1965 512 635

232 550 279 577 ex
312 537 488 590 Philippa
519 544 641 577 matre
673 544 801 578 natam
832 538 988 585 Thebis,
1021 537 1208 589 Epidauri
1237 535 1389 576 satam?

928 627 1198 668 TELESTIS

233 696 330 741 Quis
359 703 401 735 tu
432 697 551 735 homo
583 708 636 743 es,
669 695 735 746 qui
767 707 898 734 meum
929 703 1138 747 pareutum
1170 707 1316 734 nomen
1348 707 1542 734 memoras
1573 702 1612 734 et
1642 694 1802 734 meum?

231 764 306 803 ΕΡ.
357 763 445 802 Non
476 775 539 802 mc
571 761 704 802 nosti?
753 763 854 803 TEL.
906 763 1018 810 Quod
1051 763 1206 814 quidem
1241 775 1348 802 nunc
1372 763 1502 802 veniat
1532 763 1570 802 in
1594 770 1766 803 mentem
1787 763 1896 803 mihi.

231 831 306 871 ΕΡ.
357 831 444 870 Non
477 831 688 871 meministi
720 843 781 870 me
812 843 968 870 auream
999 832 1045 870 ad
1077 838 1115 870 te
1146 832 1286 869 afferre
1318 831 1432 870 natali
1463 831 1525 870 die
2007 871 2015 878 Α,

231 898 407 938 lunulam
437 905 554 950 atque
586 898 756 937 anellum
787 898 991 937 aureolum
1022 901 1061 937 in
1094 896 1288 949 digitum?
1337 899 1438 937 TEL.
1479 897 1652 944 Memini,
1683 899 1735 937 mi
1766 898 1966 938 hommem
2009 887 2015 913 ζ

232 973 329 1006 tune
359 966 391 1006 is
422 964 493 1005 es?
552 966 626 1006 ΕΡ.
678 965 761 1018 Ego
793 978 893 1012 sum,
925 969 963 1005 et
993 966 1080 1005 istic
1111 967 1239 1013 frater,
1271 966 1337 1017 qui
1369 972 1407 1004 te
1437 971 1662 1012 mercatust,
1694 972 1795 1006 tuos.
2004 959 2006 961 ’

520 1049 540 1071 Ῡ.
984 1047 1006 1070 *
1125 1034 1196 1073 alia
1228 1041 1362 1080 matre,
1395 1045 1475 1072 uno
1507 1040 1628 1085 patre.

231 1101 332 1140 TEL.
374 1100 472 1146 Quid
496 1108 608 1153 pater
630 1099 768 1141 meus?
800 1099 915 1139 vivit?
975 1101 1049 1141 ΕΡ.
1091 1102 1231 1140 Animo
1254 1101 1401 1153 liquido
1425 1107 1463 1140 et
1483 1100 1695 1152 tranquillo
1715 1114 1768 1149 es,
1802 1108 1898 1141 tace.

231 1168 334 1208 TEL.
387 1169 432 1207 Di
463 1181 525 1207 me
556 1182 603 1208 ex
633 1169 784 1221 perdita
814 1175 1005 1207 servatam
1037 1169 1216 1221 cupiunt,
1248 1169 1279 1208 si
1311 1181 1399 1208 vera
1429 1175 1620 1209 autumas.

231 1236 306 1276 ΕΡ.
357 1236 444 1275 Non
476 1236 601 1275 habeo
634 1236 752 1275 ullam
783 1236 1044 1284 occasionem,
1075 1243 1119 1275 ut
1148 1236 1251 1288 apud
1282 1243 1320 1275 te
1349 1236 1444 1276 falsa
1475 1236 1639 1276 fabuler.
1911 1240 1967 1272 645

840 1326 1292 1367 STRATIPPOCLES

233 1395 377 1446 Accipe
407 1401 614 1446 argentum
644 1395 732 1442 hoc,
765 1395 928 1435 danista.
989 1396 1052 1434 hic
1084 1402 1177 1434 sunt
1207 1394 1463 1446 quadraginta
1494 1395 1637 1433 minae.

233 1462 362 1513 siquid
393 1462 468 1501 erit
497 1462 674 1510 dubium,
706 1462 935 1502 immutabo.
995 1464 1107 1504 DAN.
1159 1463 1266 1502 Bene
1297 1462 1436 1509 fecisti,
1467 1462 1569 1501 bene
1598 1462 1693 1501 vale.
1725 1486 1780 1491 —

232 1530 329 1571 STR.
370 1530 486 1570 Nunc
502 1530 606 1569 enim
624 1532 666 1569 tu
684 1543 768 1570 mea
790 1544 843 1570 es.
903 1532 1004 1571 TEL.
1046 1532 1169 1570 Soror
1186 1531 1341 1582 quidem
1361 1530 1511 1582 edepol,
1534 1537 1634 1569 uttu
1649 1542 1772 1582 aeque
1788 1532 1898 1571 scias.

232 1598 349 1652 salve,
381 1599 512 1637 frater.
572 1598 668 1638 Sm.
720 1599 850 1647 Sanan
883 1598 977 1638 haec
1009 1596 1097 1638 est?
1155 1599 1230 1639 ΕΡ.
1282 1598 1397 1643 Sana,
1429 1598 1459 1637 si
1491 1598 1660 1650 appellat
1689 1611 1814 1638 suom.

233 1666 273 1706 S.
296 1665 430 1712 Quid?
451 1679 523 1718 ego
535 1663 1186 1720 modo<amatorsuin>huicsrater
1202 1666 1339 1713 sactus,
1357 1666 1566 1705 dumintro
1583 1679 1630 1706 eo
1641 1673 1757 1718 atque
1776 1664 1970 1706 exeo?650

233 1734 309 1774 ΕΡ.
361 1734 474 1780 Quod
506 1733 602 1773 boni
634 1741 692 1773 est
721 1734 759 1773 id
791 1734 932 1773 tacitus
963 1740 1091 1773 taceas
1122 1740 1206 1773 tute
1237 1740 1367 1773 tecum
1399 1741 1437 1772 et
1467 1734 1648 1784 gaudeas.

233 1802 329 1842 STR.
380 1801 586 1841 Perdidisti
617 1809 656 1841 et
685 1802 894 1853 repperisti
926 1814 1001 1849 me,
1033 1814 1158 1841 soror.
1218 1802 1293 1841 ΕΡ.
1345 1801 1521 1849 Stultu’s,
1552 1809 1650 1840 tace.

230 1946 346 1982 voluit
361 1951 564 1981 remoratus
584 1942 637 1981 es'
656 1946 924 1982 constructione
941 1946 1048 1992 quasi
1065 1946 1256 1980 transitum
1270 1945 1434 1991 faciente
1450 1956 1473 1980 a
1491 1944 1682 1981 transitiva
1698 1945 1748 1981 ad
1763 1946 1903 1981 intran-

229 2003 390 2043 sitivum,
420 2003 472 2047 cf.
498 2002 592 2037 Rud.
618 2003 697 2037 440
727 2007 761 2038 et
785 2001 983 2049 Lanqenus
1011 2001 1122 2049 symb.
1147 2003 1228 2037 179.
1252 2003 1330 2037 180
1445 2004 1507 2036 631
1534 2000 1629 2047 (me)
1655 2001 1883 2038 Camerarius
1890 2015 1905 2044 ;

233 2062 276 2095 A.
294 2070 330 2095 n.
348 2059 371 2094 l.
464 2069 615 2094 numera
631 2058 686 2094 bis
702 2058 777 2094 ΒΕ
866 2061 931 2093 632
955 2061 1250 2104 pernumeratust
1268 2057 1341 2093 ΒΕ
1347 2071 1361 2100 ,·
1385 2058 1417 2094 A
1434 2069 1468 2092 n.
1485 2057 1507 2093 l.
1601 2057 1667 2093 D.:
1691 2057 1737 2093 E.
1757 2056 1818 2093 EI

232 2117 286 2153 S.:
312 2116 357 2150 D.
383 2114 446 2150 EI
566 2116 670 2151 uenis
694 2115 744 2158 P,
768 2116 879 2151 -nis
903 2118 957 2157 Α,·
988 2126 1111 2151 mones
1135 2115 1322 2151 Acidalius
1443 2117 1508 2150 633
1535 2114 1569 2150 S.
1587 2125 1732 2161 praem.
1758 2113 1819 2150 ΕΙ

231 2183 303 2218 opp
329 2192 373 2197 —
397 2173 448 2214 A,
474 2172 617 2217 operire
641 2171 677 2206 P
699 2175 808 2214 (corr.
833 2172 896 2215 B2)
990 2172 1026 2207 S.
1055 2171 1332 2208 Taubmannus:
1364 2183 1431 2207 om.
1458 2170 1548 2214 BE,
1579 2171 1621 2206 E.
1648 2170 1674 2206 I
1755 2174 1822 2207 634
1846 2182 1904 2207 am

230 2220 361 2274 pai-um
388 2229 439 2264 Βι
542 2231 621 2264 635.
647 2230 713 2263 636
737 2229 880 2264 inverso
907 2228 1036 2264 ordine
1060 2228 1096 2263 P
1197 2231 1262 2264 635
1287 2228 1481 2274 periphani
1505 2226 1539 2271 I,
1563 2228 1676 2272 phere
1699 2228 1788 2273 pani
1812 2227 1886 2263 BE
1890 2241 1906 2270 ,-

231 2288 263 2322 A
288 2298 322 2322 n.
348 2286 373 2321 Z.
465 2288 530 2321 636
556 2296 601 2320 ex
624 2284 683 2321 vel
703 2295 767 2329 ea,
799 2296 839 2321 er
863 2288 914 2321 A:
940 2297 961 2321 e
983 2285 1018 2320 P
1107 2287 1230 2321 natam
1254 2285 1435 2332 Pylades:
1461 2287 1586 2320 natam
1609 2295 1651 2320 as
1676 2283 1768 2326 ΒΕ,
1792 2289 1905 2320 natan

231 2346 339 2386 (corr.
364 2353 414 2379 ea:
437 2345 572 2384 natam)
597 2353 636 2378 es
661 2340 703 2383 I;
726 2343 757 2378 A
783 2354 818 2378 n.
845 2342 866 2378 l.
961 2345 1024 2377 637
1053 2346 1109 2388 est
1133 2344 1164 2377 A
1257 2345 1323 2378 638
1347 2342 1498 2387 nouisffi
1520 2343 1553 2376 A
1575 2351 1655 2376 cum
1678 2339 1714 2375 P
1736 2340 1903 2383 (nouistis

231 2399 297 2444 Β);
323 2400 375 2444 cf.
400 2398 581 2434 Lucksius
605 2410 730 2434 comm.
748 2410 854 2445 pros.
878 2400 911 2441 1,
927 2400 981 2434 22
1097 2402 1162 2434 640
1186 2399 1236 2434 mi
1260 2399 1311 2434 P:
1334 2399 1430 2434 inter
1453 2398 1599 2434 memini
1622 2401 1656 2433 et
1679 2398 1787 2440 homo
1811 2396 1906 2433 velut

230 2456 354 2492 hercle
384 2455 441 2491 vel
469 2457 551 2491 hem
580 2455 629 2490 mi
659 2456 697 2490 in
720 2456 752 2490 A
784 2459 915 2491 extare
943 2455 1133 2490 videbatur
1165 2454 1414 2490 Studemundo
1553 2457 1615 2489 641
1650 2453 1738 2489 Mul.
1768 2454 1825 2490 vel
1846 2454 1904 2490 Vi.

225 2522 371 2558 praem.
388 2512 423 2546 P
514 2522 592 2547 sum
618 2522 688 2548 om.
705 2513 739 2547 A
830 2512 892 2557 qui
908 2515 945 2555 te
961 2514 1143 2547 mercatus
1159 2512 1202 2553 Α,
1229 2522 1297 2547 om.
1313 2511 1350 2546 P
1437 2514 1523 2547 tuus
1539 2511 1584 2554 A,
1606 2513 1693 2546 tuus
1709 2512 1766 2546 est
1782 2508 1818 2545 P

232 2569 413 2603 642—652
435 2568 519 2614 fere
542 2567 637 2604 nihil
657 2568 790 2615 leqitur
813 2571 846 2604 A
938 2571 1003 2604 642
1027 2568 1080 2604 sic
1103 2567 1250 2603 mutilus
1267 2571 1305 2602 in
1322 2567 1365 2610 P,
1390 2568 1464 2603 nisi
1484 2567 1585 2613 quod
1606 2567 1720 2603 inalia
1741 2566 1906 2604 iacturae

231 2624 405 2660 indicium
429 2625 611 2671 praebent
633 2623 710 2660 BE
730 2625 817 2668 (alia
840 2623 891 2669 I);
922 2626 958 2660 in
983 2625 1013 2660 A
1046 2625 1144 2660 brevi
1171 2629 1258 2670 post
1287 2624 1426 2659 inicium
1451 2624 1572 2670 spatio
1596 2635 1668 2667 mm
1685 2643 1728 2649 —
1745 2627 1787 2670 ut
1802 2623 1820 2658 f
1835 2623 1903 2666 —l,

232 2701 277 2706 —
299 2681 419 2726 fuisse
442 2680 610 2717 videntur
626 2681 779 2727 virqim's
794 2681 903 2717 verba
930 2681 1039 2717 talia:
1061 2680 1190 2727 <he>m‚
1213 2680 1338 2724 m<eus
1363 2680 1478 2716 frater
1500 2680 1585 2722 ille>
1609 2683 1650 2716 ut
1673 2680 1814 2726 f(iat?>

233 2740 298 2772 643
317 2738 395 2773 uiui
411 2741 446 2774 st
462 2738 497 2773 B
504 2737 562 2779 ιΕ,
579 2738 706 2774 uiuust
723 2738 785 2781 ΒΞ,
802 2738 911 2774 uiuus
927 2741 983 2774 est
1000 2736 1033 2779 I,
1050 2739 1202 2773 correxi
1267 2740 1332 2772 647
1351 2738 1422 2773 erit
1437 2737 1491 2773 bis
1508 2735 1584 2772 ΒΕ
1657 2740 1723 2773 648
1740 2747 1845 2774 sotor
1862 2756 1902 2762 —-·

233 2795 329 2831 scias
361 2794 509 2841 Epidici
542 2794 576 2830 B
714 2797 780 2830 650
809 2795 980 2842 supplevi
1007 2798 1099 2838 (sum
1133 2794 1319 2838 Goetzius)
1456 2804 1563 2830 exeo:
1599 2804 1644 2829 ea
1673 2803 1717 2830 eo
1741 2791 1818 2829 BE

234 2854 296 2885 651
324 2851 411 2896 quid
435 2851 471 2887 B
563 2854 630 2887 652
653 2852 822 2897 reperisti
847 2850 905 2887 EI
