2018 3183
213 97 264 136 68
953 91 1134 128 PLAVTI
1672 91 1739 125 113.
1762 92 1836 125 1—4,
1855 92 1872 120 2

881 206 1194 247 MERCATOR
1780 205 1825 245 H
1846 208 1870 245 3

213 290 260 328 Vt
290 290 574 328 demonstratae
603 290 695 326 sunt
726 286 834 333 mibi,
864 285 980 324 hasce
1012 285 1116 324 aedis
1147 297 1230 325 esse
1262 289 1429 337 oportet,

213 357 471 396 Demaenetus
501 353 566 392 ubi
597 352 739 391 dicitur
768 351 954 390 habitare.
1004 350 1028 397 i,
1058 362 1193 402 puere‚
1223 350 1327 401 pulta

212 430 328 474 atque
358 423 565 461 atriensem
595 419 791 465 Sauream,
823 419 853 457 si
885 424 943 458 est
973 418 1092 465 intus,
1123 423 1281 457 evocato
1313 417 1401 457 huc.

211 491 304 531 Lm.
355 490 451 536 Quis
482 495 635 527 nostras
666 487 720 526 sic
752 487 895 537 frangit
924 484 1060 525 sores?
1092 486 1178 531 ohe,
1211 485 1382 536 inquam,
1414 484 1445 523 si
1476 483 1569 535 quid
1600 483 1720 522 audis.

212 558 352 598 Mmzc.
403 557 524 596 Nemo
555 556 670 594 etiam
702 554 840 605 tetigit.
890 566 1016 593 sanun
1050 551 1119 592 es?
1177 552 1270 593 Lm.
1320 553 1368 591 At
1398 551 1606 591 censebam
1638 550 1810 602 attigisse
1887 560 1942 594 385

213 631 434 678 propterea,
464 624 542 662 buc
573 622 659 673 quia
690 621 861 660 habebas
891 621 976 660 iter.
1028 620 1120 659 nolo
1152 633 1222 671 ego
1257 621 1359 659 fores
1389 631 1597 659 conservas

214 705 319 731 meas
349 694 370 731 a
402 699 438 731 te
467 689 722 729 verberarier.
774 701 867 728 sane
899 700 971 740 ego
1003 700 1089 727 sum
1119 688 1266 727 amicus
1299 687 1454 726 nostris.

213 760 353 800 MERC.
403 759 473 798 Pol
503 758 604 797 baud
636 757 825 809 periclum
857 762 925 803 est,
957 756 1135 796 cardines
1165 768 1216 795 ne
1246 755 1397 794 foribus
1427 754 1699 805 effringantur,

214 829 246 868 si
277 829 374 868 istoc
405 826 583 878 exemplo
616 825 799 864 omnibus
830 825 895 875 qui
928 831 1122 875 quaerunt
1152 823 1420 875 respondebis.

214 896 306 936 Lm.
356 895 410 934 lta
440 895 536 933 haec
565 900 713 932 morata
746 899 803 932 est
833 893 967 931 ianua:
1001 891 1195 943 extemplo
1226 891 1432 930 ianitorem
1888 897 1946 931 390

215 963 366 1010 clamat,
397 961 536 1014 procul
566 961 597 1000 si
629 972 745 1011 quem
777 959 878 998 videt
908 960 963 997 ire
995 959 1038 997 ad
1072 972 1112 997 se
1143 959 1407 997 calcitronem.

215 1031 279 1069 sed
313 1029 404 1081 quid
437 1027 574 1068 venis?
605 1028 695 1079 quid
729 1025 954 1078 quaeritas?
1013 1026 1153 1066 MERC.
1203 1027 1484 1065 Demaenetum
1514 1024 1701 1064 volebam.

214 1098 307 1138 Lm.
358 1098 396 1137 Si
428 1097 473 1136 sit
506 1096 622 1142 domi,
656 1095 779 1134 dicam
813 1094 895 1133 tibi.
955 1094 1096 1134 MERC.
1147 1094 1248 1140 Quid
1280 1094 1363 1133 eius
1394 1091 1599 1133 atriensis?

214 1165 307 1205 Lm.
337 1165 464 1203 Nihilo
488 1176 598 1214 mage
618 1163 724 1202 intus
746 1169 815 1203 est.
866 1162 1007 1202 MERC.
1042 1162 1109 1201 Vbi
1132 1160 1217 1201 est?
1265 1161 1359 1202 Lm.
1395 1162 1450 1200 Ad
1474 1168 1673 1200 tonsorem
1695 1160 1751 1200 ire
1772 1159 1878 1199 dixit.

215 1233 356 1273 MERC.
406 1232 591 1272 Conveni.
637 1231 704 1270 sed
736 1237 825 1282 post
846 1243 926 1269 non
951 1228 1077 1269 redit?
1135 1230 1229 1270 Lm.
1275 1230 1361 1269 Non
1385 1229 1535 1281 edepol.
1583 1228 1675 1280 quid
1695 1225 1948 1269 volebas?395

215 1300 356 1340 MERC.
404 1300 567 1350 Argenti
597 1299 734 1351 viginti
765 1299 903 1345 minas.
934 1298 965 1337 si
997 1298 1158 1345 adesset,
1189 1298 1415 1349 accepisset.

215 1368 307 1407 Lm.
359 1368 432 1413 Qui
463 1380 535 1418 pro
567 1365 696 1406 istuc?
756 1366 896 1406 MERC.
947 1367 1087 1405 Asinos
1117 1366 1290 1405 vendidit
1320 1365 1473 1405 Pellaeo
1505 1363 1712 1404 mercatori

216 1441 401 1474 mercatu.
449 1435 543 1475 Lm.
588 1435 690 1474 Scio.
736 1441 778 1473 tu
810 1435 846 1473 id
870 1446 978 1473 nunc
1000 1433 1153 1473 refers?
1185 1434 1259 1472 iam
1291 1433 1354 1473 hic
1375 1433 1491 1472 credo
1522 1445 1611 1472 eum
1642 1431 1880 1471 adfuturum.

216 1503 356 1544 MERC.
407 1503 492 1549 Qua
524 1502 619 1541 facie
648 1508 778 1541 voster
809 1502 955 1541 Saurea
986 1500 1072 1541 est?
1103 1502 1134 1541 si
1166 1503 1197 1541 is
1227 1508 1296 1549 est,
1328 1502 1402 1540 iam
1433 1501 1533 1541 scire
1564 1507 1715 1552 potero.

217 1571 309 1611 Lm.
360 1570 575 1610 Macilentis
604 1570 726 1617 malis,
760 1570 913 1609 rufulus
943 1569 1195 1620 aliquantum,
1226 1569 1459 1616 ventriosus,
1894 1574 1951 1609 400

217 1639 450 1678 truculentis
481 1638 617 1685 oculis,
649 1638 854 1678 commoda
885 1643 1045 1684 statura,
1078 1637 1176 1677 tristi
1208 1638 1348 1676 fronte.

218 1706 359 1746 MERC.
409 1706 495 1745 Non
527 1706 654 1757 potuit
683 1706 813 1757 pictor
843 1706 988 1744 rectius
1018 1705 1241 1744 describere
1271 1705 1355 1744 eius
1385 1705 1563 1744 sormam.

218 1775 311 1814 Lm.
361 1775 488 1825 Atque
518 1774 650 1813 hercle
680 1774 811 1826 ipsum
842 1773 938 1812 adeo
970 1779 1151 1821 contuor,
1184 1774 1382 1824 quassanti
1413 1773 1538 1824 capite
1570 1772 1726 1811 incedit.

218 1842 385 1893 quisque
416 1841 567 1881 obviam
598 1842 688 1880 huic
720 1841 931 1881 occesserit
960 1841 1070 1889 irato,
1103 1841 1311 1893 vapulabit.

219 1909 362 1951 MERC.
411 1909 609 1960 Siquidem
640 1908 774 1948 hercle
804 1908 1025 1948 Aeacidinis
1055 1908 1174 1948 minis
1204 1908 1424 1960 animisque
1456 1907 1632 1959 expletus
1662 1906 1820 1953 incedit,
1895 1915 1952 1948 405

220 1978 252 2017 si
281 1978 368 2017 med
401 1977 522 2016 iratus
550 1977 736 2028 tetigerit,
765 1976 887 2016 iratus
916 1976 1126 2028 vapulabit.

924 2098 1188 2140 LEONIDA
1784 2098 1829 2138 Π
1858 2100 1885 2138 4

223 2179 325 2225 Quid
355 2179 431 2219 hoc
461 2182 510 2218 sit
541 2179 686 2229 negoti,
721 2178 920 2217 neminem
951 2190 1080 2217 meum
1112 2178 1258 2217 dictum
1289 2178 1419 2228 magni
1451 2176 1606 2217 facere?

222 2245 414 2285 Libanum
445 2246 485 2284 in
517 2246 752 2284 tonstrinam
784 2251 827 2283 ut
858 2245 1044 2283 iusseram
1074 2245 1221 2292 venire,
1254 2245 1285 2284 is
1316 2245 1446 2284 nullus
1477 2245 1593 2283 venit.

336 2347 398 2379 381
437 2344 601 2378 mevs
637 2354 784 2378 sssavvs.
833 2353 1032 2378 MERCATOB
1068 2350 1314 2384 (MERCHATOR.
1352 2354 1384 2378 c.
1423 2342 1471 2385 E)
1503 2342 1594 2384 BE;
1630 2344 1679 2389 cf.
1721 2345 1796 2378 369

223 2403 287 2435 385
319 2410 476 2435 sanusne
613 2402 676 2434 387
702 2399 836 2434 nostris
865 2398 1093 2434 Gulielmius:
1117 2400 1250 2435 nostris
1274 2399 1425 2435 aedibus
1565 2402 1628 2435 388
1655 2400 1889 2447 efmngantur

222 2456 284 2499 B',
310 2456 534 2501 efringantur
559 2455 669 2497 DB2‚·
692 2456 742 2501 cf.
769 2455 879 2490 Stich.
904 2456 991 2497 327,
1016 2455 1093 2491 Mil.
1118 2457 1219 2491 1250
1358 2458 1422 2491 389
1448 2456 1478 2491 si
1502 2456 1585 2500 (tu)
1610 2455 1821 2504 Isaempfius
1844 2458 1890 2493 de

220 2523 329 2559 pron.
347 2523 448 2559 pers.
473 2513 525 2547 24
631 2512 810 2558 extemplo
917 2515 982 2548 392
1008 2513 1231 2548 demenetam
1255 2512 1292 2547 E
1397 2515 1461 2547 393
1485 2512 1527 2547 fit
1552 2512 1602 2547 B¹
1718 2516 1782 2549 395
1808 2524 1890 2550 cum

222 2569 394 2613 uenisset,
419 2580 512 2604 corr.
547 2569 736 2615 Vssinqz'us
881 2568 989 2604 rediit
1013 2569 1120 2607 (redit
1138 2573 1275 2615 praest.)
1404 2571 1467 2604 397
1493 2569 1608 2614 pelleo
1724 2573 1789 2605 400
1825 2571 1890 2606 ali—

221 2629 393 2670 quantum
417 2625 467 2660 ad
489 2625 651 2668 rufulus,
676 2626 726 2671 cf.
758 2624 858 2671 Capt.
886 2626 960 2660 648
985 2625 1095 2660 Mero.
1116 2626 1191 2660 640
1215 2624 1345 2660 Pseud.
1362 2627 1459 2660 1218
1550 2629 1614 2660 403
1632 2627 1824 2671 quansanti
1844 2628 1890 2670 B,

223 2683 435 2726 quanssanti
462 2681 510 2717 Ε1
613 2685 680 2717 404
704 2683 776 2717 huc
804 2681 906 2717 B¹D¹
1008 2685 1073 2716 405
1099 2682 1297 2718 eachidinis
1324 2681 1404 2722 DE,
1429 2682 1630 2717 eachinidis
1659 2682 1690 2717 B
1782 2683 1888 2719 nimis

223 2737 310 2773 B¹D
464 2739 676 2784 animusque
702 2737 828 2774 B¹DE
985 2739 1081 2774 cedit
1104 2736 1288 2783 Scaliyer,·
1313 2740 1362 2783 cf.
1388 2738 1522 2773 Bacch.
1548 2739 1648 2774 1069
1673 2738 1783 2774 Mero.
1811 2741 1890 2775 600

223 2793 301 2829 Mil.
328 2795 406 2829 897
425 2794 536 2830 Poen.
563 2797 636 2831 577
761 2798 828 2831 406
851 2805 907 2830 me
933 2794 967 2829 B
1098 2798 1161 2829 407
1187 2795 1369 2830 Leonum.
1394 2805 1562 2830 LmAst.
1588 2806 1704 2831 snm.
1730 2806 1889 2832 cnum-

222 2860 341 2885 DATvs
366 2854 629 2893 (cmfflnuvs
649 2851 694 2895 E)
720 2850 795 2886 BE
881 2861 1048 2896 magnum
1068 2850 1102 2885 E
