<?xml version="1.0" encoding="UTF-8"?>
<!DOCTYPE html PUBLIC "-//W3C//DTD XHTML 1.0 Transitional//EN"
    "http://www.w3.org/TR/xhtml1/DTD/xhtml1-transitional.dtd">
<html xmlns="http://www.w3.org/1999/xhtml" xml:lang="en" lang="en">
 <head>
  <title>
</title>
<meta http-equiv="Content-Type" content="text/html;charset=utf-8" />
  <meta name='ocr-system' content='tesseract 3.04.00' />
  <meta name='ocr-capabilities' content='ocr_page ocr_carea ocr_par ocr_line ocrx_word'/>
</head>
<body>
  <div class='ocr_page' id='page_1' title='image "./comoediaerecensu01plauuoft_0268.png"; bbox 0 0 2018 3183; ppageno 0'>
   <div class='ocr_carea' id='block_1_1' title="bbox 229 82 1900 122">
    <p class='ocr_par' dir='ltr' id='par_1_1' title="bbox 229 82 1900 122">
     <span class='ocr_line' id='line_1_1' title="bbox 229 82 1900 122; baseline -0.007 0"><span class='ocrx_word' id='word_1_1' title='bbox 229 84 310 122; x_wconf 84' lang='lat'>256</span> <span class='ocrx_word' id='word_1_2' title='bbox 963 82 1143 118; x_wconf 84' lang='lat' dir='ltr'><strong>PLAVTI</strong></span> <span class='ocrx_word' id='word_1_3' title='bbox 1712 82 1757 111; x_wconf 92' lang='lat'>111</span> <span class='ocrx_word' id='word_1_4' title='bbox 1769 84 1796 116; x_wconf 87' lang='lat'>6,</span> <span class='ocrx_word' id='word_1_5' title='bbox 1815 83 1900 111; x_wconf 82' lang='lat'>5—18</span> 
     </span>
    </p>
   </div>
   <div class='ocr_carea' id='block_1_2' title="bbox 230 194 1967 656">
    <p class='ocr_par' dir='ltr' id='par_1_2' title="bbox 230 194 1967 656">
     <span class='ocr_line' id='line_1_2' title="bbox 231 194 1894 244; baseline -0.001 -5"><span class='ocrx_word' id='word_1_6' title='bbox 231 200 331 239; x_wconf 72' lang='lat' dir='ltr'>LYs.</span> <span class='ocrx_word' id='word_1_7' title='bbox 383 199 490 237; x_wconf 87' lang='lat' dir='ltr'>Bone</span> <span class='ocrx_word' id='word_1_8' title='bbox 521 201 598 244; x_wconf 83' lang='lat' dir='ltr'>vir,</span> <span class='ocrx_word' id='word_1_9' title='bbox 629 197 741 236; x_wconf 78' lang='lat' dir='ltr'>salve.</span> <span class='ocrx_word' id='word_1_10' title='bbox 802 196 877 236; x_wconf 74' lang='lat'>01..</span> <span class='ocrx_word' id='word_1_11' title='bbox 928 196 1080 235; x_wconf 78' lang='lat' dir='ltr'>Fateor.</span> <span class='ocrx_word' id='word_1_12' title='bbox 1139 197 1238 236; x_wconf 77' lang='lat' dir='ltr'>LYs.</span> <span class='ocrx_word' id='word_1_13' title='bbox 1290 195 1392 241; x_wconf 91' lang='lat' dir='ltr'>Quid</span> <span class='ocrx_word' id='word_1_14' title='bbox 1424 194 1495 235; x_wconf 75' lang='lat' dir='ltr'>fit?</span> <span class='ocrx_word' id='word_1_15' title='bbox 1555 196 1630 238; x_wconf 75' lang='lat'>01..</span> <span class='ocrx_word' id='word_1_16' title='bbox 1680 198 1739 237; x_wconf 94' lang='lat' dir='ltr'>Tu</span> <span class='ocrx_word' id='word_1_17' title='bbox 1770 201 1894 238; x_wconf 59' lang='lat' dir='ltr'>amas:</span> 
     </span>
     <span class='ocr_line' id='line_1_3' title="bbox 637 264 1967 315; baseline 0.002 -13"><span class='ocrx_word' id='word_1_18' title='bbox 637 276 708 315; x_wconf 82' lang='lat' dir='ltr'>ego</span> <span class='ocrx_word' id='word_1_19' title='bbox 739 264 867 303; x_wconf 77' lang='lat' dir='ltr'>esurio</span> <span class='ocrx_word' id='word_1_20' title='bbox 900 270 938 302; x_wconf 87' lang='lat' dir='ltr'>et</span> <span class='ocrx_word' id='word_1_21' title='bbox 966 264 1067 303; x_wconf 76' lang='lat' dir='ltr'>sitio.</span> <span class='ocrx_word' id='word_1_22' title='bbox 1774 271 1967 304; x_wconf 78' lang='grc'><strong>724-725</strong></span> 
     </span>
     <span class='ocr_line' id='line_1_4' title="bbox 231 331 1540 384; baseline -0.002 -11"><span class='ocrx_word' id='word_1_23' title='bbox 231 335 330 374; x_wconf 72' lang='lat' dir='ltr'>LYs.</span> <span class='ocrx_word' id='word_1_24' title='bbox 382 332 526 384; x_wconf 87' lang='lat' dir='ltr'>Lepide</span> <span class='ocrx_word' id='word_1_25' title='bbox 557 335 765 372; x_wconf 71' lang='lat' dir='ltr'>excuratus</span> <span class='ocrx_word' id='word_1_26' title='bbox 795 331 1001 371; x_wconf 80' lang='lat' dir='ltr'>incessisti.</span> <span class='ocrx_word' id='word_1_27' title='bbox 1061 331 1136 372; x_wconf 85' lang='lat' dir='ltr'>OL.</span> <span class='ocrx_word' id='word_1_28' title='bbox 1187 331 1280 378; x_wconf 82' lang='lat' dir='ltr'>Aba,</span> <span class='ocrx_word' id='word_1_29' title='bbox 1313 331 1428 371; x_wconf 90' lang='lat' dir='ltr'>hodie</span> <span class='ocrx_word' id='word_1_30' title='bbox 1462 346 1484 370; x_wconf 83' lang='lat'><strong><em>*</em></strong></span> <span class='ocrx_word' id='word_1_31' title='bbox 1519 346 1540 369; x_wconf 77' lang='lat'><strong><em>*</em></strong></span> 
     </span>
     <span class='ocr_line' id='line_1_5' title="bbox 230 398 1897 450; baseline 0 -10"><span class='ocrx_word' id='word_1_32' title='bbox 230 402 330 440; x_wconf 76' lang='lat' dir='ltr'>LYs.</span> <span class='ocrx_word' id='word_1_33' title='bbox 370 400 483 439; x_wconf 84' lang='lat' dir='ltr'>Mane</span> <span class='ocrx_word' id='word_1_34' title='bbox 504 402 609 447; x_wconf 76' lang='lat' dir='ltr'>vero,</span> <span class='ocrx_word' id='word_1_35' title='bbox 641 411 875 450; x_wconf 84' lang='lat' dir='ltr'>quamquam</span> <span class='ocrx_word' id='word_1_36' title='bbox 900 399 1060 438; x_wconf 67' lang='lat' dir='ltr'>fastidis.</span> <span class='ocrx_word' id='word_1_37' title='bbox 1111 399 1186 439; x_wconf 86' lang='lat' dir='ltr'>OL.</span> <span class='ocrx_word' id='word_1_38' title='bbox 1228 398 1285 438; x_wconf 92' lang='lat' dir='ltr'>Fu</span> <span class='ocrx_word' id='word_1_39' title='bbox 1318 399 1372 446; x_wconf 78' lang='lat' dir='ltr'>fu,</span> <span class='ocrx_word' id='word_1_40' title='bbox 1395 400 1488 438; x_wconf 83' lang='lat' dir='ltr'>fetet</span> <span class='ocrx_word' id='word_1_41' title='bbox 1516 406 1605 439; x_wconf 87' lang='lat' dir='ltr'>tuos</span> <span class='ocrx_word' id='word_1_42' title='bbox 1634 399 1727 438; x_wconf 86' lang='lat' dir='ltr'>mihi</span> <span class='ocrx_word' id='word_1_43' title='bbox 1756 412 1897 440; x_wconf 85' lang='lat' dir='ltr'>sermo.</span> 
     </span>
     <span class='ocr_line' id='line_1_6' title="bbox 232 462 1898 522; baseline 0.001 -15"><span class='ocrx_word' id='word_1_44' title='bbox 232 470 330 508; x_wconf 77' lang='lat' dir='ltr'>LYs.</span> <span class='ocrx_word' id='word_1_45' title='bbox 383 468 490 513; x_wconf 84' lang='lat' dir='ltr'>Quae</span> <span class='ocrx_word' id='word_1_46' title='bbox 522 465 613 506; x_wconf 76' lang='lat' dir='ltr'>res?</span> <span class='ocrx_word' id='word_1_47' title='bbox 671 466 747 507; x_wconf 86' lang='lat' dir='ltr'>OL.</span> <span class='ocrx_word' id='word_1_48' title='bbox 795 467 899 505; x_wconf 82' lang='lat' dir='ltr'>Ilaec</span> <span class='ocrx_word' id='word_1_49' title='bbox 930 479 1003 506; x_wconf 82' lang='lat' dir='ltr'>res.</span> <span class='ocrx_word' id='word_1_50' title='bbox 1038 467 1205 506; x_wconf 66' lang='lat' dir='ltr'>etiamne</span> <span class='ocrx_word' id='word_1_51' title='bbox 1227 465 1383 506; x_wconf 82' lang='lat' dir='ltr'>adstas?</span> <span class='ocrx_word' id='word_1_52' title='bbox 1414 467 1520 506; x_wconf 86' lang='lat' dir='ltr'>enim</span> <span class='ocrx_word' id='word_1_53' title='bbox 1543 470 1635 506; x_wconf 76' lang='lat' dir='ltr'>vero</span> <span class='ocrx_word' id='word_1_54' title='bbox 1656 462 1898 522; x_wconf 78' lang='grc' dir='ltr'><em>πράγματά</em></span> 
     </span>
     <span class='ocr_line' id='line_1_7' title="bbox 638 536 966 587; baseline 0 -12"><span class='ocrx_word' id='word_1_55' title='bbox 638 549 715 587; x_wconf 89' lang='grc' dir='ltr'>μοι</span> <span class='ocrx_word' id='word_1_56' title='bbox 746 536 966 587; x_wconf 76' lang='grc' dir='ltr'><strong><em>παρέχεις.</em></strong></span> 
     </span>
     <span class='ocr_line' id='line_1_8' title="bbox 347 602 1106 656; baseline -0.001 -12"><span class='ocrx_word' id='word_1_57' title='bbox 347 605 446 645; x_wconf 76' lang='lat' dir='ltr'>LYS.</span> <span class='ocrx_word' id='word_1_58' title='bbox 496 603 605 643; x_wconf 86' lang='lat' dir='ltr'>Dabo</span> <span class='ocrx_word' id='word_1_59' title='bbox 635 603 705 642; x_wconf 84' lang='lat' dir='ltr'>tibi</span> <span class='ocrx_word' id='word_1_60' title='bbox 820 604 931 656; x_wconf 81' lang='grc' dir='ltr'><em>μέγα</em></span> <span class='ocrx_word' id='word_1_61' title='bbox 962 602 1106 652; x_wconf 80' lang='grc' dir='ltr'><em>κακόν,</em></span> 
     </span>
    </p>
   </div>
   <div class='ocr_carea' id='block_1_3' title="bbox 232 658 1966 993">
    <p class='ocr_par' dir='ltr' id='par_1_3' title="bbox 232 658 1966 993">
     <span class='ocr_line' id='line_1_9' title="bbox 348 658 1966 723; baseline -0.002 -11"><span class='ocrx_word' id='word_1_62' title='bbox 348 679 390 712; x_wconf 79' lang='lat' dir='ltr'>ut</span> <span class='ocrx_word' id='word_1_63' title='bbox 421 684 494 722; x_wconf 83' lang='lat' dir='ltr'>ego</span> <span class='ocrx_word' id='word_1_64' title='bbox 526 671 680 723; x_wconf 84' lang='lat' dir='ltr'>opinor,</span> <span class='ocrx_word' id='word_1_65' title='bbox 712 670 786 711; x_wconf 87' lang='lat' dir='ltr'>nisi</span> <span class='ocrx_word' id='word_1_66' title='bbox 816 670 977 710; x_wconf 76' lang='lat' dir='ltr'>resistis.</span> <span class='ocrx_word' id='word_1_67' title='bbox 1038 670 1113 711; x_wconf 87' lang='lat' dir='ltr'>OL.</span> <span class='ocrx_word' id='word_1_68' title='bbox 1158 658 1205 710; x_wconf 80' lang='grc' dir='ltr'><strong><em>Ὦ</em></strong></span> <span class='ocrx_word' id='word_1_69' title='bbox 1236 670 1335 720; x_wconf 82' lang='grc' dir='ltr'><em>Ζεῦ,</em></span> <span class='ocrx_word' id='word_1_70' title='bbox 1910 677 1966 710; x_wconf 86' lang='grc'><strong>730</strong></span> 
     </span>
     <span class='ocr_line' id='line_1_10' title="bbox 347 736 1574 791; baseline -0.002 -12"><span class='ocrx_word' id='word_1_71' title='bbox 347 740 456 791; x_wconf 83' lang='lat' dir='ltr'>potin</span> <span class='ocrx_word' id='word_1_72' title='bbox 487 752 507 778; x_wconf 81' lang='lat' dir='ltr'>a</span> <span class='ocrx_word' id='word_1_73' title='bbox 540 752 602 778; x_wconf 90' lang='lat' dir='ltr'>me</span> <span class='ocrx_word' id='word_1_74' title='bbox 632 739 758 785; x_wconf 82' lang='lat' dir='ltr'>abeas,</span> <span class='ocrx_word' id='word_1_75' title='bbox 876 738 949 777; x_wconf 84' lang='lat' dir='ltr'>nisi</span> <span class='ocrx_word' id='word_1_76' title='bbox 981 751 1042 777; x_wconf 88' lang='lat' dir='ltr'>me</span> <span class='ocrx_word' id='word_1_77' title='bbox 1072 739 1128 777; x_wconf 89' lang='lat' dir='ltr'>vis</span> <span class='ocrx_word' id='word_1_78' title='bbox 1243 750 1399 777; x_wconf 88' lang='lat' dir='ltr'>vomere</span> <span class='ocrx_word' id='word_1_79' title='bbox 1430 736 1574 776; x_wconf 81' lang='lat' dir='ltr'>hodie?</span> 
     </span>
     <span class='ocr_line' id='line_1_11' title="bbox 401 804 1555 857; baseline -0.003 -10"><span class='ocrx_word' id='word_1_80' title='bbox 401 808 501 847; x_wconf 75' lang='lat' dir='ltr'>LYs.</span> <span class='ocrx_word' id='word_1_81' title='bbox 551 808 678 846; x_wconf 59' lang='lat' dir='ltr'>Mane.</span> <span class='ocrx_word' id='word_1_82' title='bbox 737 807 813 847; x_wconf 84' lang='lat' dir='ltr'>OL.</span> <span class='ocrx_word' id='word_1_83' title='bbox 864 805 963 852; x_wconf 87' lang='lat' dir='ltr'>Quid</span> <span class='ocrx_word' id='word_1_84' title='bbox 994 804 1080 845; x_wconf 83' lang='lat' dir='ltr'>est?</span> <span class='ocrx_word' id='word_1_85' title='bbox 1111 806 1198 857; x_wconf 88' lang='lat' dir='ltr'>quis</span> <span class='ocrx_word' id='word_1_86' title='bbox 1228 806 1291 845; x_wconf 87' lang='lat' dir='ltr'>hic</span> <span class='ocrx_word' id='word_1_87' title='bbox 1321 808 1379 845; x_wconf 79' lang='lat' dir='ltr'>est</span> <span class='ocrx_word' id='word_1_88' title='bbox 1408 804 1555 845; x_wconf 80' lang='lat' dir='ltr'>homo?</span> 
     </span>
     <span class='ocr_line' id='line_1_12' title="bbox 232 872 1898 920; baseline -0.001 -5"><span class='ocrx_word' id='word_1_89' title='bbox 232 877 331 916; x_wconf 71' lang='lat' dir='ltr'>LYs.</span> <span class='ocrx_word' id='word_1_90' title='bbox 370 875 472 915; x_wconf 87' lang='lat' dir='ltr'><strong>Erus</strong></span> <span class='ocrx_word' id='word_1_91' title='bbox 493 878 592 915; x_wconf 79' lang='lat' dir='ltr'>sum.</span> <span class='ocrx_word' id='word_1_92' title='bbox 644 875 719 915; x_wconf 72' lang='lat'>01..</span> <span class='ocrx_word' id='word_1_93' title='bbox 759 874 854 920; x_wconf 86' lang='lat' dir='ltr'>Quis</span> <span class='ocrx_word' id='word_1_94' title='bbox 876 872 995 913; x_wconf 80' lang='lat' dir='ltr'>erus?</span> <span class='ocrx_word' id='word_1_95' title='bbox 1044 873 1144 914; x_wconf 76' lang='lat' dir='ltr'>LYs.</span> <span class='ocrx_word' id='word_1_96' title='bbox 1184 873 1302 913; x_wconf 89' lang='lat' dir='ltr'>Cuius</span> <span class='ocrx_word' id='word_1_97' title='bbox 1323 876 1365 912; x_wconf 80' lang='lat' dir='ltr'>tu</span> <span class='ocrx_word' id='word_1_98' title='bbox 1386 873 1542 913; x_wconf 81' lang='lat' dir='ltr'>servo&#39;s.</span> <span class='ocrx_word' id='word_1_99' title='bbox 1645 873 1720 913; x_wconf 76' lang='lat'>01..</span> <span class='ocrx_word' id='word_1_100' title='bbox 1758 873 1898 913; x_wconf 82' lang='lat' dir='ltr'>Servos</span> 
     </span>
     <span class='ocr_line' id='line_1_13' title="bbox 642 941 1966 993; baseline -0.001 -13"><span class='ocrx_word' id='word_1_101' title='bbox 642 941 744 993; x_wconf 81' lang='lat' dir='ltr'>ego?</span> <span class='ocrx_word' id='word_1_102' title='bbox 801 942 902 982; x_wconf 75' lang='lat' dir='ltr'>LYS.</span> <span class='ocrx_word' id='word_1_103' title='bbox 953 943 1078 992; x_wconf 67' lang='lat' dir='ltr'>Atque</span> <span class='ocrx_word' id='word_1_104' title='bbox 1109 954 1230 980; x_wconf 80' lang='lat' dir='ltr'>meus.</span> <span class='ocrx_word' id='word_1_105' title='bbox 1773 947 1966 980; x_wconf 82' lang='grc'><strong>733-735</strong></span> 
     </span>
    </p>
   </div>
   <div class='ocr_carea' id='block_1_4' title="bbox 235 1007 1968 1673">
    <p class='ocr_par' dir='ltr' id='par_1_4' title="bbox 235 1007 1968 1673">
     <span class='ocr_line' id='line_1_14' title="bbox 404 1007 996 1060; baseline -0.005 -10"><span class='ocrx_word' id='word_1_106' title='bbox 404 1011 480 1051; x_wconf 84' lang='lat' dir='ltr'>OL.</span> <span class='ocrx_word' id='word_1_107' title='bbox 528 1011 615 1049; x_wconf 88' lang='lat' dir='ltr'>Non</span> <span class='ocrx_word' id='word_1_108' title='bbox 647 1013 733 1049; x_wconf 78' lang='lat' dir='ltr'>sunl</span> <span class='ocrx_word' id='word_1_109' title='bbox 766 1022 836 1060; x_wconf 86' lang='lat' dir='ltr'>ego</span> <span class='ocrx_word' id='word_1_110' title='bbox 868 1007 996 1048; x_wconf 82' lang='lat' dir='ltr'>liber?</span> 
     </span>
     <span class='ocr_line' id='line_1_15' title="bbox 349 1076 1737 1127; baseline 0 -10"><span class='ocrx_word' id='word_1_111' title='bbox 349 1081 558 1124; x_wconf 77' lang='lat' dir='ltr'>memento,</span> <span class='ocrx_word' id='word_1_112' title='bbox 590 1080 801 1117; x_wconf 74' lang='lat' dir='ltr'>memento.</span> <span class='ocrx_word' id='word_1_113' title='bbox 860 1077 960 1116; x_wconf 78' lang='lat' dir='ltr'>LYs.</span> <span class='ocrx_word' id='word_1_114' title='bbox 1010 1076 1123 1115; x_wconf 80' lang='lat' dir='ltr'>Mane</span> <span class='ocrx_word' id='word_1_115' title='bbox 1153 1079 1269 1127; x_wconf 68' lang='lat' dir='ltr'>atque</span> <span class='ocrx_word' id='word_1_116' title='bbox 1301 1082 1393 1115; x_wconf 79' lang='lat' dir='ltr'>asta.</span> <span class='ocrx_word' id='word_1_117' title='bbox 1453 1077 1528 1117; x_wconf 84' lang='lat' dir='ltr'>OL.</span> <span class='ocrx_word' id='word_1_118' title='bbox 1579 1076 1737 1117; x_wconf 84' lang='lat' dir='ltr'>Omitte.</span> 
     </span>
     <span class='ocr_line' id='line_1_16' title="bbox 346 1143 1753 1195; baseline -0.003 -9"><span class='ocrx_word' id='word_1_119' title='bbox 346 1147 446 1187; x_wconf 43' lang='lat' dir='ltr'>Lars.</span> <span class='ocrx_word' id='word_1_120' title='bbox 497 1146 636 1184; x_wconf 83' lang='lat' dir='ltr'>Servos</span> <span class='ocrx_word' id='word_1_121' title='bbox 667 1156 752 1184; x_wconf 87' lang='lat' dir='ltr'>sum</span> <span class='ocrx_word' id='word_1_122' title='bbox 784 1147 883 1183; x_wconf 82' lang='lat' dir='ltr'>tuos.</span> <span class='ocrx_word' id='word_1_123' title='bbox 944 1144 1020 1184; x_wconf 90' lang='lat' dir='ltr'>OL.</span> <span class='ocrx_word' id='word_1_124' title='bbox 1071 1143 1289 1195; x_wconf 76' lang='lat' dir='ltr'>Optumest.</span> <span class='ocrx_word' id='word_1_125' title='bbox 1348 1144 1447 1183; x_wconf 66' lang='lat' dir='ltr'>Lxs.</span> <span class='ocrx_word' id='word_1_126' title='bbox 1499 1144 1672 1195; x_wconf 81' lang='lat' dir='ltr'>Opsecro</span> <span class='ocrx_word' id='word_1_127' title='bbox 1703 1149 1753 1191; x_wconf 85' lang='lat' dir='ltr'>te,</span> 
     </span>
     <span class='ocr_line' id='line_1_17' title="bbox 349 1210 1466 1266; baseline -0.004 -13"><span class='ocrx_word' id='word_1_128' title='bbox 349 1213 569 1266; x_wconf 60' lang='lat' dir='ltr'>Olympisce</span> <span class='ocrx_word' id='word_1_129' title='bbox 599 1215 664 1258; x_wconf 87' lang='lat' dir='ltr'>mi,</span> <span class='ocrx_word' id='word_1_130' title='bbox 698 1214 748 1251; x_wconf 87' lang='lat' dir='ltr'>mi</span> <span class='ocrx_word' id='word_1_131' title='bbox 781 1214 902 1262; x_wconf 74' lang='lat' dir='ltr'>pater,</span> <span class='ocrx_word' id='word_1_132' title='bbox 935 1212 986 1250; x_wconf 77' lang='lat' dir='ltr'>ini</span> <span class='ocrx_word' id='word_1_133' title='bbox 1018 1215 1194 1262; x_wconf 77' lang='lat' dir='ltr'>patrone.</span> <span class='ocrx_word' id='word_1_134' title='bbox 1257 1210 1331 1251; x_wconf 84' lang='lat' dir='ltr'>OL.</span> <span class='ocrx_word' id='word_1_135' title='bbox 1382 1211 1466 1258; x_wconf 86' lang='lat' dir='ltr'>Em,</span> 
     </span>
     <span class='ocr_line' id='line_1_18' title="bbox 403 1279 1968 1333; baseline -0.002 -12"><span class='ocrx_word' id='word_1_136' title='bbox 403 1282 506 1333; x_wconf 84' lang='lat' dir='ltr'>sapis</span> <span class='ocrx_word' id='word_1_137' title='bbox 537 1284 643 1320; x_wconf 75' lang='lat' dir='ltr'>szine.</span> <span class='ocrx_word' id='word_1_138' title='bbox 759 1280 858 1320; x_wconf 75' lang='lat' dir='ltr'>LYS.</span> <span class='ocrx_word' id='word_1_139' title='bbox 908 1279 1014 1318; x_wconf 91' lang='lat' dir='ltr'>Tuos</span> <span class='ocrx_word' id='word_1_140' title='bbox 1043 1292 1128 1318; x_wconf 87' lang='lat' dir='ltr'>sum</span> <span class='ocrx_word' id='word_1_141' title='bbox 1160 1279 1353 1330; x_wconf 77' lang='lat' dir='ltr'>equidem.</span> <span class='ocrx_word' id='word_1_142' title='bbox 1910 1285 1968 1318; x_wconf 83' lang='grc'><strong>740</strong></span> 
     </span>
     <span class='ocr_line' id='line_1_19' title="bbox 461 1345 1405 1400; baseline -0.004 -11"><span class='ocrx_word' id='word_1_143' title='bbox 461 1349 537 1389; x_wconf 65' lang='lat' dir='ltr'>OL.</span> <span class='ocrx_word' id='word_1_144' title='bbox 588 1349 689 1394; x_wconf 87' lang='lat' dir='ltr'>Quid</span> <span class='ocrx_word' id='word_1_145' title='bbox 720 1349 773 1387; x_wconf 90' lang='lat' dir='ltr'>mi</span> <span class='ocrx_word' id='word_1_146' title='bbox 805 1353 921 1400; x_wconf 78' lang='lat' dir='ltr'>opust</span> <span class='ocrx_word' id='word_1_147' title='bbox 952 1360 1062 1387; x_wconf 79' lang='lat' dir='ltr'>servo</span> <span class='ocrx_word' id='word_1_148' title='bbox 1094 1354 1169 1386; x_wconf 85' lang='lat' dir='ltr'>tam</span> <span class='ocrx_word' id='word_1_149' title='bbox 1204 1345 1405 1398; x_wconf 76' lang='lat' dir='ltr'>nequam?</span> 
     </span>
     <span class='ocr_line' id='line_1_20' title="bbox 460 1412 1451 1467; baseline -0.003 -11"><span class='ocrx_word' id='word_1_150' title='bbox 460 1418 560 1458; x_wconf 61' lang='lat' dir='ltr'>Lxs.</span> <span class='ocrx_word' id='word_1_151' title='bbox 607 1416 708 1462; x_wconf 87' lang='lat' dir='ltr'>Quid</span> <span class='ocrx_word' id='word_1_152' title='bbox 740 1414 877 1456; x_wconf 82' lang='lat' dir='ltr'>nunc?</span> <span class='ocrx_word' id='word_1_153' title='bbox 908 1427 1024 1467; x_wconf 84' lang='lat' dir='ltr'>quam</span> <span class='ocrx_word' id='word_1_154' title='bbox 1058 1427 1147 1454; x_wconf 80' lang='lat' dir='ltr'>mox</span> <span class='ocrx_word' id='word_1_155' title='bbox 1177 1417 1332 1454; x_wconf 57' lang='lat' dir='ltr'>recreas</span> <span class='ocrx_word' id='word_1_156' title='bbox 1363 1412 1451 1454; x_wconf 84' lang='lat' dir='ltr'>me?</span> 
     </span>
     <span class='ocr_line' id='line_1_21' title="bbox 461 1483 1128 1526; baseline -0.007 0"><span class='ocrx_word' id='word_1_157' title='bbox 461 1486 536 1526; x_wconf 82' lang='lat' dir='ltr'>OL.</span> <span class='ocrx_word' id='word_1_158' title='bbox 588 1484 691 1524; x_wconf 73' lang='lat' dir='ltr'>Cenzi</span> <span class='ocrx_word' id='word_1_159' title='bbox 722 1484 836 1523; x_wconf 90' lang='lat' dir='ltr'>modo</span> <span class='ocrx_word' id='word_1_160' title='bbox 866 1484 898 1522; x_wconf 89' lang='lat' dir='ltr'>si</span> <span class='ocrx_word' id='word_1_161' title='bbox 929 1483 978 1522; x_wconf 86' lang='lat' dir='ltr'>sit</span> <span class='ocrx_word' id='word_1_162' title='bbox 1007 1487 1128 1522; x_wconf 79' lang='lat' dir='ltr'>cocta.</span> 
     </span>
     <span class='ocr_line' id='line_1_22' title="bbox 235 1549 1968 1605; baseline -0.003 -12"><span class='ocrx_word' id='word_1_163' title='bbox 235 1554 283 1595; x_wconf 93' lang='lat' dir='ltr'>L.</span> <span class='ocrx_word' id='word_1_164' title='bbox 314 1553 429 1593; x_wconf 87' lang='lat' dir='ltr'>Hisce</span> <span class='ocrx_word' id='word_1_165' title='bbox 452 1556 544 1605; x_wconf 77' lang='lat' dir='ltr'>ergo</span> <span class='ocrx_word' id='word_1_166' title='bbox 565 1552 720 1591; x_wconf 82' lang='lat' dir='ltr'>abeant.</span> <span class='ocrx_word' id='word_1_167' title='bbox 761 1552 809 1592; x_wconf 88' lang='lat' dir='ltr'>O.</span> <span class='ocrx_word' id='word_1_168' title='bbox 842 1551 1014 1602; x_wconf 79' lang='lat' dir='ltr'>Propere</span> <span class='ocrx_word' id='word_1_169' title='bbox 1037 1551 1112 1590; x_wconf 87' lang='lat' dir='ltr'>cito</span> <span class='ocrx_word' id='word_1_170' title='bbox 1134 1551 1237 1589; x_wconf 82' lang='lat' dir='ltr'>intro</span> <span class='ocrx_word' id='word_1_171' title='bbox 1260 1549 1311 1589; x_wconf 85' lang='lat' dir='ltr'>ite</span> <span class='ocrx_word' id='word_1_172' title='bbox 1333 1552 1371 1589; x_wconf 77' lang='lat' dir='ltr'>et</span> <span class='ocrx_word' id='word_1_173' title='bbox 1392 1549 1468 1589; x_wconf 83' lang='lat' dir='ltr'>cito</span> <span class='ocrx_word' id='word_1_174' title='bbox 1491 1550 1762 1602; x_wconf 66' lang='lat' dir='ltr'>deproperdte.</span> <span class='ocrx_word' id='word_1_175' title='bbox 1830 1555 1896 1587; x_wconf 68' lang='lat'>744.</span> <span class='ocrx_word' id='word_1_176' title='bbox 1913 1555 1968 1588; x_wconf 76' lang='grc'><strong>745</strong></span> 
     </span>
     <span class='ocr_line' id='line_1_23' title="bbox 237 1617 1405 1673; baseline -0.004 -12"><span class='ocrx_word' id='word_1_177' title='bbox 237 1634 310 1673; x_wconf 86' lang='lat' dir='ltr'>ego</span> <span class='ocrx_word' id='word_1_178' title='bbox 341 1621 417 1660; x_wconf 85' lang='lat' dir='ltr'>iam</span> <span class='ocrx_word' id='word_1_179' title='bbox 448 1624 554 1660; x_wconf 87' lang='lat' dir='ltr'>intus</span> <span class='ocrx_word' id='word_1_180' title='bbox 585 1632 667 1666; x_wconf 88' lang='lat' dir='ltr'>ero,</span> <span class='ocrx_word' id='word_1_181' title='bbox 699 1619 812 1658; x_wconf 83' lang='lat' dir='ltr'>facite</span> <span class='ocrx_word' id='word_1_182' title='bbox 844 1631 979 1657; x_wconf 85' lang='lat' dir='ltr'>cenam</span> <span class='ocrx_word' id='word_1_183' title='bbox 1012 1618 1104 1657; x_wconf 84' lang='lat' dir='ltr'>mihi</span> <span class='ocrx_word' id='word_1_184' title='bbox 1138 1624 1179 1656; x_wconf 86' lang='lat' dir='ltr'>ut</span> <span class='ocrx_word' id='word_1_185' title='bbox 1208 1617 1314 1656; x_wconf 82' lang='lat' dir='ltr'>ebria</span> <span class='ocrx_word' id='word_1_186' title='bbox 1344 1617 1405 1657; x_wconf 79' lang='lat' dir='ltr'>sit.</span> 
     </span>
    </p>
   </div>
   <div class='ocr_carea' id='block_1_5' title="bbox 240 1691 1612 1698">
    <p class='ocr_par' dir='ltr' id='par_1_5' title="bbox 240 1691 1612 1698">
     <span class='ocr_line' id='line_1_24' title="bbox 240 1691 1612 1698; baseline 0 0"><span class='ocrx_word' id='word_1_187' title='bbox 240 1691 1612 1698; x_wconf 95' lang='lat' dir='ltr'> </span> 
     </span>
    </p>
   </div>
   <div class='ocr_carea' id='block_1_6' title="bbox 232 1714 1908 2885">
    <p class='ocr_par' dir='ltr' id='par_1_6' title="bbox 232 1714 1908 2885">
     <span class='ocr_line' id='line_1_25' title="bbox 351 1714 1904 1764; baseline -0.003 -10"><span class='ocrx_word' id='word_1_188' title='bbox 351 1724 369 1754; x_wconf 88' lang='grc'><strong>7</strong></span> <span class='ocrx_word' id='word_1_189' title='bbox 375 1723 416 1755; x_wconf 83' lang='lat'>25</span> <span class='ocrx_word' id='word_1_190' title='bbox 442 1719 561 1755; x_wconf 87' lang='lat' dir='ltr'>esurio</span> <span class='ocrx_word' id='word_1_191' title='bbox 580 1718 629 1753; x_wconf 91' lang='lat' dir='ltr'>P:</span> <span class='ocrx_word' id='word_1_192' title='bbox 654 1719 816 1762; x_wconf 69' lang='lat' dir='ltr'>[re]surio</span> <span class='ocrx_word' id='word_1_193' title='bbox 842 1720 873 1753; x_wconf 84' lang='lat' dir='ltr'><em>A</em></span> <span class='ocrx_word' id='word_1_194' title='bbox 898 1718 986 1763; x_wconf 82' lang='lat' dir='ltr'>(non</span> <span class='ocrx_word' id='word_1_195' title='bbox 1013 1724 1082 1752; x_wconf 86' lang='lat' dir='ltr'>tam</span> <span class='ocrx_word' id='word_1_196' title='bbox 1096 1716 1290 1763; x_wconf 76' lang='lat' dir='ltr'>probabile</span> <span class='ocrx_word' id='word_1_197' title='bbox 1314 1716 1477 1764; x_wconf 71' lang='lat' dir='ltr'>essurio),</span> <span class='ocrx_word' id='word_1_198' title='bbox 1502 1719 1539 1751; x_wconf 86' lang='lat' dir='ltr'>et</span> <span class='ocrx_word' id='word_1_199' title='bbox 1555 1715 1674 1752; x_wconf 89' lang='lat' dir='ltr'>esurio</span> <span class='ocrx_word' id='word_1_200' title='bbox 1691 1714 1904 1751; x_wconf 78' lang='lat' dir='ltr'>Joackimus</span> 
     </span>
     <span class='ocr_line' id='line_1_26' title="bbox 238 1772 1903 1823; baseline -0.004 -11"><span class='ocrx_word' id='word_1_201' title='bbox 238 1777 282 1812; x_wconf 86' lang='lat' dir='ltr'>de</span> <span class='ocrx_word' id='word_1_202' title='bbox 301 1775 479 1822; x_wconf 77' lang='lat' dir='ltr'>Theophr.</span> <span class='ocrx_word' id='word_1_203' title='bbox 503 1777 590 1821; x_wconf 80' lang='grc' dir='ltr'><em>περὶ</em></span> <span class='ocrx_word' id='word_1_204' title='bbox 614 1772 724 1823; x_wconf 75' lang='grc' dir='ltr'>ζῴων</span> <span class='ocrx_word' id='word_1_205' title='bbox 742 1787 781 1821; x_wconf 82' lang='lat' dir='ltr'>p.</span> <span class='ocrx_word' id='word_1_206' title='bbox 803 1775 852 1809; x_wconf 85' lang='lat'>67</span> <span class='ocrx_word' id='word_1_207' title='bbox 918 1776 954 1809; x_wconf 88' lang='lat' dir='ltr'>et</span> <span class='ocrx_word' id='word_1_208' title='bbox 978 1774 1066 1809; x_wconf 86' lang='lat' dir='ltr'>sicio</span> <span class='ocrx_word' id='word_1_209' title='bbox 1084 1777 1286 1818; x_wconf 76' lang='lat' dir='ltr'>sequentem</span> <span class='ocrx_word' id='word_1_210' title='bbox 1312 1784 1342 1808; x_wconf 87' lang='lat' dir='ltr'>v.</span> <span class='ocrx_word' id='word_1_211' title='bbox 1360 1772 1554 1808; x_wconf 78' lang='lat' dir='ltr'>incohatP</span> <span class='ocrx_word' id='word_1_212' title='bbox 1643 1774 1709 1807; x_wconf 86' lang='lat'>726</span> <span class='ocrx_word' id='word_1_213' title='bbox 1727 1776 1817 1818; x_wconf 82' lang='lat' dir='ltr'>post</span> <span class='ocrx_word' id='word_1_214' title='bbox 1839 1772 1903 1807; x_wconf 89' lang='lat' dir='ltr'>ho·</span> 
     </span>
     <span class='ocr_line' id='line_1_27' title="bbox 237 1827 1904 1877; baseline -0.002 -9"><span class='ocrx_word' id='word_1_215' title='bbox 237 1833 296 1868; x_wconf 86' lang='lat' dir='ltr'>die</span> <span class='ocrx_word' id='word_1_216' title='bbox 320 1832 412 1868; x_wconf 65' lang='lat' dir='ltr'>nihil</span> <span class='ocrx_word' id='word_1_217' title='bbox 442 1831 548 1868; x_wconf 80' lang='lat' dir='ltr'>habet</span> <span class='ocrx_word' id='word_1_218' title='bbox 573 1831 622 1873; x_wconf 88' lang='lat' dir='ltr'>P,</span> <span class='ocrx_word' id='word_1_219' title='bbox 651 1833 698 1866; x_wconf 87' lang='lat'>15</span> <span class='ocrx_word' id='word_1_220' title='bbox 719 1832 800 1877; x_wconf 83' lang='lat' dir='ltr'>fere</span> <span class='ocrx_word' id='word_1_221' title='bbox 833 1831 975 1866; x_wconf 78' lang='lat' dir='ltr'>litteras</span> <span class='ocrx_word' id='word_1_222' title='bbox 1006 1841 1158 1876; x_wconf 79' lang='lat' dir='ltr'>quarum</span> <span class='ocrx_word' id='word_1_223' title='bbox 1192 1829 1339 1864; x_wconf 77' lang='lat' dir='ltr'>ultimae</span> <span class='ocrx_word' id='word_1_224' title='bbox 1363 1850 1405 1854; x_wconf 94' lang='lat'>—-</span> <span class='ocrx_word' id='word_1_225' title='bbox 1430 1829 1486 1872; x_wconf 72' lang='lat' dir='ltr'>lus</span> <span class='ocrx_word' id='word_1_226' title='bbox 1511 1831 1563 1871; x_wconf 83' lang='lat' dir='ltr'>A,·</span> <span class='ocrx_word' id='word_1_227' title='bbox 1595 1829 1646 1875; x_wconf 87' lang='lat' dir='ltr'>cf.</span> <span class='ocrx_word' id='word_1_228' title='bbox 1676 1839 1706 1864; x_wconf 86' lang='lat' dir='ltr'>e.</span> <span class='ocrx_word' id='word_1_229' title='bbox 1731 1840 1767 1874; x_wconf 75' lang='lat' dir='ltr'>q.</span> <span class='ocrx_word' id='word_1_230' title='bbox 1794 1827 1904 1864; x_wconf 80' lang='lat' dir='ltr'>Most.</span> 
     </span>
     <span class='ocr_line' id='line_1_28' title="bbox 240 1884 1904 1935; baseline -0.003 -10"><span class='ocrx_word' id='word_1_231' title='bbox 240 1891 319 1925; x_wconf 81' lang='lat'>885</span> <span class='ocrx_word' id='word_1_232' title='bbox 339 1899 392 1935; x_wconf 82' lang='lat' dir='ltr'>sq.</span> <span class='ocrx_word' id='word_1_233' title='bbox 502 1892 565 1923; x_wconf 80' lang='grc'>727</span> <span class='ocrx_word' id='word_1_234' title='bbox 590 1889 615 1923; x_wconf 87' lang='lat' dir='ltr'>fi</span> <span class='ocrx_word' id='word_1_235' title='bbox 638 1888 663 1923; x_wconf 88' lang='lat' dir='ltr'><strong>fi</strong></span> <span class='ocrx_word' id='word_1_236' title='bbox 689 1888 848 1923; x_wconf 78' lang='lat' dir='ltr'>Parcus:</span> <span class='ocrx_word' id='word_1_237' title='bbox 879 1898 923 1933; x_wconf 81' lang='lat' dir='ltr'>ey</span> <span class='ocrx_word' id='word_1_238' title='bbox 947 1898 990 1932; x_wconf 83' lang='lat' dir='ltr'>ey</span> <span class='ocrx_word' id='word_1_239' title='bbox 1021 1887 1056 1928; x_wconf 80' lang='grc' dir='ltr'><strong>(ι’.</strong></span> <span class='ocrx_word' id='word_1_240' title='bbox 1082 1898 1111 1921; x_wconf 94' lang='lat' dir='ltr'>e.</span> <span class='ocrx_word' id='word_1_241' title='bbox 1136 1886 1173 1931; x_wconf 87' lang='lat' dir='ltr'>fy</span> <span class='ocrx_word' id='word_1_242' title='bbox 1198 1886 1248 1931; x_wconf 82' lang='lat' dir='ltr'>sy)</span> <span class='ocrx_word' id='word_1_243' title='bbox 1275 1885 1324 1928; x_wconf 87' lang='lat' dir='ltr'><em>P,</em></span> <span class='ocrx_word' id='word_1_244' title='bbox 1355 1886 1510 1932; x_wconf 69' lang='lat' dir='ltr'>[ede]pol</span> <span class='ocrx_word' id='word_1_245' title='bbox 1542 1888 1597 1928; x_wconf 82' lang='lat' dir='ltr'>A,·</span> <span class='ocrx_word' id='word_1_246' title='bbox 1627 1885 1676 1930; x_wconf 80' lang='lat' dir='ltr'>cf.</span> <span class='ocrx_word' id='word_1_247' title='bbox 1709 1884 1904 1921; x_wconf 75' lang='lat' dir='ltr'>Richterus</span> 
     </span>
     <span class='ocr_line' id='line_1_29' title="bbox 238 1934 1904 1990; baseline -0.003 -9"><span class='ocrx_word' id='word_1_248' title='bbox 238 1947 274 1982; x_wconf 84' lang='lat' dir='ltr'>in</span> <span class='ocrx_word' id='word_1_249' title='bbox 292 1945 451 1981; x_wconf 75' lang='lat' dir='ltr'>Student.</span> <span class='ocrx_word' id='word_1_250' title='bbox 470 1945 564 1980; x_wconf 79' lang='lat' dir='ltr'>stud.</span> <span class='ocrx_word' id='word_1_251' title='bbox 581 1947 615 1988; x_wconf 89' lang='lat'>1,</span> <span class='ocrx_word' id='word_1_252' title='bbox 633 1946 708 1980; x_wconf 86' lang='lat'>530</span> <span class='ocrx_word' id='word_1_253' title='bbox 725 1956 777 1990; x_wconf 80' lang='lat' dir='ltr'>sq.</span> <span class='ocrx_word' id='word_1_254' title='bbox 872 1946 935 1978; x_wconf 75' lang='lat'>728</span> <span class='ocrx_word' id='word_1_255' title='bbox 961 1944 1070 1979; x_wconf 84' lang='lat' dir='ltr'>etiam</span> <span class='ocrx_word' id='word_1_256' title='bbox 1093 1954 1138 1978; x_wconf 87' lang='lat' dir='ltr'>ne</span> <span class='ocrx_word' id='word_1_257' title='bbox 1155 1945 1253 1977; x_wconf 82' lang='lat' dir='ltr'>astas</span> <span class='ocrx_word' id='word_1_258' title='bbox 1271 1934 1462 1989; x_wconf 61' lang='lat' dir='ltr'>Lysidami&#39;</span> <span class='ocrx_word' id='word_1_259' title='bbox 1477 1943 1518 1985; x_wconf 90' lang='lat' dir='ltr'>P,</span> <span class='ocrx_word' id='word_1_260' title='bbox 1552 1946 1691 1977; x_wconf 82' lang='lat' dir='ltr'>tantum</span> <span class='ocrx_word' id='word_1_261' title='bbox 1707 1947 1792 1977; x_wconf 84' lang='lat' dir='ltr'>ante</span> <span class='ocrx_word' id='word_1_262' title='bbox 1808 1941 1904 1977; x_wconf 87' lang='lat' dir='ltr'>enim</span> 
     </span>
     <span class='ocr_line' id='line_1_30' title="bbox 236 1999 1905 2050; baseline -0.004 -12"><span class='ocrx_word' id='word_1_263' title='bbox 236 2014 333 2050; x_wconf 77' lang='lat' dir='ltr'>pers.</span> <span class='ocrx_word' id='word_1_264' title='bbox 358 2007 454 2048; x_wconf 84' lang='lat' dir='ltr'>spat.</span> <span class='ocrx_word' id='word_1_265' title='bbox 480 2005 523 2043; x_wconf 82' lang='lat' dir='ltr'>A,</span> <span class='ocrx_word' id='word_1_266' title='bbox 548 2002 698 2037; x_wconf 55' lang='lat' dir='ltr'>corr-‘5:152&#39;</span> <span class='ocrx_word' id='word_1_267' title='bbox 789 2014 994 2047; x_wconf 71' lang='grc' dir='ltr'><em>πραγματα</em></span> <span class='ocrx_word' id='word_1_268' title='bbox 1020 2013 1086 2045; x_wconf 86' lang='grc' dir='ltr'>μοι</span> <span class='ocrx_word' id='word_1_269' title='bbox 1111 2013 1288 2047; x_wconf 78' lang='grc' dir='ltr'><strong><em>παρεχξις</em></strong></span> <span class='ocrx_word' id='word_1_270' title='bbox 1310 2004 1313 2042; x_wconf 96' lang='grc' dir='ltr'>Ι</span> <span class='ocrx_word' id='word_1_271' title='bbox 1335 1999 1429 2035; x_wconf 81' lang='lat' dir='ltr'>dabo</span> <span class='ocrx_word' id='word_1_272' title='bbox 1454 1999 1522 2035; x_wconf 84' lang='lat' dir='ltr'>tibi</span> <span class='ocrx_word' id='word_1_273' title='bbox 1538 2000 1589 2034; x_wconf 82' lang='lat' dir='ltr'>A:</span> <span class='ocrx_word' id='word_1_274' title='bbox 1613 2001 1802 2044; x_wconf 67' lang='lat' dir='ltr'>pragmata</span> <span class='ocrx_word' id='word_1_275' title='bbox 1824 2007 1905 2034; x_wconf 83' lang='lat' dir='ltr'>moe</span> 
     </span>
     <span class='ocr_line' id='line_1_31' title="bbox 237 2048 1903 2105; baseline -0.002 -11"><span class='ocrx_word' id='word_1_276' title='bbox 237 2059 407 2105; x_wconf 82' lang='lat' dir='ltr'>pareehis</span> <span class='ocrx_word' id='word_1_277' title='bbox 431 2058 610 2104; x_wconf 86' lang='lat' dir='ltr'>(perechis</span> <span class='ocrx_word' id='word_1_278' title='bbox 645 2057 722 2097; x_wconf 77' lang='lat' dir='ltr'>VE)</span> <span class='ocrx_word' id='word_1_279' title='bbox 748 2058 842 2093; x_wconf 84' lang='lat' dir='ltr'>dabo</span> <span class='ocrx_word' id='word_1_280' title='bbox 868 2057 902 2092; x_wconf 91' lang='lat' dir='ltr'><em>P</em></span> <span class='ocrx_word' id='word_1_281' title='bbox 1018 2048 1082 2092; x_wconf 80' lang='lat'>7&#39;29</span> <span class='ocrx_word' id='word_1_282' title='bbox 1107 2062 1142 2092; x_wconf 83' lang='lat' dir='ltr'>et</span> <span class='ocrx_word' id='word_1_283' title='bbox 1167 2059 1228 2092; x_wconf 80' lang='lat'>731</span> <span class='ocrx_word' id='word_1_284' title='bbox 1265 2057 1346 2092; x_wconf 83' lang='lat' dir='ltr'>cola</span> <span class='ocrx_word' id='word_1_285' title='bbox 1371 2067 1464 2101; x_wconf 81' lang='lat' dir='ltr'>quae</span> <span class='ocrx_word' id='word_1_286' title='bbox 1486 2055 1618 2102; x_wconf 79' lang='lat' dir='ltr'>spatiis</span> <span class='ocrx_word' id='word_1_287' title='bbox 1641 2054 1792 2090; x_wconf 82' lang='lat' dir='ltr'>dislinui</span> <span class='ocrx_word' id='word_1_288' title='bbox 1813 2065 1903 2101; x_wconf 81' lang='lat' dir='ltr'>pro-</span> 
     </span>
     <span class='ocr_line' id='line_1_32' title="bbox 232 2111 1904 2163; baseline -0.003 -13"><span class='ocrx_word' id='word_1_289' title='bbox 232 2117 332 2163; x_wconf 77' lang='lat' dir='ltr'>priis</span> <span class='ocrx_word' id='word_1_290' title='bbox 354 2115 515 2151; x_wconf 80' lang='lat' dir='ltr'>versibus</span> <span class='ocrx_word' id='word_1_291' title='bbox 537 2113 644 2150; x_wconf 78' lang='lat' dir='ltr'>habet</span> <span class='ocrx_word' id='word_1_292' title='bbox 667 2116 697 2148; x_wconf 85' lang='grc' dir='ltr'><em>Α</em></span> <span class='ocrx_word' id='word_1_293' title='bbox 722 2114 785 2159; x_wconf 82' lang='lat' dir='ltr'>(cf.</span> <span class='ocrx_word' id='word_1_294' title='bbox 812 2114 912 2149; x_wconf 84' lang='lat' dir='ltr'>Pers.</span> <span class='ocrx_word' id='word_1_295' title='bbox 937 2115 1019 2155; x_wconf 74' lang='lat'><strong><em>17·›,·</em></strong></span> <span class='ocrx_word' id='word_1_296' title='bbox 1047 2115 1099 2148; x_wconf 81' lang='lat' dir='ltr'>sio</span> <span class='ocrx_word' id='word_1_297' title='bbox 1129 2113 1221 2160; x_wconf 81' lang='lat' dir='ltr'>disp.</span> <span class='ocrx_word' id='word_1_298' title='bbox 1247 2112 1296 2148; x_wconf 86' lang='lat' dir='ltr'><em>P:</em></span> <span class='ocrx_word' id='word_1_299' title='bbox 1320 2112 1427 2147; x_wconf 84' lang='lat' dir='ltr'>Meca</span> <span class='ocrx_word' id='word_1_300' title='bbox 1455 2132 1497 2135; x_wconf 97' lang='lat'><strong>—</strong></span> <span class='ocrx_word' id='word_1_301' title='bbox 1523 2121 1591 2146; x_wconf 88' lang='lat' dir='ltr'>zeu</span> <span class='ocrx_word' id='word_1_302' title='bbox 1613 2114 1617 2152; x_wconf 79' lang='grc' dir='ltr'>Ι</span> <span class='ocrx_word' id='word_1_303' title='bbox 1637 2111 1746 2146; x_wconf 86' lang='lat' dir='ltr'>Potin</span> <span class='ocrx_word' id='word_1_304' title='bbox 1770 2131 1813 2136; x_wconf 87' lang='lat'>-</span> <span class='ocrx_word' id='word_1_305' title='bbox 1837 2111 1904 2146; x_wconf 92' lang='lat' dir='ltr'>ho-</span> 
     </span>
     <span class='ocr_line' id='line_1_33' title="bbox 239 2166 1904 2217; baseline -0.004 -9"><span class='ocrx_word' id='word_1_306' title='bbox 239 2174 314 2216; x_wconf 84' lang='lat' dir='ltr'>die3</span> <span class='ocrx_word' id='word_1_307' title='bbox 332 2172 382 2217; x_wconf 84' lang='lat' dir='ltr'>of.</span> <span class='ocrx_word' id='word_1_308' title='bbox 395 2182 483 2206; x_wconf 84' lang='lat' dir='ltr'>mus.</span> <span class='ocrx_word' id='word_1_309' title='bbox 493 2170 609 2207; x_wconf 75' lang='lat' dir='ltr'>Rhen.</span> <span class='ocrx_word' id='word_1_310' title='bbox 624 2171 772 2211; x_wconf 76' lang='lat'><em>40,186</em></span> <span class='ocrx_word' id='word_1_311' title='bbox 779 2181 855 2216; x_wconf 84' lang='lat' dir='ltr'>sq.;</span> <span class='ocrx_word' id='word_1_312' title='bbox 871 2170 920 2204; x_wconf 77' lang='lat' dir='ltr'>acl</span> <span class='ocrx_word' id='word_1_313' title='bbox 932 2181 1049 2205; x_wconf 78' lang='lat' dir='ltr'>meros</span> <span class='ocrx_word' id='word_1_314' title='bbox 1061 2173 1213 2206; x_wconf 76' lang='lat' dir='ltr'>creticos</span> <span class='ocrx_word' id='word_1_315' title='bbox 1227 2168 1415 2206; x_wconf 79' lang='lat' dir='ltr'>trochaeos</span> <span class='ocrx_word' id='word_1_316' title='bbox 1427 2171 1648 2213; x_wconf 80' lang='lat' dir='ltr'>anapaestos</span> <span class='ocrx_word' id='word_1_317' title='bbox 1660 2166 1749 2203; x_wconf 78' lang='lat' dir='ltr'>haec</span> <span class='ocrx_word' id='word_1_318' title='bbox 1760 2166 1904 2212; x_wconf 85' lang='lat' dir='ltr'>referre</span> 
     </span>
     <span class='ocr_line' id='line_1_34' title="bbox 238 2222 1904 2272; baseline -0.004 -8"><span class='ocrx_word' id='word_1_319' title='bbox 238 2240 335 2265; x_wconf 84' lang='lat' dir='ltr'>nuno</span> <span class='ocrx_word' id='word_1_320' title='bbox 358 2228 481 2264; x_wconf 85' lang='lat' dir='ltr'>dubito</span> <span class='ocrx_word' id='word_1_321' title='bbox 596 2230 660 2262; x_wconf 79' lang='lat'>729</span> <span class='ocrx_word' id='word_1_322' title='bbox 685 2227 753 2263; x_wconf 82' lang='lat' dir='ltr'>tibi</span> <span class='ocrx_word' id='word_1_323' title='bbox 778 2239 844 2262; x_wconf 82' lang='lat' dir='ltr'>om.</span> <span class='ocrx_word' id='word_1_324' title='bbox 863 2226 905 2270; x_wconf 88' lang='lat' dir='ltr'><em>P,</em></span> <span class='ocrx_word' id='word_1_325' title='bbox 929 2226 1047 2262; x_wconf 79' lang='lat' dir='ltr'>sched.</span> <span class='ocrx_word' id='word_1_326' title='bbox 1075 2227 1108 2261; x_wconf 91' lang='lat' dir='ltr'><em>T</em></span> <span class='ocrx_word' id='word_1_327' title='bbox 1104 2227 1233 2263; x_wconf 81' lang='lat' dir='ltr'>urnebi</span> <span class='ocrx_word' id='word_1_328' title='bbox 1321 2238 1419 2272; x_wconf 81' lang='grc' dir='ltr'><em>μεγα</em></span> <span class='ocrx_word' id='word_1_329' title='bbox 1443 2237 1566 2270; x_wconf 55' lang='grc' dir='ltr'><em>ζακον</em></span> <span class='ocrx_word' id='word_1_330' title='bbox 1589 2225 1633 2265; x_wconf 84' lang='grc' dir='ltr'>Α,</span> <span class='ocrx_word' id='word_1_331' title='bbox 1656 2223 1732 2258; x_wconf 74' lang='lat' dir='ltr'>sch.</span> <span class='ocrx_word' id='word_1_332' title='bbox 1759 2222 1817 2258; x_wconf 89' lang='grc' dir='ltr'><em>Τ..·</em></span> <span class='ocrx_word' id='word_1_333' title='bbox 1846 2233 1904 2258; x_wconf 82' lang='lat' dir='ltr'>me</span> 
     </span>
     <span class='ocr_line' id='line_1_35' title="bbox 240 2273 1902 2329; baseline -0.005 -9"><span class='ocrx_word' id='word_1_334' title='bbox 240 2295 399 2321; x_wconf 82' lang='lat' dir='ltr'>cacacon</span> <span class='ocrx_word' id='word_1_335' title='bbox 416 2283 461 2327; x_wconf 83' lang='grc' dir='ltr'>Ε,</span> <span class='ocrx_word' id='word_1_336' title='bbox 484 2295 540 2320; x_wconf 89' lang='lat' dir='ltr'>me</span> <span class='ocrx_word' id='word_1_337' title='bbox 565 2293 701 2319; x_wconf 81' lang='lat' dir='ltr'>cacaon</span> <span class='ocrx_word' id='word_1_338' title='bbox 727 2282 768 2325; x_wconf 88' lang='lat' dir='ltr'>V,</span> <span class='ocrx_word' id='word_1_339' title='bbox 792 2293 870 2318; x_wconf 93' lang='lat' dir='ltr'>meo</span> <span class='ocrx_word' id='word_1_340' title='bbox 896 2294 1032 2319; x_wconf 85' lang='lat' dir='ltr'>acacon</span> <span class='ocrx_word' id='word_1_341' title='bbox 1054 2283 1085 2318; x_wconf 85' lang='lat' dir='ltr'><em>B</em></span> <span class='ocrx_word' id='word_1_342' title='bbox 1109 2283 1177 2325; x_wconf 77' lang='lat' dir='ltr'>(bis</span> <span class='ocrx_word' id='word_1_343' title='bbox 1191 2273 1380 2329; x_wconf 67' lang='lat' dir='ltr'>scrz&#39;ptu&#39;m)</span> <span class='ocrx_word' id='word_1_344' title='bbox 1474 2284 1535 2317; x_wconf 89' lang='grc'><strong>731</strong></span> <span class='ocrx_word' id='word_1_345' title='bbox 1554 2290 1610 2315; x_wconf 89' lang='lat' dir='ltr'>me</span> <span class='ocrx_word' id='word_1_346' title='bbox 1633 2280 1690 2316; x_wconf 84' lang='lat' dir='ltr'>uis</span> <span class='ocrx_word' id='word_1_347' title='bbox 1707 2279 1743 2314; x_wconf 92' lang='lat' dir='ltr'><em>P</em></span> <span class='ocrx_word' id='word_1_348' title='bbox 1769 2283 1838 2320; x_wconf 88' lang='lat' dir='ltr'>(me</span> <span class='ocrx_word' id='word_1_349' title='bbox 1863 2294 1902 2312; x_wconf 66' lang='lat' dir='ltr'><em>u</em></span> 
     </span>
     <span class='ocr_line' id='line_1_36' title="bbox 239 2336 1908 2382; baseline -0.004 -5"><span class='ocrx_word' id='word_1_350' title='bbox 239 2342 296 2377; x_wconf 83' lang='lat' dir='ltr'>uis</span> <span class='ocrx_word' id='word_1_351' title='bbox 323 2341 390 2382; x_wconf 88' lang='lat' dir='ltr'>B).·</span> <span class='ocrx_word' id='word_1_352' title='bbox 418 2351 519 2375; x_wconf 85' lang='lat' dir='ltr'>meus</span> <span class='ocrx_word' id='word_1_353' title='bbox 545 2344 575 2375; x_wconf 89' lang='lat' dir='ltr'><em>A</em></span> <span class='ocrx_word' id='word_1_354' title='bbox 678 2340 818 2382; x_wconf 86' lang='lat' dir='ltr'>uomire</span> <span class='ocrx_word' id='word_1_355' title='bbox 842 2341 873 2375; x_wconf 85' lang='grc' dir='ltr'><em>Α</em></span> <span class='ocrx_word' id='word_1_356' title='bbox 978 2342 1041 2374; x_wconf 86' lang='grc'><strong>732</strong></span> <span class='ocrx_word' id='word_1_357' title='bbox 1066 2341 1172 2375; x_wconf 90' lang='lat' dir='ltr'>homo</span> <span class='ocrx_word' id='word_1_358' title='bbox 1197 2343 1252 2375; x_wconf 83' lang='lat' dir='ltr'>est</span> <span class='ocrx_word' id='word_1_359' title='bbox 1275 2338 1311 2373; x_wconf 93' lang='lat' dir='ltr'><em>P</em></span> <span class='ocrx_word' id='word_1_360' title='bbox 1400 2340 1578 2374; x_wconf 80' lang='grc'><strong>733-735</strong></span> <span class='ocrx_word' id='word_1_361' title='bbox 1604 2336 1710 2381; x_wconf 53' lang='lat' dir='ltr'>quus]</span> <span class='ocrx_word' id='word_1_362' title='bbox 1731 2336 1820 2371; x_wconf 83' lang='lat' dir='ltr'>AB:</span> <span class='ocrx_word' id='word_1_363' title='bbox 1844 2336 1908 2381; x_wconf 89' lang='lat' dir='ltr'>qui</span> 
     </span>
     <span class='ocr_line' id='line_1_37' title="bbox 247 2391 1905 2443; baseline -0.004 -9"><span class='ocrx_word' id='word_1_364' title='bbox 247 2398 316 2434; x_wconf 83' lang='lat' dir='ltr'>VE</span> <span class='ocrx_word' id='word_1_365' title='bbox 405 2407 533 2433; x_wconf 84' lang='lat' dir='ltr'>seruus</span> <span class='ocrx_word' id='word_1_366' title='bbox 557 2408 596 2432; x_wconf 88' lang='lat' dir='ltr'>es</span> <span class='ocrx_word' id='word_1_367' title='bbox 611 2396 679 2432; x_wconf 88' lang='grc' dir='ltr'>ΑΡ</span> <span class='ocrx_word' id='word_1_368' title='bbox 769 2396 861 2443; x_wconf 82' lang='lat' dir='ltr'>disp.</span> <span class='ocrx_word' id='word_1_369' title='bbox 879 2395 930 2430; x_wconf 89' lang='lat' dir='ltr'><em>P:</em></span> <span class='ocrx_word' id='word_1_370' title='bbox 954 2397 1051 2432; x_wconf 89' lang='lat' dir='ltr'>Erus</span> <span class='ocrx_word' id='word_1_371' title='bbox 1068 2416 1111 2421; x_wconf 89' lang='lat'><strong>—</strong></span> <span class='ocrx_word' id='word_1_372' title='bbox 1134 2407 1172 2431; x_wconf 87' lang='lat' dir='ltr'>es</span> <span class='ocrx_word' id='word_1_373' title='bbox 1193 2399 1198 2440; x_wconf 88' lang='grc' dir='ltr'>Ι</span> <span class='ocrx_word' id='word_1_374' title='bbox 1220 2396 1354 2431; x_wconf 86' lang='lat' dir='ltr'>Seruus</span> <span class='ocrx_word' id='word_1_375' title='bbox 1379 2415 1419 2420; x_wconf 88' lang='lat'>—</span> <span class='ocrx_word' id='word_1_376' title='bbox 1443 2394 1535 2429; x_wconf 88' lang='lat' dir='ltr'>liber</span> <span class='ocrx_word' id='word_1_377' title='bbox 1627 2395 1692 2427; x_wconf 85' lang='lat'>738</span> <span class='ocrx_word' id='word_1_378' title='bbox 1716 2395 1802 2428; x_wconf 83' lang='lat' dir='ltr'>tuus</span> <span class='ocrx_word' id='word_1_379' title='bbox 1826 2391 1905 2435; x_wconf 82' lang='grc' dir='ltr'>ΑΡ,</span> 
     </span>
     <span class='ocr_line' id='line_1_38' title="bbox 238 2449 1906 2500; baseline -0.004 -10"><span class='ocrx_word' id='word_1_380' title='bbox 238 2456 329 2500; x_wconf 80' lang='lat' dir='ltr'>fort.</span> <span class='ocrx_word' id='word_1_381' title='bbox 353 2457 436 2490; x_wconf 80' lang='lat' dir='ltr'>tuos</span> <span class='ocrx_word' id='word_1_382' title='bbox 459 2454 532 2489; x_wconf 79' lang='lat' dir='ltr'>iam</span> <span class='ocrx_word' id='word_1_383' title='bbox 621 2456 659 2489; x_wconf 76' lang='lat' dir='ltr'>te</span> <span class='ocrx_word' id='word_1_384' title='bbox 684 2464 752 2488; x_wconf 85' lang='lat' dir='ltr'>om.</span> <span class='ocrx_word' id='word_1_385' title='bbox 778 2452 812 2487; x_wconf 89' lang='lat' dir='ltr'><em>P</em></span> <span class='ocrx_word' id='word_1_386' title='bbox 911 2456 976 2488; x_wconf 85' lang='grc'><strong>739</strong></span> <span class='ocrx_word' id='word_1_387' title='bbox 1002 2453 1188 2498; x_wconf 86' lang='lat' dir='ltr'>olimpisce</span> <span class='ocrx_word' id='word_1_388' title='bbox 1211 2453 1260 2487; x_wconf 90' lang='lat' dir='ltr'>mi</span> <span class='ocrx_word' id='word_1_389' title='bbox 1283 2451 1331 2486; x_wconf 92' lang='lat' dir='ltr'>mi</span> <span class='ocrx_word' id='word_1_390' title='bbox 1356 2450 1399 2492; x_wconf 90' lang='lat' dir='ltr'>P,</span> <span class='ocrx_word' id='word_1_391' title='bbox 1424 2449 1600 2495; x_wconf 85' lang='lat' dir='ltr'>olympice</span> <span class='ocrx_word' id='word_1_392' title='bbox 1622 2449 1672 2484; x_wconf 89' lang='lat' dir='ltr'>mi</span> <span class='ocrx_word' id='word_1_393' title='bbox 1687 2449 1719 2483; x_wconf 87' lang='grc' dir='ltr'><em>Α</em></span> <span class='ocrx_word' id='word_1_394' title='bbox 1810 2454 1906 2495; x_wconf 82' lang='lat' dir='ltr'>spat.</span> 
     </span>
     <span class='ocr_line' id='line_1_39' title="bbox 241 2497 1905 2554; baseline -0.002 -8"><span class='ocrx_word' id='word_1_395' title='bbox 241 2516 325 2547; x_wconf 90' lang='lat' dir='ltr'>ante</span> <span class='ocrx_word' id='word_1_396' title='bbox 348 2522 403 2546; x_wconf 87' lang='lat' dir='ltr'>em</span> <span class='ocrx_word' id='word_1_397' title='bbox 428 2521 495 2545; x_wconf 87' lang='lat' dir='ltr'>om.</span> <span class='ocrx_word' id='word_1_398' title='bbox 512 2511 543 2545; x_wconf 85' lang='lat' dir='ltr'><em>A</em></span> <span class='ocrx_word' id='word_1_399' title='bbox 638 2513 702 2544; x_wconf 87' lang='grc'><strong>740</strong></span> <span class='ocrx_word' id='word_1_400' title='bbox 727 2509 798 2545; x_wconf 88' lang='lat' dir='ltr'>duo</span> <span class='ocrx_word' id='word_1_401' title='bbox 816 2520 940 2545; x_wconf 84' lang='lat' dir='ltr'>versus</span> <span class='ocrx_word' id='word_1_402' title='bbox 957 2511 999 2551; x_wconf 80' lang='lat' dir='ltr'>A,</span> <span class='ocrx_word' id='word_1_403' title='bbox 1024 2520 1177 2554; x_wconf 78' lang='lat' dir='ltr'>quorum</span> <span class='ocrx_word' id='word_1_404' title='bbox 1201 2508 1294 2543; x_wconf 85' lang='lat' dir='ltr'>alter</span> <span class='ocrx_word' id='word_1_405' title='bbox 1315 2508 1428 2553; x_wconf 80' lang='lat' dir='ltr'>(sapis</span> <span class='ocrx_word' id='word_1_406' title='bbox 1453 2497 1563 2549; x_wconf 56' lang='lat' dir='ltr'>sane)</span> <span class='ocrx_word' id='word_1_407' title='bbox 1569 2504 1697 2551; x_wconf 76' lang='lat' dir='ltr'>priori</span> <span class='ocrx_word' id='word_1_408' title='bbox 1718 2503 1905 2546; x_wconf 77' lang='lat' dir='ltr'>adhaeret,</span> 
     </span>
     <span class='ocr_line' id='line_1_40' title="bbox 241 2561 1904 2612; baseline -0.004 -9"><span class='ocrx_word' id='word_1_409' title='bbox 241 2568 334 2604; x_wconf 85' lang='lat' dir='ltr'>alter</span> <span class='ocrx_word' id='word_1_410' title='bbox 364 2570 462 2610; x_wconf 88' lang='lat' dir='ltr'>(tuus</span> <span class='ocrx_word' id='word_1_411' title='bbox 493 2577 571 2601; x_wconf 81' lang='lat' dir='ltr'>sum</span> <span class='ocrx_word' id='word_1_412' title='bbox 602 2566 779 2610; x_wconf 85' lang='lat' dir='ltr'>equidem)</span> <span class='ocrx_word' id='word_1_413' title='bbox 808 2570 1012 2612; x_wconf 84' lang='lat' dir='ltr'>sequentem</span> <span class='ocrx_word' id='word_1_414' title='bbox 1040 2564 1189 2600; x_wconf 76' lang='lat' dir='ltr'>incohat</span> <span class='ocrx_word' id='word_1_415' title='bbox 1213 2563 1248 2598; x_wconf 91' lang='lat' dir='ltr'><em>P</em></span> <span class='ocrx_word' id='word_1_416' title='bbox 1362 2567 1423 2599; x_wconf 80' lang='grc'><strong>741</strong></span> <span class='ocrx_word' id='word_1_417' title='bbox 1452 2566 1561 2609; x_wconf 80' lang='lat' dir='ltr'>opust</span> <span class='ocrx_word' id='word_1_418' title='bbox 1592 2571 1698 2597; x_wconf 83' lang='lat' dir='ltr'>seruo</span> <span class='ocrx_word' id='word_1_419' title='bbox 1723 2561 1774 2596; x_wconf 82' lang='lat' dir='ltr'>A:</span> <span class='ocrx_word' id='word_1_420' title='bbox 1797 2571 1904 2597; x_wconf 76' lang='lat' dir='ltr'>seruo</span> 
     </span>
     <span class='ocr_line' id='line_1_41' title="bbox 241 2617 1906 2670; baseline -0.005 -9"><span class='ocrx_word' id='word_1_421' title='bbox 241 2635 334 2670; x_wconf 88' lang='lat' dir='ltr'>opus</span> <span class='ocrx_word' id='word_1_422' title='bbox 351 2626 407 2660; x_wconf 86' lang='lat' dir='ltr'>est</span> <span class='ocrx_word' id='word_1_423' title='bbox 425 2623 458 2658; x_wconf 89' lang='lat' dir='ltr'><em>P</em></span> <span class='ocrx_word' id='word_1_424' title='bbox 525 2625 602 2657; x_wconf 81' lang='grc'><strong>742.</strong></span> <span class='ocrx_word' id='word_1_425' title='bbox 630 2625 693 2657; x_wconf 76' lang='grc'><strong>743</strong></span> <span class='ocrx_word' id='word_1_426' title='bbox 712 2623 901 2668; x_wconf 60' lang='lat' dir='ltr'>coniungit</span> <span class='ocrx_word' id='word_1_427' title='bbox 917 2621 952 2656; x_wconf 92' lang='lat' dir='ltr'><em>P</em></span> <span class='ocrx_word' id='word_1_428' title='bbox 1019 2625 1084 2656; x_wconf 87' lang='grc'><strong>744</strong></span> <span class='ocrx_word' id='word_1_429' title='bbox 1094 2623 1197 2656; x_wconf 86' lang='grc'><strong>-749</strong></span> <span class='ocrx_word' id='word_1_430' title='bbox 1215 2620 1319 2655; x_wconf 81' lang='lat' dir='ltr'>initia</span> <span class='ocrx_word' id='word_1_431' title='bbox 1336 2619 1502 2654; x_wconf 81' lang='lat' dir='ltr'>mutilata</span> <span class='ocrx_word' id='word_1_432' title='bbox 1527 2618 1563 2654; x_wconf 91' lang='lat' dir='ltr'><em>P</em></span> <span class='ocrx_word' id='word_1_433' title='bbox 1629 2620 1704 2653; x_wconf 87' lang='grc'><strong>744.</strong></span> <span class='ocrx_word' id='word_1_434' title='bbox 1723 2620 1787 2652; x_wconf 85' lang='grc'><strong>745</strong></span> <span class='ocrx_word' id='word_1_435' title='bbox 1804 2617 1906 2654; x_wconf 77' lang='lat' dir='ltr'>hisce</span> 
     </span>
     <span class='ocr_line' id='line_1_42' title="bbox 242 2672 1908 2724; baseline -0.004 -9"><span class='ocrx_word' id='word_1_436' title='bbox 242 2692 310 2716; x_wconf 92' lang='lat' dir='ltr'>om.</span> <span class='ocrx_word' id='word_1_437' title='bbox 337 2680 371 2716; x_wconf 93' lang='lat' dir='ltr'><strong><em>P</em></strong></span> <span class='ocrx_word' id='word_1_438' title='bbox 457 2680 617 2715; x_wconf 83' lang='lat' dir='ltr'>habeant</span> <span class='ocrx_word' id='word_1_439' title='bbox 640 2678 676 2713; x_wconf 95' lang='lat' dir='ltr'><em>P</em></span> <span class='ocrx_word' id='word_1_440' title='bbox 764 2689 919 2724; x_wconf 84' lang='lat' dir='ltr'>propere</span> <span class='ocrx_word' id='word_1_441' title='bbox 943 2678 1015 2714; x_wconf 87' lang='lat' dir='ltr'>cito</span> <span class='ocrx_word' id='word_1_442' title='bbox 1044 2679 1096 2723; x_wconf 82' lang='lat' dir='ltr'>cs.</span> <span class='ocrx_word' id='word_1_443' title='bbox 1120 2678 1199 2712; x_wconf 78' lang='lat'>295</span> <span class='ocrx_word' id='word_1_444' title='bbox 1224 2675 1306 2711; x_wconf 82' lang='lat' dir='ltr'>Cist.</span> <span class='ocrx_word' id='word_1_445' title='bbox 1335 2677 1408 2710; x_wconf 88' lang='lat'>639</span> <span class='ocrx_word' id='word_1_446' title='bbox 1432 2675 1529 2716; x_wconf 82' lang='lat' dir='ltr'>alia,·</span> <span class='ocrx_word' id='word_1_447' title='bbox 1562 2674 1674 2710; x_wconf 79' lang='lat' dir='ltr'>Citrio</span> <span class='ocrx_word' id='word_1_448' title='bbox 1704 2672 1908 2710; x_wconf 76' lang='lat' dir='ltr'>Schoellius</span> 
     </span>
     <span class='ocr_line' id='line_1_43' title="bbox 235 2728 1907 2783; baseline -0.005 -12"><span class='ocrx_word' id='word_1_449' title='bbox 235 2737 361 2783; x_wconf 80' lang='lat' dir='ltr'>praef.</span> <span class='ocrx_word' id='word_1_450' title='bbox 379 2736 484 2772; x_wconf 83' lang='lat' dir='ltr'>Most.</span> <span class='ocrx_word' id='word_1_451' title='bbox 497 2748 539 2782; x_wconf 82' lang='lat' dir='ltr'>p.</span> <span class='ocrx_word' id='word_1_452' title='bbox 555 2738 603 2771; x_wconf 88' lang='lat'>15</span> <span class='ocrx_word' id='word_1_453' title='bbox 668 2738 864 2781; x_wconf 85' lang='lat' dir='ltr'>properate</span> <span class='ocrx_word' id='word_1_454' title='bbox 880 2736 910 2770; x_wconf 86' lang='grc' dir='ltr'><em>Α</em></span> <span class='ocrx_word' id='word_1_455' title='bbox 920 2748 934 2776; x_wconf 86' lang='grc'><em>;</em></span> <span class='ocrx_word' id='word_1_456' title='bbox 957 2735 1009 2780; x_wconf 83' lang='lat' dir='ltr'>of.</span> <span class='ocrx_word' id='word_1_457' title='bbox 1027 2733 1137 2769; x_wconf 85' lang='lat' dir='ltr'>Poen.</span> <span class='ocrx_word' id='word_1_458' title='bbox 1157 2734 1227 2768; x_wconf 80' lang='lat'>321</span> <span class='ocrx_word' id='word_1_459' title='bbox 1322 2735 1386 2767; x_wconf 84' lang='grc'><strong>746</strong></span> <span class='ocrx_word' id='word_1_460' title='bbox 1410 2742 1476 2776; x_wconf 87' lang='lat' dir='ltr'>ego</span> <span class='ocrx_word' id='word_1_461' title='bbox 1499 2742 1568 2766; x_wconf 86' lang='lat' dir='ltr'>om.</span> <span class='ocrx_word' id='word_1_462' title='bbox 1587 2730 1622 2765; x_wconf 91' lang='lat' dir='ltr'><em>P</em></span> <span class='ocrx_word' id='word_1_463' title='bbox 1687 2729 1799 2766; x_wconf 81' lang='lat' dir='ltr'>facite</span> <span class='ocrx_word' id='word_1_464' title='bbox 1821 2728 1907 2765; x_wconf 83' lang='grc' dir='ltr'><em>ΑΡ.-</em></span> 
     </span>
     <span class='ocr_line' id='line_1_44' title="bbox 242 2787 1817 2840; baseline -0.004 -12"><span class='ocrx_word' id='word_1_465' title='bbox 242 2793 354 2828; x_wconf 80' lang='lat' dir='ltr'>facito</span> <span class='ocrx_word' id='word_1_466' title='bbox 381 2792 604 2840; x_wconf 82' lang='lat' dir='ltr'>Geppertus,</span> <span class='ocrx_word' id='word_1_467' title='bbox 629 2802 700 2837; x_wconf 80' lang='lat' dir='ltr'>quo</span> <span class='ocrx_word' id='word_1_468' title='bbox 725 2791 832 2827; x_wconf 85' lang='lat' dir='ltr'>modo</span> <span class='ocrx_word' id='word_1_469' title='bbox 857 2796 891 2826; x_wconf 84' lang='lat' dir='ltr'>et</span> <span class='ocrx_word' id='word_1_470' title='bbox 915 2795 1065 2826; x_wconf 83' lang='lat' dir='ltr'>metrum</span> <span class='ocrx_word' id='word_1_471' title='bbox 1086 2790 1131 2835; x_wconf 82' lang='lat' dir='ltr'>fit</span> <span class='ocrx_word' id='word_1_472' title='bbox 1153 2794 1188 2825; x_wconf 89' lang='lat' dir='ltr'>et</span> <span class='ocrx_word' id='word_1_473' title='bbox 1212 2789 1340 2824; x_wconf 83' lang='lat' dir='ltr'>mel1&#39;0r</span> <span class='ocrx_word' id='word_1_474' title='bbox 1362 2799 1494 2830; x_wconf 85' lang='lat' dir='ltr'>sermo,</span> <span class='ocrx_word' id='word_1_475' title='bbox 1519 2788 1570 2832; x_wconf 84' lang='lat' dir='ltr'>cf.</span> <span class='ocrx_word' id='word_1_476' title='bbox 1599 2787 1670 2823; x_wconf 78' lang='lat'>748</span> <span class='ocrx_word' id='word_1_477' title='bbox 1693 2789 1817 2822; x_wconf 79' lang='lat' dir='ltr'>stasne</span> 
     </span>
     <span class='ocr_line' id='line_1_45' title="bbox 243 2849 588 2885; baseline 0.003 -1"><span class='ocrx_word' id='word_1_478' title='bbox 243 2859 335 2885; x_wconf 79' lang='lat' dir='ltr'>cena</span> <span class='ocrx_word' id='word_1_479' title='bbox 357 2850 388 2884; x_wconf 84' lang='grc' dir='ltr'><em>Α</em></span> <span class='ocrx_word' id='word_1_480' title='bbox 481 2852 536 2885; x_wconf 86' lang='lat' dir='ltr'>est</span> <span class='ocrx_word' id='word_1_481' title='bbox 560 2849 588 2884; x_wconf 89' lang='lat' dir='ltr'><em>P</em></span> 
     </span>
    </p>
   </div>
  </div>
 </body>
</html>
