1998 3179
147 115 175 143 n
186 116 214 150 8,
232 115 334 144 16-46
888 113 1026 150 CASIN
1029 115 1061 148 A
1719 114 1799 150 245

145 241 197 280 ita
227 252 290 280 me
320 240 358 280 di
388 239 489 280 bene
520 248 661 289 ament,
694 247 736 279 ut
766 252 838 291 ego
868 240 930 279 vix
958 240 1130 292 reprimo
1161 239 1268 279 labra

147 308 197 349 ob
229 309 352 349 istanc
381 321 464 348 rem
496 309 590 360 quin
625 314 660 348 te
691 308 906 355 deosculer,
936 307 1114 359 voluptas
1141 319 1240 347 mea.

145 377 278 418 CHAL.
329 377 442 423 Quid,
474 374 731 416 deosculere?
761 388 859 426 quae
889 374 981 414 res?
1013 387 1112 426 quae
1140 375 1316 428 voluptas
1346 374 1440 416 tua?

145 445 325 484 ecfodere
354 444 486 483 hercle
515 444 577 483 hic
606 443 696 490 volt,
728 443 857 490 credo,
888 443 1055 481 vesicam
1084 442 1209 482 vilico.
1235 452 1260 484 -ι-

144 512 218 553 OL.
268 511 420 562 Ecquid
448 523 553 551 amas
583 523 690 550 nunc
720 509 812 549 me?
870 510 970 550 LYs.
1019 509 1143 549 Immo
1174 510 1313 561 edepol
1344 522 1405 549 me
1444 523 1557 562 quam
1588 517 1625 550 te
1655 511 1798 551 minus.

142 579 285 618 licetne
315 578 494 629 amplecti
524 576 590 616 te?
648 577 782 617 CHAL.
833 576 947 623 Quid,
978 575 1186 627 amplecti?
1245 576 1320 618 01..
1379 577 1500 617 Licet.

141 646 240 685 LYS.
289 645 348 692 Vt,
381 645 468 696 quia
499 650 537 683 te
567 650 698 695 tango,
729 644 806 682 mel
835 643 929 682 mihi
958 643 1092 682 videor
1121 644 1284 693 lingere.

141 714 215 753 OL.
265 712 373 752 Vltro
403 718 454 760 te,
486 718 647 756 amator,
679 723 798 762 apage
829 717 866 749 te
897 723 917 749 a
949 711 1064 750 dorso
1095 723 1196 750 meo.

140 780 273 821 CHAL.
323 780 420 819 Illuc
451 785 520 827 est,
550 779 655 827 illuc,
687 779 790 829 quod
821 778 884 817 hic
914 779 1021 817 hunc
1050 779 1143 817 fecit
1173 778 1345 817 vilicum:

140 847 264 886 eidem
294 859 356 886 me
387 846 549 898 pridem,
583 859 671 885 cum
702 847 737 884 ei
768 847 972 885 advorsum
1003 858 1199 894 veneram,

138 915 266 953 facere
296 914 506 953 atriensem
537 914 711 952 voluerat
740 913 811 953 sub
844 913 971 952 ianua.

139 982 212 1021 OL.
262 981 310 1020 Vt
338 981 410 1020 tibi
439 982 658 1032 morigerus
688 981 815 1029 hodie,
847 987 890 1020 ut
918 980 1105 1032 voluptati
1135 980 1203 1019 fui.

136 1049 235 1089 LYs.
283 1048 333 1088 Vt
361 1048 444 1096 tibi,
476 1049 568 1088 dum
598 1049 735 1096 vivam,
766 1049 867 1088 bene
898 1049 1008 1087 velim
1040 1049 1128 1100 plus
1159 1061 1275 1100 quam
1306 1048 1411 1087 mihi.

136 1116 269 1156 CHAL.
314 1116 438 1155 Hodie
469 1116 613 1164 hercle,
645 1117 799 1168 opinor,
830 1116 869 1155 hi
901 1115 1196 1155 conturbabunt
1226 1115 1364 1167 pedes:

135 1183 233 1222 solet
262 1183 326 1222 hic
356 1182 539 1224 barbatos
569 1196 663 1224 sane
694 1184 832 1224 sectari
861 1196 992 1223 senex.

134 1250 233 1290 Lm.
284 1251 333 1289 Vt
363 1263 435 1302 ego
466 1251 580 1290 hodie
612 1251 787 1291 Casinam
819 1251 1087 1295 deosculabor,
1120 1256 1160 1288 ut
1192 1250 1284 1288 mihi

134 1317 236 1356 bona
268 1317 387 1357 multa
418 1319 553 1358 faciam
585 1317 730 1373 (clam)
762 1331 886 1358 meam
918 1330 1093 1357 uxorem.
1153 1318 1287 1358 CHAL.
1332 1319 1492 1365 Attatae,

135 1397 242 1424 nunc
273 1385 340 1437 pol
369 1398 440 1437 ego
471 1386 628 1426 demum
659 1387 699 1425 in
733 1393 877 1426 rectam
910 1386 1006 1425 redii
1036 1386 1224 1425 semitam.

135 1452 197 1491 hic
228 1453 337 1504 ipsus
368 1453 544 1493 Casinam
576 1454 740 1505 deperit.
773 1453 897 1492 habeo
928 1454 1042 1492 viros.

133 1519 232 1561 LYs.
276 1519 356 1559 Iam
386 1521 517 1560 hercle
548 1521 770 1572 amplexari,
801 1522 876 1560 iam
910 1520 1076 1560 osculari
1106 1520 1242 1571 gestio.

135 1587 209 1627 OL.
260 1587 354 1627 Sine
385 1589 494 1640 prius
525 1588 677 1628 deduci.
710 1589 816 1640 quid,
848 1589 1006 1635 malum,
1036 1586 1259 1639 properas?
1318 1588 1417 1628 LYS.
1468 1589 1578 1627 Amo.

135 1655 209 1696 OL.
257 1657 306 1694 At
335 1668 416 1695 non
449 1657 592 1708 opinor
621 1657 704 1696 fieri
736 1657 810 1696 hoc
841 1669 956 1708 posse
986 1656 1113 1695 hodie.
1172 1655 1271 1696 LYs.
1323 1656 1467 1703 Potest,

133 1722 323 1773 siquidem
354 1735 440 1763 cras
470 1736 609 1764 censes
639 1731 678 1763 te
707 1737 823 1776 posse
855 1724 976 1763 emitti
1007 1735 1138 1762 manu.

133 1790 266 1830 CHAL.
315 1789 432 1830 Enim
462 1794 553 1831 vero
583 1792 661 1831 huc
691 1804 807 1831 aures
837 1791 959 1842 magis
989 1798 1081 1831 sunt
1113 1791 1353 1830 adhibendae
1383 1790 1497 1830 mihi:

133 1857 206 1896 iam
240 1870 312 1909 ego
344 1869 425 1896 uno
456 1858 496 1896 in
528 1858 626 1897 saltu
659 1859 786 1910 lepide
816 1871 932 1910 apros
961 1860 1110 1910 capiam
1142 1859 1252 1898 duos.

132 1924 230 1964 LYs.
274 1925 387 1977 Apud
416 1925 524 1964 hunc
554 1926 724 1965 sodalem
755 1938 885 1965 meum
917 1932 1034 1977 atque
1065 1926 1234 1965 vicinum
1267 1925 1357 1964 mihi

133 1991 241 2031 locus
272 1998 333 2032 est
361 1999 541 2043 paratus:
574 1993 609 2032 ei
640 2006 712 2044 ego
744 2005 917 2032 amorem
949 2005 1106 2032 omnem
1136 2005 1268 2031 meum

134 2059 369 2107 concredui;
401 2060 432 2099 is
461 2060 556 2099 mihi
586 2073 627 2100 se
658 2061 788 2099 locum
819 2061 914 2099 dixit
944 2061 1047 2099 dare.

133 2125 207 2166 OL.
256 2125 358 2172 Quid
390 2127 473 2166 eius
502 2126 631 2167 uxor?
664 2127 730 2167 ubi
762 2126 864 2167 erit?
922 2128 1021 2167 LYs.
1072 2127 1217 2179 Lepide
1248 2127 1416 2179 repperi.

132 2204 218 2232 mea
247 2196 347 2232 uxor
375 2195 529 2234 vocabit
559 2196 636 2234 huc
667 2207 751 2234 eam
781 2195 827 2234 ad
859 2207 900 2234 se
932 2195 971 2233 in
1005 2195 1175 2246 nuptias,

134 2266 177 2298 ut
204 2259 268 2298 hic
298 2260 347 2300 sit
376 2274 522 2308 secum,
555 2275 596 2302 se
626 2263 791 2308 adiuvet,
823 2274 956 2301 secum
989 2262 1125 2310 cubet;

244 2361 310 2393 454
335 2360 534 2402 deosculer,
560 2371 653 2395 corr.
681 2359 864 2395 Meursius
977 2363 1042 2395 455
1069 2361 1176 2396 credo
1200 2360 1322 2396 hercle
1347 2360 1514 2395 ecfodere
1538 2360 1597 2395 hic
1620 2359 1695 2395 volt
1719 2359 1792 2395 Bo-

132 2412 227 2449 tln'us
257 2415 319 2460 (cfi
345 2415 502 2451 Briaeius
533 2416 570 2450 z'n
600 2416 828 2451 Fleckeiseni
858 2427 942 2452 ann.
967 2417 1061 2459 123,
1094 2418 1159 2457 53,
1191 2415 1454 2461 Kellerlzosfius
1485 2417 1521 2450 in
1556 2416 1794 2453 Studemundi

130 2470 224 2505 stud.
241 2473 280 2513 2,
307 2473 356 2506 62
371 2474 462 2517 sq.);
478 2471 608 2518 potius
625 2476 835 2519 corruptum
861 2473 980 2508 credo.
1020 2483 1160 2508 versum
1183 2477 1269 2520 post
1285 2474 1361 2508 458
1382 2473 1507 2518 posuit
1525 2473 1720 2509 Lambinus

131 2528 196 2561 456
220 2527 342 2572 ecquis
362 2526 411 2562 B¹
435 2531 476 2562 ut
498 2527 581 2570 vid„
614 2526 684 2562 VE
771 2531 837 2563 459
861 2529 1046 2575 armiqeri,
1071 2540 1165 2564 corr.
1192 2528 1335 2563 Merula
1427 2531 1488 2563 461
1510 2531 1547 2563 et
1562 2529 1669 2573 idem,
1694 2539 1790 2565 corr-

132 2581 325 2618 Lambinus
334 2596 348 2624 ;
372 2584 423 2628 cf.
442 2583 640 2620 Mil.1207
740 2587 804 2620 465
829 2585 885 2628 iis,
911 2596 1004 2620 corr.
1017 2585 1214 2621 Lambinus
1230 2586 1265 2628 (ἱ.
1279 2597 1307 2621 e.
1332 2586 1400 2628 his,
1425 2586 1474 2630 cf.
1495 2585 1595 2620 Cure.
1615 2587 1701 2627 507)

132 2640 197 2672 466
220 2649 329 2674 senex
352 2640 484 2675 sectari
514 2640 544 2674 B
651 2643 717 2676 468
741 2641 881 2685 (clam)
903 2641 994 2676 Pius
1103 2642 1202 2676 Amr.
1229 2644 1343 2677 attate
1368 2641 1420 2675 B²
1443 2642 1480 2675 in
1504 2652 1578 2676 ras.
1603 2644 1710 2682 (eras.
1735 2641 1791 2678 elz-t

129 2694 192 2740 pol
215 2696 386 2739 attate?):
411 2699 525 2732 attate
547 2698 646 2732 ΑΒΜ.
662 2697 739 2739 (sed
761 2701 892 2742 artare,
916 2709 996 2744 sup.
1021 2710 1088 2733 scr.
1115 2701 1238 2743 aptate
1266 2697 1310 2739 E)
1339 2697 1407 2732 VE
1494 2701 1558 2733 4ῖο
1584 2709 1662 2733 suu.
1687 2698 1791 2742 abeo,

131 2759 224 2784 corr.
255 2750 416 2797 Pylades
529 2756 591 2787 471
625 2753 668 2787 L.
704 2764 772 2788 om.
889 2757 955 2788 4ῖῖ
978 2755 1061 2799 pius
1098 2754 1164 2788 ΓΕ
1265 2764 1393 2798 operas
1427 2752 1495 2788 VE
1607 2757 1673 2788 474
1697 2755 1791 2790 mitti

129 2816 238 2842 manu
263 2806 339 2851 VE,
362 2809 566 2844 manumitti
582 2809 630 2851 B,
654 2820 750 2845 corr.
779 2810 1008 2846 Camerarius
1112 2814 1176 2845 4ἵὸ
1202 2820 1342 2845 omnem
1365 2821 1533 2854 amorem,
1557 2821 1650 2845 corr.
1678 2810 1790 2857 Pyla-

131 2861 194 2897 des
295 2865 360 2898 480
383 2864 504 2908 reperi
528 2864 574 2906 B,
599 2865 745 2910 repedri
771 2864 808 2900 E
828 2870 912 2901 ante
935 2876 1030 2901 corr.
1134 2868 1199 2901 482
1226 2866 1365 2902 adiutet
1390 2865 1434 2909 E,
1459 2867 1599 2902 aduitet
1625 2866 1655 2901 V

1810 450 1866 482 455

1810 785 1866 817 461)

1806 1124 1863 1155 465

1806 1461 1862 1492 470

1807 1799 1862 1830 475

1805 2143 1861 2176 4³0
