1998 3179
71 72 100 100 11
114 73 140 105 1,
159 71 253 104 41—2,
272 72 289 99 9
755 69 1039 106 AVLVLARIA
1671 68 1722 105 99

71 185 102 225 si
135 197 219 225 eam
250 197 368 224 senex
400 197 519 224 anum
548 191 798 236 praegnatem
830 184 990 223 fortuito
1023 182 1169 230 fecerit,

72 253 162 304 quid
194 251 357 301 dubitas,
391 254 483 304 quin
516 254 566 292 sit
595 258 771 304 paratum
804 264 947 291 nomen
979 264 1101 303 puero
1134 249 1372 290 Postumus?

70 332 178 359 nunc
208 332 280 371 ego
312 320 441 368 istum,
472 332 597 366 soror,
628 319 800 359 laborem
833 319 983 358 demam
1015 325 1052 357 et
1083 318 1304 357 deminuam
1336 317 1418 357 tibi.
1738 323 1792 356 165

70 400 141 440 ego
173 388 315 427 virtute
345 389 460 427 deum
492 394 530 426 et
558 387 748 426 maiorum
782 393 961 426 nostrum
992 386 1096 425 dives
1126 398 1210 425 sum
1241 386 1344 425 satis.

68 455 160 495 istas
189 467 348 506 magnas
377 455 579 501 factiones,
610 455 773 501 animos,
805 454 914 492 dotes
944 453 1121 505 dapsiles,

68 523 270 570 clamores,
302 523 477 574 imperia,
509 521 669 560 eburata
698 521 858 568 vehicla,
889 520 1021 572 pallas,
1053 523 1283 571 purpuram,

69 590 124 628 nil
156 601 288 628 moror
318 602 416 640 quae
447 590 486 628 in
518 589 741 628 servitutem
775 587 994 638 sumptibus
1024 587 1207 637 redigunt
1236 587 1350 626 viros.

67 657 115 697 E.
146 656 216 695 Dic
237 657 342 704 mihi,
375 668 532 707 quaeso,
565 656 651 706 quis
673 667 715 694 ea
738 661 807 702 est,
838 666 952 705 quam
974 654 1030 693 vis
1059 654 1200 693 ducere
1220 652 1413 693 uxorem?
1453 654 1509 695 M.
1541 654 1723 705 Eloquar.
1739 660 1792 693 170

69 724 198 763 nostin
230 724 337 762 hunc
366 736 501 763 senem
531 723 761 762 Euclionem
793 734 839 760 ex
870 722 1047 772 proximo
1078 720 1389 773 pauperculum?

66 791 175 832 EVN.
223 791 340 838 Novi,
376 791 572 829 hominem
605 790 705 829 haud
737 789 878 828 malum
910 795 1113 828 mecastor.
1171 788 1289 830 MEG.
1338 788 1432 828 Eius
1463 788 1578 840 cupio
1610 789 1725 828 filiam

65 858 256 909 virginem
287 858 381 897 mihi
413 858 662 910 desponderi.
713 857 830 896 verba
862 870 912 896 ne
943 857 1070 904 facias,
1102 869 1227 896 soror.

66 925 146 965 scio
179 925 267 976 quid
300 926 451 965 dictura
483 938 542 965 es:
575 926 677 964 hanc
708 937 791 964 esse
822 936 1048 976 pauperem.
1100 924 1197 963 haec
1227 936 1377 976 pauper
1407 924 1544 976 placet.

65 993 113 1033 E.
129 993 287 1032 Dihene
303 1000 468 1032 vortant.
499 993 556 1033 M.
573 993 760 1043 Idemego
773 1004 902 1043 spero.
933 992 981 1032 E.
1000 991 1100 1037 Quid
1115 989 1206 1030 me?
1225 1004 1316 1030 num
1331 989 1514 1042 quidvis?
1546 991 1602 1031 M.
1620 991 1722 1030 Vale.
1737 996 1791 1029 175

65 1061 173 1101 EVN.
222 1060 272 1099 Et
301 1066 364 1108 tu,
395 1062 527 1100 frater.
558 1084 612 1089 —
642 1060 758 1100 MEG.
810 1060 892 1111 Ego
924 1060 1152 1099 conveniam
1185 1059 1427 1107 Euclionem,
1459 1059 1490 1098 si
1520 1059 1622 1098 domi
1655 1065 1723 1098 est.

66 1129 132 1167 sed
165 1141 301 1168 eccum
330 1126 499 1183 (video).
552 1129 683 1168 nescio
715 1128 820 1167 unde
851 1140 934 1167 sese
966 1128 1082 1166 homo
1115 1128 1253 1179 recipit
1282 1127 1453 1166 domum.

786 1217 999 1258 EVCLIO
1633 1217 1678 1256 II
1701 1219 1723 1256 2

65 1285 314 1336 Praesagibat
342 1286 394 1324 mi
426 1286 578 1324 animus
608 1287 748 1324 frustra
781 1298 842 1323 me
873 1285 941 1329 ire,
974 1297 1092 1334 quoni
1124 1283 1274 1322 exibam
1307 1284 1444 1331 domo;

65 1353 195 1403 itaque
226 1352 377 1391 abibam
408 1350 572 1400 invitus;
604 1364 692 1390 nam
726 1364 854 1402 neque
885 1352 1091 1402 quisquam
1123 1350 1325 1389 curialium

64 1421 170 1459 venit
201 1432 329 1471 neque
361 1420 546 1470 magister
576 1432 690 1470 quem
723 1419 892 1458 dividere
923 1426 1130 1469 argentum
1162 1418 1348 1469 oportuit.
1737 1427 1792 1460 180

66 1500 173 1526 nunc
203 1488 361 1526 domum
392 1499 604 1539 properare
635 1498 819 1538 propero,
853 1499 940 1524 nam
964 1492 1119 1536 egomet
1140 1498 1225 1524 sum
1250 1486 1325 1531 hic,
1356 1486 1509 1525 animus
1529 1486 1633 1524 domi
1655 1494 1724 1525 est.

64 1554 179 1595 MEG.
230 1555 360 1594 Salvos
389 1561 506 1605 atque
536 1555 769 1600 fortunatus,
800 1554 949 1599 Euclio,
982 1566 1138 1604 semper
1167 1554 1254 1592 sies.

63 1622 192 1662 EVCL.
239 1623 282 1661 Di
314 1629 351 1661 te
381 1628 524 1669 ament,
547 1622 766 1672 Megadore.
825 1621 882 1662 M.
928 1621 1028 1667 Quid
1057 1619 1129 1660 tu?
1161 1628 1293 1659 recten
1318 1627 1433 1671 atque
1456 1627 1499 1659 ut
1519 1621 1573 1659 vis
1594 1620 1725 1660 vales?

63 1690 192 1729 EVCL.
243 1690 328 1729 Non
362 1690 608 1729 temerarium
641 1695 710 1736 est,
742 1689 809 1729 ubi
841 1690 946 1729 (lives
977 1689 1118 1727 blande
1149 1689 1316 1740 appellat
1348 1700 1574 1740 pauperem.

64 1757 138 1795 iam
172 1757 248 1796 illic
279 1757 395 1796 homo
427 1769 565 1796 aurum
597 1758 669 1796 scit
699 1769 760 1795 me
792 1757 946 1803 hahere,
980 1770 1025 1795 eo
1057 1769 1119 1795 me
1151 1756 1289 1796 salutat
1320 1756 1511 1795 blandius.
1737 1763 1790 1796 185

62 1824 178 1864 MEG.
228 1825 298 1863 Ain
330 1830 373 1863 tu
404 1831 441 1864 te
472 1822 629 1863 valere?
686 1825 817 1866 EVCL.
867 1824 937 1863 Pol
968 1837 1040 1875 ego
1071 1824 1174 1863 haud
1205 1824 1379 1875 perbene
1410 1836 1429 1862 a
1461 1823 1638 1875 pecunia.

179 1927 241 1959 163
258 1928 488 1968 praegnatem
501 1924 629 1958 Festus
641 1926 740 1958 238:
755 1927 990 1970 pregnantem
1083 1924 1236 1959 fortuitu
1250 1924 1285 1958 B
1303 1927 1354 1965 (-o
1373 1924 1479 1958 eliam
1494 1923 1634 1966 Festus)

67 1982 129 2014 164
143 1980 229 2024 quid
242 1980 289 2015 sit
302 1980 353 2014 B¹
438 1984 605 2025 paratum
618 1981 674 2015 his
687 1991 815 2016 nomen
829 1982 951 2025 pueris
965 1984 1131 2026 postume
1143 1981 1271 2015 Festus
1355 1980 1524 2015 Postumo
1540 1979 1725 2015 Beckerus

63 2037 99 2071 in
117 2035 357 2071 Studemundi
370 2036 464 2070 stud.
482 2037 513 2077 1,
530 2036 602 2070 170
698 2038 873 2071 161-164
892 2037 927 2070 in
944 2038 1181 2083 suspicionem
1200 2040 1303 2071 vocat
1329 2035 1637 2076 Wilamowitzius,
1663 2037 1725 2081 qui

63 2096 156 2127 certe
180 2093 296 2138 inepti
315 2096 400 2126 sunt
422 2092 459 2126 in
484 2102 546 2126 ore
560 2092 656 2126 senis
673 2091 933 2127 adulescentem
950 2092 1097 2127 ducturi
1189 2095 1251 2126 165
1270 2093 1395 2137 degam
1414 2096 1565 2127 testatur
1583 2092 1724 2128 Nonius

62 2149 150 2190 278,
163 2148 214 2193 cf.
231 2147 340 2193 Epid.
358 2149 419 2182 65·
496 2150 559 2182 166
572 2147 745 2193 repetitus
758 2147 890 2194 Zeqitur
906 2148 1006 2195 Capt.
1022 2150 1098 2183 324
1182 2150 1343 2184 nostrum
1360 2148 1460 2194 Capt.
1476 2149 1569 2183 324:
1581 2151 1721 2184 nostro-

62 2215 141 2239 rum
236 2207 296 2238 167
314 2214 347 2239 a.
365 2204 399 2238 d.
419 2204 473 2238 d.:
499 2204 600 2238 dotes
625 2203 785 2248 dapsilas
803 2204 942 2239 Nonius
966 2206 1043 2239 304
1138 2208 1199 2240 168
1218 2205 1387 2240 uehicula
1475 2205 1721 2250 proceleuma-

63 2261 154 2295 ticus
177 2260 299 2296 eodem
323 2259 524 2306 septenarii
544 2259 624 2294 loco
650 2258 727 2294 Mil.
753 2261 843 2295 1351
869 2260 999 2295 Pseud.
1027 2262 1095 2295 314
1121 2260 1233 2296 Stich.
1253 2262 1322 2296 517
1338 2259 1370 2295 T
1367 2260 1435 2295 rin.
1465 2262 1547 2303 724,
1572 2261 1645 2296 alia
1669 2262 1722 2295 in-

63 2321 161 2352 certa
256 2318 318 2351 169
343 2326 435 2360 quae
458 2316 601 2360 qeneris
623 2315 749 2360 femin.
844 2317 1058 2352 seruitutum
1155 2317 1368 2361 rediguntur
1457 2322 1543 2361 post
1570 2316 1665 2352 leuno
1690 2328 1720 2352 v.

62 2372 237 2407 nonnulla
254 2372 476 2407 intercidisse
493 2372 570 2406 iure
588 2372 715 2407 statuit
731 2371 809 2406 Lan
813 2383 938 2417 yemis,
963 2374 1013 2417 cf.
1031 2373 1250 2408 Ritsclzelius
1273 2384 1330 2418 op.
1348 2375 1387 2414 2,
1411 2374 1490 2407 283
1584 2376 1645 2407 170
1664 2373 1722 2408 dic

69 2449 106 2453 —
130 2439 278 2464 uxorem
301 2427 501 2474 Meqadoro
526 2429 748 2470 continuata,
775 2429 923 2473 eloquar
945 2440 999 2475 sq.
1027 2429 1240 2471 Eunonziae,
1265 2440 1359 2464 corr.
1379 2428 1468 2463 Pius
1566 2439 1719 2473 quaeso:

64 2484 95 2519 si
119 2485 229 2519 audes
254 2483 467 2518 Priscianus
491 2486 528 2525 2,
551 2485 572 2518 9
597 2489 631 2518 et
655 2484 692 2519 id
716 2486 833 2530 ipsum
858 2489 1007 2520 testatus
1033 2485 1137 2520 Persi
1158 2485 1271 2521 schol.
1298 2487 1332 2526 3,
1360 2486 1409 2519 89
1501 2484 1579 2529 quis
1604 2483 1721 2526 codd„

65 2544 217 2575 testatur
233 2538 464 2575 Priscianus:
489 2550 580 2584 quae
598 2539 702 2575 Persi
717 2540 830 2576 scleol.
849 2544 953 2586 (quae
971 2545 1025 2577 est
1042 2553 1085 2577 ea
1101 2553 1207 2586 quam
1224 2542 1356 2577 ducere
1373 2541 1425 2576 vis
1443 2550 1591 2575 uxorem
1599 2541 1628 2582 Ῥ)

67 2598 125 2630 171
146 2595 306 2631 nouistin
400 2599 438 2631 17
444 2599 462 2630 2
478 2595 680 2641 Meqadori,
697 2607 793 2632 corr.
814 2597 901 2632 Pius
909 2611 923 2639 ,·
939 2603 1021 2633 ante
1039 2599 1116 2633 eius
1128 2608 1311 2644 personae
1327 2600 1485 2642 spatium
1577 2599 1720 2632 ecastor

64 2651 116 2686 Β2
239 2655 302 2686 175
328 2652 423 2696 quod
448 2651 484 2686 E
602 2663 698 2687 nunc
726 2653 812 2697 quid
930 2657 990 2689 177
1018 2654 1170 2698 (uideo)
1194 2653 1360 2693 Klettius,
1381 2663 1455 2698 pro
1480 2663 1550 2697 quo
1575 2663 1720 2698 eumpse

63 2706 225 2742 Baebius
248 2708 285 2742 in
309 2706 547 2744 Studemundi
570 2708 663 2743 stud.
688 2710 726 2751 2,
751 2710 830 2744 409
924 2712 986 2745 178
1003 2711 1157 2745 Evcmo.
1197 2719 1418 2744 MEGADORVS
1443 2719 1551 2743 senus
1573 2719 1647 2745 Dvo
1666 2716 1717 2751 (11.

64 2761 111 2804 E)
130 2762 203 2797 BE
309 2763 396 2798 mihi
420 2775 489 2799 om.
517 2764 638 2799 Cicero
662 2765 705 2799 de
729 2765 838 2801 divin.
862 2766 895 2808 1,
923 2767 971 2800 65
1076 2766 1209 2800 exirem
1236 2764 1370 2807 Cicero,
1396 2765 1579 2809 exigebam
1604 2765 1655 2799 B¹
1680 2770 1719 2800 ut

66 2818 133 2854 vid.
229 2821 289 2854 185
315 2830 370 2854 me
396 2819 476 2864 scit,
502 2830 595 2855 corr.
622 2820 779 2856 Botliius
873 2824 936 2856 186
961 2832 982 2857 a
1006 2822 1162 2866 pecunia
1185 2822 1352 2866 perbene,
1379 2831 1473 2856 corr.
1501 2819 1650 2856 Guietus

1398 2881 1411 2911 'h
1427 2880 1443 2897 *
