1998 3179
50 86 96 114 111
115 87 140 119 1,
154 84 248 118 21-2,
260 84 277 111 2
749 74 1020 112 MERCATOR
1628 69 1708 107 457

57 211 177 251 quom
209 197 284 238 scis
315 196 444 236 facere
476 194 647 234 officium
677 198 800 239 tuom,
830 190 983 230 mulier.
1041 189 1138 229 PAs.
1187 186 1256 226 Pol
1287 186 1399 226 docta
1429 185 1557 225 didici.

60 278 220 319 operam
250 263 425 304 accusari
458 275 536 302 non
568 261 692 301 sinam
721 271 859 298 meam.
918 258 1018 297 LYs.
1069 256 1141 295 Em
1171 255 1289 295 istaec
1318 254 1451 293 hercle
1480 265 1544 293 res
1573 259 1642 293 est.

59 346 171 373 ovem
200 332 270 372 tibi
301 331 474 370 eccillam
505 329 616 377 dabo,
648 333 777 367 natam
808 338 934 366 annos
964 324 1175 376 sexaginta,

57 400 309 452 peculiarem.
367 399 464 438 PAs.
515 397 566 436 Mi
597 408 730 442 senex,
761 400 838 434 tam
870 390 1068 432 vetulam?
1126 391 1226 430 LYs.
1278 389 1444 429 Generis
1475 388 1658 440 graecist3
1727 390 1784 422 525

57 481 141 507 eam
172 467 204 507 si
234 465 401 513 curabis,
432 464 658 516 perbonast,
688 462 875 502 tondetur
906 459 1069 499 nimium
1100 458 1209 497 scite.

56 535 153 575 PAS.
201 533 374 573 Honoris
405 544 521 572 causa
551 530 739 582 quidquid
772 535 831 568 est
861 528 965 579 quod
996 525 1153 565 dabitur
1182 530 1333 576 gratum
1366 523 1532 562 habebo.

56 602 156 642 LYs.
206 601 333 647 Nunc,
364 599 516 646 mulier,
548 611 598 637 ne
628 603 671 637 tu
703 598 846 636 frustra
876 595 941 640 sis,
972 606 1058 632 mea
1090 605 1170 632 non
1203 604 1257 638 es,
1289 603 1339 629 ne
1370 590 1575 629 arbitrere.

55 669 153 709 PAs.
202 667 272 707 Dic
301 667 419 719 igitur
449 678 606 717 quaeso,
637 664 752 715 quoia
774 661 890 702 sum?
927 661 1026 701 LYs.
1061 660 1147 699 Tuo
1169 671 1237 698 ero
1258 658 1459 709 redempta
1480 670 1521 697 es
1542 669 1717 705 rursum;

59 748 131 787 ego
161 740 200 774 te
230 733 390 781 redemi,
421 734 486 772 ille
516 744 668 772 mecum
701 731 836 770 oravit.
893 730 991 769 PAS.
1041 728 1205 768 Animus
1235 726 1361 772 rediit,
1730 727 1787 759 530

62 803 94 842 si
126 813 279 841 mecum
310 807 485 841 servatur
514 799 622 839 fides.
679 798 779 839 LYs.
831 797 942 836 Bono
975 795 1104 834 animo
1138 807 1191 840 es,
1224 792 1403 833 liberabit

58 871 123 910 ille
152 876 190 909 te
220 870 358 909 homo:
392 869 442 907 ita
474 867 613 919 edepol
643 866 808 917 deperit,
840 871 956 915 atque
987 863 1101 902 hodie
1131 862 1302 914 primum
1330 860 1437 899 vidit.

59 938 156 979 PAs.
205 937 369 977 Ecastor
399 936 472 975 iam
504 934 760 981 bienniumst,
792 944 912 984 quom
944 943 1097 970 mecum
1129 942 1211 968 rem
1245 929 1386 980 eoepit.

60 1018 182 1053 nunc,
215 1005 371 1056 quando
402 1004 570 1042 amicum
599 1009 638 1041 te
668 1001 749 1041 scio
781 1013 866 1040 esse
896 999 1010 1046 illius,
1043 996 1238 1037 indicabo.

61 1074 162 1114 LYs.
212 1072 314 1119 Quid
335 1072 389 1111 ais
409 1070 480 1110 tu?
503 1071 577 1110 iam
599 1069 854 1115 bienniumst,
877 1079 996 1118 quom
1017 1072 1146 1105 tecum
1168 1067 1251 1104 rem
1272 1061 1417 1102 habet?
1457 1062 1554 1102 PAs.
1590 1060 1722 1107 Certo;
1736 1063 1792 1095 535

62 1148 101 1181 et
131 1142 235 1181 inter
266 1153 338 1180 nos
368 1138 668 1184 coniuravimus,
701 1149 772 1188 ego
805 1148 894 1175 cum
925 1135 990 1174 illo
1023 1139 1060 1173 et
1090 1133 1154 1172 ille
1184 1143 1360 1171 mecum:

63 1222 135 1261 ego
168 1220 255 1248 cum
286 1208 368 1247 viro
400 1212 438 1246 et
467 1206 530 1246 ille
562 1218 652 1245 cum
683 1204 860 1251 muliere,
893 1203 967 1241 nisi
998 1213 1087 1241 cum
1118 1201 1183 1240 illo
1215 1205 1281 1239 aut
1311 1198 1374 1237 ille
1404 1209 1570 1242 mecum,
1721 1196 1791 1231 536ἃ

64 1282 204 1317 neuter
232 1275 357 1327 stupri
389 1286 502 1314 causa
533 1279 648 1325 caput
678 1272 842 1311 limaret.
900 1270 999 1309 LYs.
1050 1269 1094 1307 Di
1127 1266 1378 1311 immortales,

64 1344 180 1383 etiam
210 1355 299 1383 cum
329 1354 454 1382 uxore
484 1353 564 1380 non
597 1338 744 1379 cubet?
803 1339 899 1378 PAs.
949 1336 1109 1383 Amabo,
1141 1338 1189 1374 an
1222 1331 1428 1373 meritust?

64 1424 196 1463 neque
227 1417 286 1450 est
324 1423 453 1461 neque
492 1409 578 1448 erit.
636 1408 737 1448 LYS.
788 1407 913 1445 Nolim
953 1404 1123 1455 quidem.
1184 1404 1301 1442 homo
1341 1401 1472 1441 hercle
1504 1396 1726 1450 periuravit.

63 1480 162 1521 PAS.
201 1479 359 1519 Nullum
382 1477 670 1517 adulescentem
693 1475 781 1526 plus
802 1486 901 1512 amo.
960 1472 1061 1512 LYs.
1102 1472 1203 1510 Puer
1224 1478 1282 1510 est
1311 1469 1375 1508 ille
1398 1468 1567 1519 quidem,
1598 1465 1797 1506 stultam«)

66 1560 156 1587 nam
187 1547 241 1586 illi
271 1546 427 1598 quidem
457 1545 533 1584 hau
564 1556 656 1583 sane
687 1543 790 1582 diust
820 1553 939 1592 quom
970 1541 1106 1579 dentes
1138 1538 1380 1578 exciderunt.

65 1615 163 1655 PAs.
194 1613 309 1661 Quid,
326 1611 491 1652 dentes?
521 1612 621 1652 LYs.
651 1611 755 1650 Nihil
772 1618 842 1649 est.
874 1620 1039 1660 sequere
1055 1608 1118 1647 sis.
1150 1607 1257 1646 hunc
1274 1617 1335 1644 me
1352 1604 1452 1643 diem
1470 1614 1593 1642 unum
1611 1600 1731 1640 oravit

66 1689 111 1723 ut
141 1682 241 1734 apud
273 1693 335 1721 me
364 1679 637 1734 praehiberem
668 1679 811 1725 locum,
843 1677 930 1716 ideo
963 1676 1052 1727 quia
1084 1687 1184 1714 uxor
1213 1674 1345 1713 rurist.
1377 1695 1432 1700 —

761 1755 1030 1796 DEMIPHO
1618 1748 1685 1787 III
1707 1749 1730 1786 2

339 1827 512 1866 Tandem
543 1825 744 1877 impetravi
775 1831 819 1863 ut
849 1828 1004 1874 egomet
1035 1833 1096 1860 me
1127 1830 1442 1870 corrumperem:

340 1899 507 1946 emptast
536 1893 656 1932 amica
689 1892 787 1931 clam
819 1902 982 1931 uxorem
1015 1895 1054 1928 et
1083 1888 1180 1927 clam
1212 1887 1347 1926 filium.
1745 1884 1801 1916 545

185 1995 250 2029 522
268 1994 360 2028 sceis
374 1995 404 2028 A
472 1992 512 2027 P.
528 2002 596 2026 om.
611 1990 653 2032 P,
664 2000 762 2036 pers.
779 1993 871 2035 spat.
890 1992 974 2023 ante
990 1987 1117 2022 mulier
1130 1987 1160 2020 A
1231 1987 1297 2019 524
1313 1993 1417 2019 ouem
1431 1983 1479 2017 A:
1495 1992 1599 2026 quem
1613 1979 1648 2015 P

71 2050 238 2092 [ecimam
261 2050 334 2084 sive
357 2047 610 2095 (probabilius)
635 2046 794 2093 [mimam
818 2045 882 2087 (sio
899 2043 1082 2090 Buqqz'us,
1105 2052 1179 2076 non
1195 2044 1291 2087 apte,
1317 2049 1411 2085 quae
1434 2037 1575 2073 tonderi
1599 2036 1735 2079 debeat)

71 2108 115 2149 A,
132 2117 217 2142 ecce
233 2106 332 2141 illam
347 2104 417 2146 OD,
435 2103 601 2139 ancillam
619 2105 669 2143 B;
680 2098 791 2147 <quae
807 2101 843 2136 in
861 2100 935 2135 illis
951 2098 1100 2134 aedibus
1111 2092 1180 2133 θεῖ’
1250 2097 1335 2131 dato
1349 2095 1380 2129 A
1451 2096 1514 2128 525
1532 2093 1601 2129 mei
1615 2094 1646 2128 A

70 2162 206 2207 gracist
229 2161 277 2204 B,
300 2163 402 2207 grast
425 2161 447 2195 ἰ.
473 2171 503 2195 e.
532 2158 687 2205 gratiast
712 2156 772 2192 CD
798 2159 831 2199 (e
854 2167 934 2202 sup.
961 2167 983 2191 a
1007 2155 1070 2196 D2)
1174 2155 1238 2188 526
1263 2151 1316 2187 sei
1340 2150 1505 2186 curabeis
1530 2150 1561 2184 A
1653 2159 1736 2194 per·

70 2220 203 2254 bonast
226 2215 284 2254 διὰ
308 2217 429 2261 μέσου
499 2219 561 2251 527
587 2214 769 2260 ha[be]tur
784 2213 815 2247 A
837 2212 927 2255 (scil.
952 2211 1116 2254 habetor,
1141 2208 1358 2250 Sclzoellius)
1428 2209 1492 2241 529
1518 2206 1598 2241 deic
1614 2206 1645 2240 A

73 2275 156 2310 cuia
182 2273 254 2318 CD,
285 2274 388 2309 cuius
414 2276 446 2309 B
533 2272 738 2316 redemptas
763 2271 794 2304 A
887 2271 952 2302 530
983 2266 1103 2313 (illi),
1131 2266 1193 2300 ille
1218 2263 1435 2300 Ritsclzelws
1525 2272 1665 2297 mecum
1689 2262 1737 2295 A:

71 2342 128 2367 me
151 2329 187 2365 P
286 2330 418 2366 redieit
441 2331 472 2364 A
577 2330 638 2363 531
667 2327 719 2362 sei
742 2326 773 2360 A
882 2326 946 2359 532
970 2326 1006 2359 te
1029 2323 1104 2357 illic
1128 2323 1235 2357 homo
1261 2319 1439 2355 Luclzsius
1546 2321 1610 2353 533
1636 2318 1737 2353 bien-

72 2389 198 2424 niunst
212 2388 244 2423 A
334 2388 384 2433 cf.
404 2387 487 2428 535,
504 2384 553 2420 ad
568 2383 649 2419 Aul.
667 2383 737 2417 461
831 2383 896 2416 534
911 2380 1041 2416 incabo
1060 2379 1089 2413 A
1184 2380 1248 2412 535
1266 2376 1376 2412 habet
1391 2386 1465 2410 rem
1481 2377 1600 2411 tecum
1616 2374 1646 2408 A

76 2447 140 2480 536
164 2445 194 2480 it
209 2444 304 2480 inter
319 2445 351 2479 A
419 2445 457 2478 et
479 2441 540 2476 ille
556 2439 608 2474 P.-
633 2441 698 2475 aut
720 2438 782 2474 ille
798 2438 829 2472 A
847 2437 978 2472 omisso
1001 2438 1156 2482 propter
1179 2432 1488 2469 homoeoteleuton
1512 2440 1617 2465 versu
1635 2429 1738 2470 536a‚

76 2512 146 2547 quo
179 2502 300 2536 careri
326 2510 400 2535 non
430 2501 562 2545 potest.
607 2499 704 2531 recte
727 2493 943 2539 Spenqelius
966 2490 1100 2526 Plzilol.
1126 2490 1190 2531 23,
1219 2489 1299 2524 674.
1348 2489 1521 2533 concepta
1553 2484 1660 2521 verba
1683 2495 1738 2519 re·

75 2559 166 2603 petit
258 2559 321 2592 537
349 2564 479 2590 caussa
495 2554 525 2588 A
618 2551 676 2586 dei
693 2551 737 2593 A,
761 2549 812 2584 dii
829 2548 864 2583 P
954 2550 1019 2583 538
1044 2547 1173 2582 amabo
1197 2545 1274 2591 (te)
1290 2542 1509 2579 Ritsclzelacs
1601 2551 1649 2576 an
1664 2550 1739 2576 ma-

76 2614 187 2656 ritust
210 2613 262 2648 A:
289 2612 492 2648 amaturust
516 2609 549 2644 P
663 2609 727 2642 539
752 2608 857 2642 homo
882 2616 936 2651 sq.
967 2603 1226 2648 Pasicompsa-e
1249 2600 1285 2634 P
1394 2596 1597 2644 periurabit
1619 2596 1651 2631 A

80 2672 142 2704 541
170 2669 269 2704 haud
286 2668 320 2703 P
409 2666 507 2702 diust
530 2666 581 2701 A:
605 2664 667 2699 diu
684 2664 715 2698 si
734 2662 806 2704 CD,
831 2661 940 2696 diuisi
959 2663 991 2696 B
1080 2661 1145 2692 542
1169 2658 1230 2692 L.:
1255 2660 1346 2699 spat.
1372 2653 1453 2696 AB,
1478 2653 1562 2688 PAs.
1592 2651 1651 2687 CD

77 2726 177 2760 hunc
200 2725 250 2759 A:
279 2725 352 2759 huc
377 2722 412 2758 P
502 2723 565 2755 543
592 2722 682 2765 aput
703 2730 760 2754 me
783 2718 993 2763 praeberem
1018 2715 1049 2750 A
1140 2714 1222 2748 ideo
1249 2711 1299 2746 P:
1327 2710 1410 2754 idee
1434 2709 1505 2745 feci
1529 2709 1579 2752 A,
1611 2709 1648 2743 id
1672 2706 1742 2742 feci

80 2780 284 2827 Seyffertus
398 2781 463 2813 544
487 2786 654 2812 ΒΕΜῙΡΗΟ
679 2775 780 2816 AD2,
811 2782 978 2808 mammo
1010 2780 1126 2805 smmx
1150 2769 1234 2811 BC,
1265 2778 1332 2803 om.
1359 2766 1409 2802 D¹
1525 2767 1664 2809 egomet
1687 2774 1743 2807 me

81 2840 122 2873 ut
145 2837 176 2872 A
269 2839 333 2870 545
358 2845 471 2871 uxore
495 2835 526 2868 A
619 2832 710 2868 clam
733 2831 848 2866 filium
871 2830 920 2864 A:
943 2828 1013 2863 iam
1037 2826 1112 2861 filio
1137 2824 1173 2860 P
1553 2813 1561 2820 ’
