1998 3179
71 90 85 118 1
97 93 123 123 3,
141 91 243 120 32—59
781 88 1011 125 ASINARIA
1678 88 1726 125 61

71 205 152 244 volt
180 204 345 251 famulis,
376 204 455 243 volt
485 204 599 243 etiam
630 203 801 250 ancillis3
834 208 873 241 et
903 214 1059 254 quoque
1091 202 1217 241 catulo
1248 214 1335 241 meo

71 271 344 312 subblanditur
375 283 498 310 novos
527 277 686 317 amator,
719 283 760 310 se
790 277 834 308 ut
865 282 982 321 quom
1013 269 1138 308 videat
1167 270 1342 321 gaudeat.
1743 275 1798 308 185

71 351 160 378 vera
181 339 288 378 dieo:
320 337 366 376 ad
387 349 502 377 suom
525 349 720 389 quemque
751 337 950 376 hominem
981 343 1185 387 quaestum
1208 349 1291 376 esse
1313 341 1516 387 aequomst
1536 336 1729 375 callidum.

71 406 242 446 ARGYR.
292 404 485 445 Perdidici
515 404 635 443 istaec
664 416 748 443 esse
777 416 868 442 vera
899 404 1040 443 damno
1072 416 1161 442 cum
1192 416 1334 454 magno
1364 416 1465 442 meo.

71 473 230 514 CLEAR.
280 473 319 512 Si
350 477 501 512 ecastor
530 483 638 511 nunc
666 471 810 510 habeas
840 471 944 521 quod
976 472 1056 518 des,
1087 472 1159 510 alia
1190 472 1304 510 verba
1335 471 1584 523 praehibeas;

73 554 180 580 nunc
212 540 300 592 quia
331 538 428 578 nihil
456 538 588 584 habes,
619 538 833 577 maledictis
862 545 899 577 te
932 550 1015 577 eam
1047 539 1207 578 ductare
1237 539 1421 590 postulas.

71 608 123 648 A.
162 608 247 647 Non
269 619 399 646 meum
421 612 492 645 est.
542 605 586 646 C.
622 605 702 645 Nec
721 617 852 644 meum
875 606 1030 656 quidem
1052 605 1202 657 edepol,
1226 607 1270 644 ad
1294 613 1330 645 te
1351 612 1395 645 ut
1414 606 1564 646 mittam
1586 607 1731 658 gratiis.
1746 612 1800 644 190

70 687 206 714 verum
236 674 369 713 aetatis
399 680 514 724 atque
544 673 707 713 honoris
736 673 857 724 gratia
890 672 963 712 hoc
994 674 1061 712 fiet
1089 673 1158 720 tui,

72 743 161 794 quia
191 741 306 782 nobis
335 741 444 780 lucro
477 741 582 780 fuisti
611 741 743 793 potius
774 752 889 792 quam
919 741 1052 779 decori
1082 740 1171 779 tibi:

72 811 103 849 si
133 809 226 848 mihi
259 809 401 848 dantur
431 808 507 848 duo
538 809 680 848 talenta
712 808 865 860 argenti
896 815 1098 848 numerata
1129 809 1169 847 in
1200 820 1374 854 manum,
1420 823 1433 837 ⁶

71 878 174 917 hanc
204 878 273 917 tibi
304 882 464 916 noctem
493 876 657 915 honoris
688 888 804 915 causa
833 876 965 927 gratiis
996 875 1101 915 dono
1132 874 1246 915 dabo.

73 945 124 986 A.
174 945 274 991 Quid
306 946 338 985 si
372 957 452 983 non
485 942 572 983 est?
629 943 675 984 O.
725 943 812 983 Tibi
844 957 926 983 non
957 956 1041 984 esse
1073 944 1250 991 credam,
1288 943 1351 983 illa
1383 943 1456 982 alio
1489 943 1559 983 ibit
1588 948 1802 982 tamen.195

72 1012 122 1052 A.
172 1012 243 1051 Vbi
282 1012 393 1051 illaec
424 1023 524 1062 quae
555 1011 642 1051 dedi
672 1010 793 1051 ante?
863 1011 907 1053 C.
957 1011 1101 1051 Abusa.
1152 1023 1243 1051 nam
1272 1011 1304 1051 si
1335 1023 1378 1050 ea
1408 1011 1597 1051 durarent
1626 1011 1732 1056 mihi,

72 1079 212 1119 mulier
240 1079 463 1118 mitteretur
492 1079 537 1119 ad
569 1086 621 1127 te,
652 1092 865 1131 numquam
896 1080 1105 1131 quicquam
1135 1091 1353 1132 poscerem.

73 1147 173 1186 diem
205 1159 344 1198 aquam
375 1147 498 1186 solem
527 1147 660 1186 lunam
693 1153 863 1195 noctem,
894 1148 989 1186 haec
1019 1154 1182 1199 argento
1214 1160 1296 1187 non
1327 1159 1434 1186 emo:

73 1221 244 1253 ceterum
276 1227 375 1266 quae
404 1214 583 1254 volumus
612 1214 668 1254 uti
701 1215 847 1254 Graeca
876 1227 1096 1254 mercamur
1126 1215 1213 1254 fide.

73 1293 191 1333 quom
222 1294 242 1321 a
274 1283 421 1333 pistore
450 1294 591 1334 panem
622 1282 802 1334 petimus,
833 1283 967 1321 vinum
1000 1295 1046 1322 ex
1076 1282 1301 1334 oenopolio‚
1749 1285 1804 1318 ’200

72 1350 103 1388 si
134 1361 197 1389 aes
226 1349 385 1397 habent,
416 1350 510 1389 dant
539 1362 729 1389 mercem:
761 1350 894 1389 eadem
928 1363 1000 1389 nos
1029 1350 1261 1402 discipulina
1291 1350 1450 1389 utimur.

72 1430 227 1469 semper
257 1417 431 1457 oculatae
461 1429 600 1456 manus
631 1425 723 1456 sunt
755 1424 924 1463 nostrae,
956 1417 1124 1456 credunt
1154 1418 1258 1468 quod
1289 1418 1431 1456 vident.

72 1490 182 1524 vetus
212 1491 288 1524 est:
313 1479 443 1523 ‘nihili
474 1480 679 1524 coactiost'
714 1508 770 1513 —-
799 1485 876 1524 scis
907 1485 1030 1526 cuius.
1077 1498 1158 1524 non
1191 1485 1278 1524 dico
1310 1485 1485 1537 amplius.

72 1551 243 1592 ARGYR.
292 1552 415 1591 Aliam
447 1564 553 1591 nunc
584 1553 636 1591 mi
668 1553 885 1591 orationem
917 1553 1130 1605 despoliato
1162 1553 1374 1604 praedicas,

73 1619 189 1671 longe
220 1619 344 1666 aliam,
375 1620 547 1671 inquam,
579 1619 745 1672 praebes
777 1633 884 1659 nunc
914 1627 1030 1672 atque
1061 1621 1165 1667 olim,
1198 1634 1318 1672 quom
1349 1621 1498 1666 dabam,
1749 1624 1805 1657 205

74 1687 184 1726 aliam
216 1693 331 1738 atque
363 1687 467 1734 olim,
500 1700 619 1738 quom
650 1687 852 1727 inliciebas
882 1700 945 1727 me
976 1689 1021 1727 ad
1053 1695 1090 1728 te
1122 1688 1263 1728 blande
1294 1701 1338 1727 ac
1368 1688 1569 1727 benedice.

73 1761 155 1793 tum
186 1754 238 1793 mi
268 1755 382 1794 aedes
413 1767 570 1807 quoque
601 1755 839 1803 arridebant,
871 1769 959 1795 cum
990 1757 1036 1795 ad
1068 1763 1105 1795 te
1135 1756 1351 1803 veniebam,
1382 1763 1491 1805 tuae;

74 1834 134 1861 me
164 1823 282 1862 unice
310 1835 435 1862 unum
466 1836 513 1862 ex
544 1823 726 1863 omnibus
756 1831 794 1862 te
824 1831 941 1875 atque
971 1824 1074 1863 illam
1105 1837 1234 1863 amare
1265 1824 1368 1863 aibas
1398 1824 1514 1872 mihi3

74 1889 140 1928 ubi
171 1889 263 1940 quid
294 1889 487 1939 dederam,
520 1891 630 1942 quasi
662 1891 866 1930 columbae
895 1891 991 1943 pulli
1023 1892 1062 1931 in
1096 1904 1164 1931 ore
1196 1891 1332 1931 ambae
1361 1903 1446 1930 meo

74 1969 198 2008 usque
229 1958 358 2006 eratis,
389 1971 477 1998 meo
507 1959 555 1998 de
586 1959 713 1998 studio
745 1960 870 1999 studia
902 1966 1014 1999 erant
1043 1967 1169 1999 vostra
1207 1960 1352 2007 omnia,
1751 1960 1807 1994 210

74 2037 197 2075 usque
227 2024 511 2065 adhaerebatis:
548 2027 651 2077 quod
683 2039 754 2079 ego
787 2027 987 2073 iusseram,
1020 2027 1124 2079 quod
1156 2028 1352 2067 volueram

189 2170 253 2203 184
284 2171 320 2204 et
349 2179 490 2214 quoque
519 2169 628 2205 dictio
661 2175 762 2206 caret
791 2171 979 2217 exemplo,
1013 2171 1107 2216 fort.
1141 2171 1179 2206 id
1214 2182 1355 2217 quoque
1391 2171 1441 2212 (id
1477 2182 1509 2215 q.
1546 2170 1618 2205 iam
1654 2169 1738 2205 Rib-

75 2223 231 2267 beckius)
369 2228 432 2260 186
465 2226 516 2271 cf.
544 2226 646 2262 Trete.
673 2229 745 2262 416
774 2227 837 2262 ubi
865 2232 953 2274 apta
984 2232 1038 2262 est
1068 2229 1247 2262 sentencia
1277 2228 1335 2262 lzz'c
1359 2239 1433 2262 non
1464 2226 1664 2273 aptissima,
1688 2226 1738 2271 cf.

73 2279 276 2316 Sclzoellz'us
309 2281 359 2316 ad
391 2281 496 2317 Truc.
631 2286 694 2318 188
727 2284 779 2319 sic
816 2287 936 2319 castor
968 2283 1006 2318 E
1139 2285 1331 2330 perhibeas
1358 2284 1445 2325 BD,
1474 2283 1668 2328 prohibeas
1694 2282 1739 2323 E,

74 2347 167 2372 corr.
193 2336 424 2374 Passeratius
533 2343 595 2375 190
620 2341 733 2385 gratis
839 2344 902 2375 194
925 2340 1038 2386 gratis
1133 2343 1196 2376 196
1213 2341 1276 2376 illa
1294 2341 1435 2375 Nonius
1455 2341 1500 2375 76
1589 2351 1673 2375 nam
1690 2341 1738 2375 si:

74 2393 179 2428 nimis
196 2393 339 2429 Nonius
432 2399 495 2431 197
509 2407 719 2441 numquam:
737 2408 804 2432 nec
821 2400 857 2432 te
875 2397 1018 2432 Nonius
1108 2408 1296 2443 pascerem
1308 2397 1448 2431 Nonius
1544 2399 1606 2431 198
1621 2399 1739 2432 nescio

74 2461 122 2484 an
151 2450 227 2485 dies
256 2455 291 2486 et
322 2462 400 2487 ηοω
430 2452 479 2487 ad
508 2453 618 2488 solem
649 2453 772 2488 lunam
801 2454 1123 2499 interpretamenta
1154 2454 1245 2496 sint,
1275 2464 1354 2488 cum
1379 2454 1415 2488 in
1440 2464 1578 2488 versum
1602 2454 1739 2500 recipe-

73 2509 201 2541 rentur
223 2507 316 2542 male
339 2507 518 2543 collocata
546 2509 666 2550 (aliter
692 2508 827 2545 Bacch.
851 2511 936 2544 255.
966 2511 1040 2544 699
1052 2514 1118 2555 sq.)
1256 2512 1318 2545 199
1344 2512 1476 2554 cetera,
1501 2510 1653 2544 correxi

77 2563 141 2596 200
159 2563 345 2608 cenopolio
365 2563 401 2597 Ε
513 2567 573 2599 201
599 2565 791 2611 disprlina
907 2568 972 2600 202
991 2566 1178 2602 occulatae
1196 2565 1294 2608 Bw,
1320 2565 1499 2601 occultate
1531 2565 1585 2608 E,
1615 2565 1739 2601 obcul-

75 2621 135 2653 tae
165 2618 212 2653 D¹
356 2622 421 2655 203
453 2621 629 2657 coaetiost
660 2625 711 2663 (-0
742 2625 796 2658 est
826 2622 874 2664 B)
909 2622 1002 2663 BD;
1037 2624 1088 2668 cf.
1147 2622 1354 2668 Vsse'nffl'us,
1399 2621 1581 2657 Valzlenus
1616 2620 1740 2656 Herm.

75 2675 132 2716 17,
155 2675 238 2709 599.
283 2675 348 2710 sed
370 2676 593 2712 scribendum
619 2677 761 2713 videtur
783 2678 922 2713 nihilist
938 2679 1070 2723 emptio
1097 2679 1161 2723 (cf.
1178 2677 1285 2724 Epe'd.
1305 2679 1357 2712 51.
1376 2679 1474 2719 295).
1515 2678 1635 2723 inepte
1652 2682 1741 2723 post

78 2729 320 2766 Camerare'um
346 2733 463 2768 coctio
486 2733 542 2768 vel
559 2734 659 2769 cocio
797 2735 867 2770 scis
893 2735 996 2769 cuius
1019 2740 1111 2780 puta
1135 2734 1250 2775 nihili,
1275 2735 1411 2775 mortis,
1438 2734 1505 2768 lati
1596 2736 1659 2768 205
1685 2734 1740 2768 in-

78 2796 182 2830 quam
203 2787 407 2834 (linguam)
429 2789 582 2834 praebes
617 2789 797 2826 Vahlenus
814 2791 938 2826 Herm.
955 2792 1098 2834 17,276
1111 2802 1185 2836 sq.,·
1211 2792 1301 2835 fort.
1326 2791 1473 2835 inquam
1496 2790 1740 2837 (orationem)

76 2852 173 2877 nunc
264 2845 328 2878 208
352 2845 475 2880 aiebas
