2018 3183
259 87 340 125 332
1003 84 1182 120 PLAVTI
1654 84 1698 112 iv
1714 86 1741 118 4,
1754 84 1851 114 20—v
1868 85 1923 119 2,1

260 204 335 242 iam
367 215 439 254 ego
473 209 510 241 te
539 202 679 240 faciam
709 207 754 240 ut
782 200 846 239 hic
877 200 1064 239 formicae
1095 198 1329 239 frustillatim
1360 198 1554 238 differant.

259 270 387 310 CAPP.
437 271 486 308 At
516 269 567 308 ita
597 281 659 307 me
691 267 883 316 volsellae,
914 273 1070 319 pecten,
1101 266 1317 318 speculum,
1349 265 1611 306 calamistrum
1641 278 1771 305 meum

260 338 361 378 hene
390 350 452 376 me
483 337 669 376 amassint
698 348 862 386 meaque
893 335 1008 374 axitia
1036 335 1281 385 linteumque
1312 334 1496 382 extersui‚

259 412 302 445 ut
332 417 404 456 ego
437 411 502 443 tua
534 404 738 456 magnifica
769 402 886 442 verba
919 405 1048 454 neque
1079 402 1171 442 istas
1201 407 1288 441 tuas
1318 413 1482 454 magnas
1512 401 1636 441 minas

258 486 338 512 non
370 472 494 524 pluris
524 472 623 511 facio
655 483 771 522 quam
802 471 982 510 ancillam
1014 482 1138 510 meam
1169 481 1268 521 quae
1299 469 1478 508 latrinam
1509 469 1620 508 lavat.
1932 476 1992 509 580

258 553 331 590 ego
363 541 467 580 illam
498 540 647 579 reddidi
679 540 745 591 qui
776 546 980 590 argentum
1014 551 1034 578 a
1065 546 1103 578 te
1134 539 1271 578 attulit.
1330 538 1467 578 THER.
1509 537 1605 584 Quis
1636 538 1667 577 is
1697 543 1755 577 est
1776 534 1922 576 homo?

255 609 383 649 CAPP.
432 608 560 647 Tuom
591 606 773 647 libertum
806 610 890 647 esse
920 606 1046 646 aiebat
1075 619 1161 646 sese
1193 607 1462 646 Summanum.
1522 606 1658 645 THER.
1708 602 1866 644 Meum?

254 682 361 724 attat,
395 676 578 716 Curculio
608 676 740 714 hercle
771 675 886 714 verba
918 675 1011 714 mihi
1043 675 1158 721 dedit,
1191 686 1278 714 cum
1310 674 1452 724 cogito.

254 745 287 784 is
318 745 413 784 mihi
443 744 603 784 anulum
636 743 847 796 subripuit.
906 743 1034 784 CAPP.
1086 742 1317 782 Perdidistin
1352 748 1392 781 tu
1423 739 1614 782 anulum?

255 813 368 853 miles
398 813 562 864 pulchre
594 811 840 851 centuriatus
870 818 930 850 est
960 817 1158 862 expuncto
1190 811 1229 849 in
1261 810 1475 861 manipulo.
1934 801 1992 835 585

253 881 393 921 ΤΗΕΒ.
442 881 514 919 Vbi
547 892 654 919 nunc
687 879 963 919 Curculionem
1002 876 1227 917 inveniam?
1286 877 1414 918 CAPP.
1463 877 1506 917 In
1546 877 1675 916 tritico
1714 876 1922 925 facillume,

253 949 313 988 vel
345 949 584 1000 quingentos
614 947 864 987 curculiones
895 959 966 998 pro
998 959 1078 986 uno
1109 947 1195 985 saxo
1228 946 1411 997 reperias.

253 1029 326 1068 ego
358 1016 467 1063 abeo,
498 1016 581 1055 vale
612 1023 729 1067 atque
759 1015 873 1054 salve.
905 1038 955 1044 -—
988 1015 1125 1054 Tru-31³..
1176 1014 1273 1053 Male
1304 1013 1397 1059 vale,
1429 1013 1529 1052 male
1559 1013 1609 1052 sit
1639 1012 1721 1052 tibi.

255 1085 349 1136 quid
380 1097 452 1136 ego
485 1082 652 1123 faciam?
683 1095 863 1122 maneam
895 1096 944 1122 au
976 1080 1141 1121 abeam?
1173 1082 1271 1122 sicin
1304 1082 1355 1120 ini
1387 1094 1471 1122 esse
1501 1094 1545 1121 os
1575 1079 1770 1120 oblitum?

1933 1140 1993 1173 590

254 1153 371 1204 cupio
403 1152 495 1191 dare
525 1151 746 1191 mercedem
780 1152 847 1202 qui
878 1151 999 1190 illunc
1031 1150 1096 1189 ubi
1127 1150 1178 1190 sit
1208 1154 1494 1189 commonstret
1523 1149 1630 1188 mihi.

942 1274 1233 1315 CVRCVLIO
1836 1274 1874 1314 V
1900 1276 1919 1313 1

253 1345 469 1395 Antiquom
500 1350 655 1396 poetam
687 1343 813 1383 audivi
844 1343 1048 1395 scripsisse
1079 1344 1118 1382 in
1152 1343 1362 1395 tragoedia,

252 1413 437 1453 mulieres
468 1413 563 1452 duas
593 1412 749 1464 peiores
779 1424 864 1451 esse
896 1423 1011 1463 quam
1043 1424 1174 1450 unam.
1235 1424 1298 1451 res
1329 1411 1429 1450 itast.

251 1493 386 1520 verum
417 1480 622 1519 mulierem
652 1479 829 1531 peiorem
861 1492 978 1531 quam
1008 1479 1102 1519 haec
1134 1479 1255 1518 amica
1287 1485 1345 1518 est
1375 1478 1606 1518 Phaedromi

253 1562 333 1588 non
364 1548 442 1588 vidi
472 1554 539 1587 aut
568 1547 708 1595 audivi,
742 1560 871 1599 neque
902 1547 968 1599 pol
997 1547 1073 1586 dici
1106 1559 1178 1586 nec
1209 1547 1305 1598 fingi
1337 1553 1466 1599 potest

250 1617 362 1668 peior
392 1629 509 1668 quam
540 1616 636 1655 haec
667 1622 744 1655 est:
778 1628 877 1667 quae
908 1614 975 1654 ubi
1007 1627 1069 1655 me
1100 1615 1245 1654 habere
1276 1615 1383 1654 hunc
1414 1614 1678 1666 conspicatast
1707 1614 1882 1660 anulum,
1932 1614 1991 1647 595

249 1691 362 1737 rogat
391 1684 497 1724 unde
528 1684 704 1723 habeam.
759 1678 871 1735 ‘quid
902 1683 938 1722 id
972 1689 1013 1722 tu
1045 1676 1248 1735 quaeris?'
1280 1678 1387 1734 ‘quia
1418 1683 1470 1722 mi
1502 1682 1715 1733 quaesitost
1745 1677 1868 1734 opus.'

251 1765 353 1805 nego
385 1765 447 1791 me
477 1752 621 1791 dicere.
684 1757 725 1790 ut
756 1764 845 1790 eum
876 1752 1060 1803 eriperet,
1091 1763 1250 1790 manum
1283 1751 1447 1803 arripuit
1476 1751 1687 1790 mordicus.

249 1821 310 1860 vix
340 1821 445 1860 foras
475 1833 538 1860 me
570 1819 722 1871 abripui
754 1826 870 1871 atque
902 1820 1034 1871 effugi.
1095 1831 1215 1871 apage
1245 1819 1369 1859 istanc
1400 1819 1633 1859 caniculam.

919 1943 1259 1984 PLANESIVM
1829 1941 1872 1983 V
1893 1943 1918 1982 2

249 2012 505 2059 Phaedrome,
536 2023 717 2063 propera.

361 2171 424 2203 577
450 2178 517 2208 me,
542 2168 592 2213 cf.
619 2167 808 2214 Vssinqius
832 2167 881 2202 ad
896 2167 1025 2212 Amph.
1046 2168 1136 2202 532:
1159 2178 1262 2203 meae
1279 2166 1437 2203 Botlzius
1529 2167 1774 2203 calamistrum
1797 2167 1918 2203 neutri

245 2224 390 2269 acueris
415 2228 568 2260 testatur
586 2223 772 2259 Charisius
788 2225 840 2259 80
933 2227 997 2259 578
1014 2235 1145 2269 maque
1171 2224 1201 2259 V
1203 2224 1240 2259 E
1328 2224 1442 2261 axitia
1466 2224 1498 2259 V
1499 2223 1536 2259 E
1541 2236 1552 2258 .·
1576 2224 1693 2260 acicia
1709 2227 1750 2259 ut
1765 2222 1835 2261 vid.
1856 2223 1919 2266 13¹,

246 2280 368 2316 axicia
393 2280 465 2322 B2,
484 2276 540 2315 ‘in
565 2281 699 2315 nostris
730 2279 832 2315 libris
856 2285 910 2315 est
932 2281 1069 2325 partim
1101 2281 1223 2325 exitia,
1246 2282 1382 2327 partim
1407 2275 1598 2316 exercitia'
1621 2279 1842 2322 Lambinus‚·
1864 2279 1918 2326 cf.

247 2336 414 2372 Loervius
436 2337 547 2383 alos-5.
572 2347 668 2372 nom.
687 2348 728 2383 p.
752 2337 810 2378 13,
834 2337 906 2371 149
930 2337 1092 2372 anxicia:
1118 2338 1307 2380 meretrix,
1331 2340 1429 2373 Astr.
1451 2338 1530 2384 frq.
1557 2339 1600 2378 2,
1625 2335 1770 2372 Sitellit.
1793 2336 1872 2382 [νᾳ.
1896 2336 1918 2372 1

244 2393 450 2436 (axitiosus)
473 2397 509 2428 et
529 2393 695 2428 Goetzz‘us
712 2394 749 2427 in
776 2391 824 2426 W
824 2392 982 2438 oelsflini
997 2393 1096 2428 ανσΙι.
1115 2396 1152 2436 2,
1171 2395 1245 2429 339
1337 2397 1531 2438 extersum,
1556 2403 1650 2428 corr.
1669 2392 1873 2428 Palmerius

246 2451 309 2484 580
334 2449 424 2484 lavit
449 2448 653 2495 Seyffertus
769 2451 833 2485 581
859 2450 967 2485 attuli
992 2450 1042 2485 Βι
1152 2453 1216 2486 582
1242 2461 1321 2487 sese
1345 2451 1468 2487 aiebat
1491 2460 1571 2486 esse
1597 2449 1826 2485 Camerarius

246 2508 311 2541 583
336 2510 421 2541 ante
436 2504 532 2541 hunc
551 2517 689 2542 versum
714 2505 943 2541 desideratur
967 2508 1176 2543 accuratior
1194 2507 1423 2543 Cur-calionis
1446 2507 1599 2550 notatio,
1624 2505 1674 2550 cfi
1699 2504 1916 2542 Ribbeckius

243 2561 265 2596 l.
289 2572 319 2597 s.
347 2563 398 2597 82
414 2572 468 2608 sq.
563 2565 628 2597 585
645 2562 818 2607 pulchere
843 2563 878 2598 B
969 2574 1007 2598 es
1032 2562 1122 2598 Pius
1215 2566 1277 2598 587
1303 2563 1464 2609 reperies
1489 2575 1507 2601 ς
1600 2565 1664 2597 589
1682 2563 1778 2607 quod
1796 2562 1847 2597 B²

243 2618 357 2654 sicine
372 2619 405 2653 B
416 2618 457 2659 V,
472 2619 607 2654 siccine
620 2617 656 2653 E
734 2621 795 2654 591
812 2619 1014 2654 PARAsmvs
1033 2624 1104 2654 cv}
1119 2619 1163 2661 B,
1177 2630 1377 2655 Panssrrvs
1399 2618 1466 2654 VE
1556 2621 1620 2654 592
1638 2619 1782 2663 peioras
1805 2617 1838 2653 V
1836 2617 1872 2653 E

245 2677 310 2709 594
324 2677 389 2710 aut
405 2673 678 2710 Fleckeisenus:
693 2686 810 2720 neque
879 2675 1000 2720 fungi
1019 2676 1080 2718 3²,
1098 2676 1216 2721 frangi
1239 2675 1271 2710 V
1292 2677 1318 2718 (i
1341 2687 1421 2722 sup.
1447 2679 1482 2719 a)
1575 2678 1640 2711 595
1665 2676 1746 2710 med
1772 2674 1818 2718 B,
1842 2677 1915 2711 met

253 2729 284 2764 V
284 2730 346 2772 E1,
362 2731 415 2776 cf.
429 2731 503 2766 454
517 2758 525 2766 .
544 2733 617 2766 664
696 2732 832 2768 habere
845 2733 942 2768 hunc
958 2732 1231 2768 Tuubmannus:
1249 2734 1345 2768 hunc
1362 2733 1496 2768 habere
1588 2735 1651 2767 597
1669 2731 1914 2777 manum<ea)

244 2785 463 2822 Ritsclzelius
579 2790 643 2823 598
678 2788 816 2833 arripui
931 2799 1071 2835 appage
1111 2788 1178 2823 VE
1290 2789 1506 2824 aneslvu
1535 2798 1648 2824 VIRGO
1665 2797 1913 2824 -Pmmnouvs

244 2853 474 2879 monsscsns
491 2855 608 2879 numm
632 2851 704 2880 cvi
727 2855 836 2880 mimis
864 2845 895 2880 V
897 2845 940 2887 E,
965 2856 1185 2881 Prsnzswm.
1223 2855 1457 2881 Pmnnomvs.
1500 2855 1693 2881 cvncvmo.
1741 2854 1852 2880 mus
1878 2843 1913 2879 B

2016 2373 2018 2450 !

2015 2460 2018 2514 ε
