2018 3183
252 115 333 154 318
997 117 1176 153 PLAVTI
1703 121 1731 149 11
1751 124 1776 156 1,
1791 123 1884 156 15-2.
1896 123 1914 151 s

253 232 379 272 CAPP.
430 232 551 271 Estne
582 232 645 270 hic
676 231 884 270 Palinurus
915 231 1174 271 Phaedromi?
1232 233 1334 274 PAL.
1386 234 1482 281 Quis
1511 235 1575 276 hie
1606 244 1663 276 est
1692 236 1810 276 homo
1925 243 1982 277 230

254 312 342 340 euni
374 299 551 339 collativo
583 306 720 338 ventre
751 306 866 350 atque
898 299 1021 340 oculis
1050 299 1233 340 herbeis?

253 367 299 407 de
331 367 454 405 forma
487 366 589 413 novi,
615 358 667 405 'de
699 366 830 406 colore
862 379 941 405 non
975 379 1075 418 queo
2014 389 2018 413 ι

257 434 420 474 novisse.
481 434 556 472 iam
588 433 662 472 iam
696 434 807 472 novi:
838 433 929 473 leno
961 441 1018 474 est
1050 434 1269 487 Cappadox.

253 501 496 554 congrediar.
557 500 683 541 CAPP.
735 501 857 548 Salve,
889 503 1085 542 Palinure.
1145 503 1247 544 PAL.
1297 503 1329 543 O
1361 504 1551 544 scelerum
1584 513 1713 558 caput,
2016 541 2018 547 .

250 569 407 609 salveto.
468 569 561 620 quid
591 567 701 620 agis?
758 569 885 609 CAPP.
935 569 1041 609 Vivo.
1099 570 1201 611 PAL.
1251 570 1401 623 Nempe
1431 578 1474 611 ut
1501 571 1642 623 dignus
1673 585 1725 613 es.
1927 579 2018 613 2351

251 637 317 676 sed
350 636 442 688 quid
474 635 542 675 tibi
574 635 662 676 est?
720 637 847 677 CAPP.
897 637 992 677 Lien
1025 644 1176 686 enecat,
1206 650 1322 678 renes
1351 639 1497 688 dolent,
2016 626 2018 629 ¹

255 705 463 757 pulmones
493 704 777 752 distrahuntur,
811 705 1009 745 cruciatur
1040 706 1160 751 iecur,

252 773 402 812 radices
433 771 560 811 cordis
591 778 772 823 pereunt,
804 772 911 812 hirae
944 785 1082 812 omnes
1113 773 1257 813 dolent.

252 840 354 880 PAL.
405 840 504 880 Tum
535 847 574 879 te
604 840 724 891 igitur
754 839 916 880 morbus
946 840 1065 891 agitat
1095 841 1343 892 hepatiarius.
2015 877 2018 889 ,

253 908 381 948 ΟΑΡΡ.
434 907 560 947 Facile
592 914 649 947 est
680 908 865 947 miserum
897 908 1081 948 inridere.
1140 908 1242 948 PAL.
1294 908 1397 955 Quin
1432 917 1472 949 tu
1505 910 1651 962 aliquot
1682 911 1764 950 dies
1927 916 1983 949 240
2015 898 2018 911 ¹

255 976 435 1027 perdura,
468 976 560 1015 dum
591 975 777 1015 intestina
809 981 1071 1027 exputescunt
1100 974 1182 1022 tibi,

257 1056 365 1083 nune
395 1044 486 1082 dum
518 1043 664 1083 salsura
695 1049 754 1082 sat
785 1042 946 1082 bonast:
979 1043 1009 1082 si
1042 1043 1078 1081 id
1111 1043 1261 1090 feceris,
2015 1049 2018 1077 1

252 1111 385 1150 venire
416 1111 564 1162 poteris
595 1111 792 1150 intestinis
822 1110 946 1150 vilius.

251 1178 378 1218 Cffp.
431 1178 524 1218 Lien
557 1178 780 1217 dierectust.
839 1177 942 1218 PAL.
991 1176 1170 1225 Ambula,
1201 1178 1237 1217 id
1269 1177 1362 1217 lieni
1394 1185 1649 1231 optumumst..

252 1245 379 1286 CAPP.
430 1246 550 1286 Auser
580 1246 711 1293 istaec,
745 1257 902 1297 quaeso,
933 1251 1049 1296 atque
1080 1246 1155 1285 hoc
1186 1246 1381 1298 responde
1414 1245 1518 1298 quod
1549 1259 1660 1299 rogo.
1929 1253 1984 1287 245

253 1315 363 1366 potin
398 1315 663 1354 coniecturam
694 1314 834 1361 facere,
866 1313 897 1352 si
928 1325 1084 1353 narrem
1115 1313 1184 1353 tibi

253 1383 325 1421 hae
357 1390 472 1422 noete
504 1382 607 1434 quod
640 1393 711 1433 ego
744 1381 933 1421 somniavi
964 1379 1194 1421 dormiens?

254 1450 356 1490 PAL.
407 1450 501 1497 Vah,
535 1449 641 1489 solus
673 1449 735 1488 hie
766 1449 923 1489 homost
954 1450 1019 1500 qui
1051 1449 1149 1489 sciat
1178 1448 1375 1489 divinitus.

254 1519 347 1570 quin
381 1518 627 1558 coniectores
657 1529 676 1556 a
710 1529 771 1556 me
801 1516 1008 1556 consilium
1041 1523 1201 1568 petunt:

253 1586 357 1638 quod
391 1587 446 1626 eis
475 1585 674 1637 respondi,
707 1597 751 1624 ea
784 1596 921 1624 omnes
951 1590 1055 1624 stant
1085 1584 1293 1624 sententia.
1929 1591 1987 1624 250

994 1686 1172 1726 COCVS
1817 1686 1862 1726 II
1894 1688 1917 1726 2

256 1757 453 1803 Palinure,
485 1757 576 1808 quid
608 1754 714 1795 stas?
747 1756 841 1807 quin
875 1755 1165 1807 depromuntur
1194 1754 1288 1793 mihi

254 1838 353 1878 quae
385 1838 484 1877 opus
514 1828 622 1872 sunt,
653 1824 822 1876 parasito
854 1830 897 1863 ut
927 1824 977 1863 sit
1004 1829 1185 1875 paratum
1216 1822 1438 1874 prandium,

253 1906 373 1945 quom
404 1891 562 1932 veniat?
622 1892 724 1932 PAL.
776 1891 891 1930 Mane
921 1891 985 1938 sis,
1018 1891 1109 1930 dum
1140 1890 1232 1930 huie
1263 1890 1417 1929 conicio
1448 1890 1659 1930 somnium.

253 1961 349 2002 Coc.
401 1961 500 2000 Tute
531 1961 628 2012 ipse,
660 1960 691 1999 si
725 1958 817 2010 quid
850 1957 1066 2006 somniasti,
1096 1958 1141 1997 ad
1174 1971 1236 1998 me
1266 1958 1402 1997 refers.

252 2029 354 2068 PAL.
406 2028 557 2068 Fateor.
608 2028 704 2067 Coc.
755 2026 840 2074 Abi,
863 2026 1062 2077 deprome.
1122 2026 1224 2066 PAL.
1275 2027 1356 2077 Age
1377 2031 1419 2064 tu
1441 2025 1589 2064 interea
1609 2024 1701 2065 huic
1722 2024 1917 2065 somnium
1931 2030 1986 2064 255

255 2108 382 2142 narra,
414 2095 616 2134 meliorem
648 2107 763 2146 quam
796 2106 868 2145 ego
899 2106 984 2133 sum
1016 2105 1198 2145 suppono
1230 2093 1312 2133 tibi.

254 2176 343 2203 nam
365 2164 470 2214 quod
491 2163 572 2202 seio
596 2174 712 2201 omne
734 2174 780 2201 ex
801 2162 876 2201 hoc
896 2162 990 2201 sci0.
1041 2161 1141 2201 CAP.
1182 2161 1351 2213 Operam
1373 2166 1416 2199 ut
1437 2158 1514 2199 det.
1563 2160 1666 2200 PAL.
1716 2158 1842 2199 Dabit.
1864 2181 1920 2188 —

253 2231 380 2271 CAPP.
434 2230 540 2269 Facit
570 2230 633 2269 hic
665 2229 768 2280 quod
800 2229 926 2281 pauci,
958 2235 1000 2267 ut
1031 2229 1080 2267 sit
1109 2229 1294 2281 magistro
1327 2229 1562 2279 obsequens.

369 2377 432 2410 230
457 2385 544 2410 esne
636 2374 697 2419 qui
722 2372 815 2408 B¹V
816 2372 852 2408 E
965 2375 1027 2407 233
1055 2373 1220 2418 capadox
1245 2373 1280 2408 Β
1395 2375 1460 2408 236
1484 2372 1579 2408 liene
1602 2373 1711 2415 negat
1742 2369 1921 2406 Varronis

252 2433 296 2468 de
321 2433 343 2468 l.
368 2433 391 2467 l.
421 2434 458 2474 7,
486 2433 536 2466 60
559 2431 679 2472 Flor.‚
702 2430 776 2466 lien
800 2432 906 2465 necat
931 2429 1032 2465 codd.
1149 2431 1214 2464 238
1240 2429 1364 2464 ehirae
1480 2431 1545 2463 239
1570 2426 1770 2473 epatiarius
1798 2426 1831 2462 Β

252 2501 346 2535 quae
368 2489 416 2524 sit
447 2488 576 2523 inrisio
607 2499 682 2523 non
713 2486 882 2522 videmus.
930 2497 961 2522 v.
979 2486 1056 2520 :244
1085 2489 1172 2531 post
1203 2484 1299 2520 hunc
1328 2485 1452 2531 posuit
1474 2484 1675 2520 Acidalius.
1721 2482 1787 2519 sed
1812 2482 1920 2518 etiam
2016 2476 2018 2534 ξ

253 2557 346 2591 quae
374 2549 544 2580 secuntur
576 2543 731 2579 obseura
760 2542 909 2584 habent,
941 2542 990 2586 cf.
1015 2541 1202 2576 Aciclalius
1234 2546 1269 2576 et
1294 2540 1508 2576 Gronovius.
1556 2539 1702 2575 turbata
1724 2538 1814 2574 haee
1844 2547 1920 2574 esse
2016 2537 2018 2554 ¹

251 2601 489 2648 probabiliter
512 2611 561 2636 ex
586 2599 716 2636 Sereni
736 2598 959 2635 Sammonici
985 2609 1015 2633 v.
1034 2599 1112 2633 425
1141 2597 1262 2634 dulcia
1284 2597 1437 2633 Plautus
1461 2597 1514 2632 ait
1538 2595 1664 2641 grandi
1689 2595 1807 2630 minus
1831 2595 1920 2639 apta

252 2658 339 2693 lieni
369 2658 460 2704 (srq.
484 2658 554 2693 inc.
579 2658 631 2692 47
653 2655 708 2699 G.)
737 2656 888 2692 coniecit
913 2654 1083 2691 Goetzius
1111 2653 1209 2689 anal.
1233 2653 1291 2689 Pl.
1314 2654 1385 2688 110
1500 2655 1564 2687 242
1589 2653 1731 2688 salsura
1753 2653 1922 2697 sequente

252 2725 324 2749 ras.
355 2716 377 2749 7
399 2714 464 2748 litt.
490 2713 537 2755 B,
561 2713 740 2757 insaltura
765 2711 810 2754 E,
836 2711 974 2747 saltura.
1002 2710 1052 2753 V;
1078 2711 1131 2756 ef.
1158 2710 1402 2746 Buechelerus
1425 2719 1513 2743 mus.
1538 2708 1652 2744 Rhen.
1677 2709 1736 2748 45,
1761 2707 1832 2742 159

253 2773 320 2805 244
344 2771 539 2812 dieructus‚
557 2780 649 2805 corr.
669 2768 899 2805 Camerarius
991 2769 1051 2802 251
1073 2777 1185 2803 cocvs
1202 2777 1337 2802 smwvs
1354 2776 1449 2802 meno
1470 2763 1583 2800 BVE
1672 2767 1738 2800 252
1762 2763 1823 2800 sit:
1848 2763 1922 2799 sint

263 2825 331 2860 VE
422 2828 486 2860 253
511 2826 634 2862 ueniet:
660 2826 693 2861 Β
710 2830 794 2861 ante
817 2836 912 2861 corr.
1006 2827 1071 2860 258
1096 2824 1291 2860 oboediens
1316 2823 1534 2864 Muellerus,-
1567 2822 1616 2866 cf.
1641 2821 1920 2867 ma1gijsteratus
2011 2816 2018 2846 Ι

252 2881 290 2916 in
315 2883 391 2928 leqe
417 2882 607 2924 Lucerina,
631 2882 865 2927 magisterare
889 2881 1017 2917 Feslus
1039 2882 1110 2916 153
2008 2852 2018 3071 ὲ

2006 3065 2018 3183 i

2007 3073 2014 3110 -a-
