1998 3179
103 97 134 126 Π
142 98 170 131 3,
188 97 273 125 4-35
801 95 1072 131 BACCIHDES
1682 97 1702 132 1
1710 95 1760 132 39

104 211 157 251 ibi
187 211 364 250 desidere
394 222 522 262 neque
553 210 680 250 redire
711 210 846 250 filium.

103 278 262 319 CHRYS.
311 277 498 317 Extexam
529 289 600 329 ego
633 278 739 317 illum
771 278 935 330 pulchre
965 278 1051 325 iam,
1083 278 1114 317 si
1145 277 1183 316 di
1215 277 1361 317 volunt.

104 346 204 385 haud
237 345 580 385 dormitandumst:
613 357 712 397 opus
743 352 799 385 est
830 346 968 397 chryso
1001 345 1197 397 Chrysalo.
1775 351 1831 383 240

105 413 218 452 adibo
248 414 367 460 hunc,
400 425 516 464 quem
547 413 700 463 quidem
734 425 804 464 ego
835 413 950 451 hodie
982 413 1117 451 faciam
1148 413 1210 451 hic
1241 412 1399 451 arietem

104 480 249 527 Phrixi,
281 480 411 531 itaque
443 480 612 519 tondebo
645 492 738 519 auro
769 491 893 530 usque
925 480 971 518 ad
1001 480 1122 518 vivam
1154 486 1294 518 cutem.

105 559 236 587 servos
267 548 407 586 salutat
436 546 672 586 Nicobulum
704 546 922 598 Chrysalus.

104 614 198 654 Nm.
249 614 324 653 Pro
356 614 394 653 di
424 614 674 659 immortales,
707 613 899 665 Chrysale,
932 614 997 652 ubi
1029 614 1118 653 mist
1147 612 1277 653 filius?

106 682 263 722 CHRYS.
313 681 416 727 Quin
447 688 489 721 tu
520 681 682 721 salutem
712 681 883 732 primum
915 681 1046 720 reddis
1078 693 1192 732 quam
1225 679 1341 720 dedi?
1778 686 1832 718 245

105 749 198 789 N1c.
250 749 371 788 Salve.
418 749 485 788 sed
516 747 713 787 ubinamst
743 747 1035 787 Mnesilochus?
1094 748 1251 788 erm-s.
1302 747 1410 793 Vivit,
1442 748 1552 786 valet.

105 817 198 856 Nic.
248 815 443 856 Venitne?
501 816 659 856 CHRYS.
704 815 830 854 Venit.
889 816 983 856 Nm.
1034 816 1154 861 Euax,
1186 816 1383 867 aspersisti
1415 827 1566 866 aquam.

105 883 260 923 benene
290 896 414 935 usque
444 882 590 923 valuit?
650 882 808 923 CHRYS.
858 883 1086 923 Pancratice
1117 890 1233 934 atque
1263 883 1455 922 athletice.

105 951 198 992 Nm.
248 951 348 997 Quid
379 950 483 990 hoc?
516 963 590 1002 qua
621 963 736 990 causa
768 953 856 990 eum
889 951 927 990 in
960 951 1157 1003 Ephesum
1189 952 1382 997 miseram,

107 1019 310 1070 accepitne
341 1031 478 1058 aurum
511 1019 557 1057 ab
589 1019 742 1071 hospite
774 1017 1074 1058 Archidemide?
1780 1023 1835 1055 250

106 1086 264 1127 CHRYS.
314 1087 413 1134 Heu,
445 1099 515 1126 cor
544 1099 674 1126 meum
707 1093 744 1125 et
775 1086 994 1133 cerebrum,
1025 1086 1226 1133 Nicobule,
1258 1086 1430 1132 finditur,

107 1154 217 1193 istius
247 1154 416 1194 hominis
447 1154 513 1193 ubi
544 1155 585 1193 fit
617 1166 815 1205 quomque
846 1155 1004 1193 mentio.

107 1228 175 1260 tun
207 1222 402 1273 hospitem
434 1222 540 1261 illum
573 1222 753 1261 nominas
783 1222 932 1261 hostem
965 1221 1102 1261 tuom?

105 1288 200 1329 Nm.
250 1289 351 1335 Quid
382 1289 447 1337 ita,
479 1289 643 1328 obsecro
675 1288 833 1328 hercle?
892 1289 1049 1329 CHRYS.
1101 1289 1198 1335 Quia
1232 1289 1370 1341 edepol
1402 1294 1509 1328 certo
1541 1288 1635 1334 scio,

108 1357 314 1404 Volcanus,
346 1356 469 1403 Luna,
502 1356 580 1403 Sol,
612 1356 712 1402 Dies,
745 1356 804 1394 dei
836 1364 1033 1407 quattuor,
1783 1361 1837 1393 255

108 1425 370 1464 scelestiorem
402 1423 551 1462 nullum
585 1424 761 1462 inluxere
792 1424 969 1462 alterum.

107 1492 200 1532 Nic.
251 1491 427 1537 Quamne
459 1489 799 1530 Archidemidem?
859 1491 1016 1531 CHRYs.
1067 1491 1204 1537 Quam,
1241 1491 1412 1542 inquam,
1445 1489 1769 1529 Archidemidem.

106 1559 200 1599 Nm.
250 1558 348 1605 Quid
381 1558 500 1598 fecit?
559 1559 716 1600 Cam-s.
768 1558 868 1604 Quid
900 1572 978 1598 non
1012 1557 1130 1598 fecit?
1162 1559 1255 1609 quin
1289 1565 1330 1597 tu
1362 1559 1399 1597 id
1431 1570 1491 1597 me
1523 1555 1666 1608 rogas?

108 1628 371 1679 primumdum
403 1627 545 1666 infitias
577 1627 633 1666 ire
663 1627 793 1678 coepit
824 1626 914 1673 filio,

110 1707 253 1746 negare
282 1707 323 1734 se
355 1694 495 1734 debere
527 1695 595 1733 tibi
627 1695 854 1734 triobulum.
1785 1697 1841 1729 266

108 1763 300 1802 continuo
331 1762 532 1814 antiquom
564 1763 757 1814 hospitem
790 1769 968 1801 nostrum
999 1761 1072 1801 sibi

111 1831 374 1870 Mnesilochus
405 1831 613 1879 advocavit,
645 1831 879 1882 Pelagonem
912 1841 1066 1877 senem;

110 1911 157 1938 eo
188 1902 395 1951 praesente
425 1898 577 1938 homini
609 1898 804 1950 extemplo
836 1898 1006 1937 ostendit
1036 1897 1269 1950 symbolum,

113 1978 228 2017 quem
259 1973 341 2006 tute
371 1966 544 2013 dederas,
575 1967 621 2005 ad
653 1979 742 2005 eum
772 1972 816 2005 ut
846 1966 977 2011 ferret,
1010 1966 1101 2004 filio.

110 2034 205 2075 NIC.
254 2033 353 2080 Quid
382 2033 450 2073 ubi
481 2034 516 2072 ei
548 2035 718 2074 ostendit
748 2032 997 2086 symbolum?
1056 2034 1214 2074 CHRYS.
1265 2033 1351 2072 Infit
1384 2033 1512 2071 dicere
1788 2037 1843 2069 265

110 2103 372 2142 adulterinum
405 2109 443 2141 et
473 2114 554 2141 non
589 2114 676 2142 eum
708 2115 792 2142 esse
822 2102 1053 2154 symbolum.

111 2175 286 2220 quotque
316 2170 518 2209 innocenti
550 2170 584 2209 ei
615 2171 708 2209 dixit
741 2170 1013 2210 contumelias!

113 2237 331 2276 adulterare
362 2250 449 2277 eum
481 2238 583 2277 aibat
613 2238 732 2278 rebus
762 2239 914 2278 ceteris.

112 2303 206 2345 Nm.
255 2305 425 2345 Habetin
458 2305 626 2345 aurum?
658 2307 695 2345 id
727 2306 818 2345 mihi
850 2306 925 2345 dici
956 2306 1055 2344 volo.

228 2405 293 2438 242
316 2404 424 2448 phrix
551 2404 673 2449 itaque
697 2405 808 2449 (itque
834 2404 872 2447 C)
897 2404 947 2448 cf.
976 2403 1132 2438 Brixius
1156 2402 1204 2437 ad
1226 2401 1303 2437 Mil.
1327 2403 1403 2436 108
1542 2403 1604 2435 243
1631 2399 1778 2435 nicobo-

114 2458 187 2493 lum
211 2459 282 2494 BD
374 2463 438 2495 245
463 2461 617 2496 salutem
640 2461 795 2506 primum
818 2460 995 2496 Botlzius:
1019 2459 1174 2505 primum
1199 2459 1351 2495 salutem
1460 2459 1525 2492 246
1548 2455 1777 2491 mnesilochis

118 2513 155 2556 C,
177 2515 392 2560 mnesilogus
416 2515 462 2558 D,
488 2518 569 2552 item
593 2518 674 2552 262
697 2517 745 2552 al.
851 2520 915 2552 249
941 2527 1021 2552 eum
1044 2515 1168 2561 (hinc)
1196 2515 1421 2550 Camerarius
1539 2515 1602 2547 250
1627 2511 1780 2557 hospide

120 2569 155 2611 C,
180 2571 303 2615 ospide
327 2571 361 2607 Β
453 2575 516 2608 251
543 2583 589 2608 eu
679 2573 846 2609 nicobole
938 2575 1003 2608 252
1028 2583 1180 2617 quaque,
1205 2582 1299 2606 corr.
1321 2569 1518 2605 Lambinus
1610 2571 1675 2603 254
1700 2577 1777 2603 cer-

116 2628 154 2660 te
179 2625 240 2661 ΟΒ
329 2631 393 2663 255
417 2629 504 2665 luna.
529 2630 582 2664 sol
609 2628 773 2666 Guietus:
797 2629 850 2664 sol
874 2629 961 2664 luna
1060 2629 1139 2664 dei:
1165 2628 1236 2662 diei
1263 2626 1352 2668 0D1,
1377 2626 1453 2661 dies
1471 2626 1522 2660 B¹
1622 2627 1778 2669 quatuor

120 2681 190 2716 BD
281 2687 343 2719 257
369 2696 473 2729 quam
488 2686 526 2720 ni
545 2685 606 2721 ΟΒ
700 2688 764 2720 259
783 2686 879 2730 cepit
971 2688 1035 2720 260
1053 2684 1247 2720 triobolum
1266 2683 1326 2719 ΟΒ
1418 2684 1482 2717 263
1500 2681 1689 2717 simbolum
1708 2679 1778 2722 CB,

117 2737 200 2773 item
223 2740 311 2776 265.
334 2742 413 2775 266
528 2744 592 2777 266
617 2743 668 2788 cf.
692 2742 787 2778 Men.
813 2743 890 2777 468
991 2744 1055 2776 268
1080 2741 1202 2776 aiebat
1225 2740 1272 2781 Β,
1296 2739 1417 2775 alebat
1442 2738 1479 2781 C,
1504 2739 1634 2782 agebat
1657 2737 1690 2773 Β

118 2795 170 2840 cf.
197 2794 265 2831 Cio.
289 2796 334 2833 de
357 2797 420 2843 off.
438 2799 473 2841 3,
499 2800 549 2834 82
573 2799 654 2834 aliis
677 2799 786 2834 rebus
809 2799 983 2844 pietatem
1007 2798 1104 2834 colas
1222 2799 1286 2832 269
1308 2797 1397 2841 fort.
1430 2795 1578 2830 habetin
1607 2794 1780 2840 (annon),

118 2851 168 2895 cf.
197 2851 296 2888 Cure.
322 2854 395 2888 566
418 2853 547 2890 Pseud.
576 2855 657 2897 616,
682 2854 896 2891 Redslohius
920 2853 1021 2889 Neue
1042 2853 1131 2900 phil.
1158 2852 1329 2888 rundscle.
1358 2853 1387 2894 7,
1412 2852 1486 2886 212
