1998 3179
125 72 168 100 xv
186 71 312 105 1.4—15
837 67 1077 104 CVRCVLIO
1699 72 1778 109 327

129 197 360 239 quamquam
384 197 473 224 cum
503 185 603 224 istoc
630 184 727 224 mihi
757 185 890 236 negoti
921 184 1017 224 nihil
1047 190 1125 224 est:
1156 184 1230 236 ipsi
1260 184 1504 224 Phaedromo
1797 193 1850 225 465

127 254 293 303 credidi3
324 259 455 292 tamen
485 252 705 292 asservabo.
764 254 832 292 sed
862 253 955 292 dum
985 252 1049 291 hic
1080 252 1280 303 egreditur
1309 253 1426 301 foras,

126 320 456 368 commonstrabo,
489 333 566 372 quo
597 321 637 360 in
669 332 866 371 quemque
894 319 1094 359 hominem
1126 319 1236 359 facile
1267 321 1474 361 inveniatis
1503 321 1602 369 loco,

127 402 177 430 ne
207 389 326 428 nimio
358 400 478 440 opere
507 394 633 427 sumat
662 399 821 439 operam
851 387 883 426 si
914 400 1031 438 quem
1061 394 1297 427 conventum
1328 388 1430 437 velit,

125 458 182 498 vel
213 457 391 497 vitiosum
422 455 483 494 vel
512 455 598 494 sine
627 455 733 502 vitio,
762 455 823 494 vel
852 454 1021 506 probum
1053 455 1111 494 vel
1140 454 1378 507 improbum.

126 525 192 577 qui
222 525 425 577 periurum
457 523 669 562 convenire
698 523 778 562 volt
808 523 1007 562 hominem
1038 523 1091 561 ito
1123 523 1162 562 in
1193 523 1415 571 comitium;
1798 530 1852 561 ΠΟ

126 593 192 645 qui
221 592 447 632 mendacem
480 597 518 630 et
547 590 774 641 gloriosum,
805 591 908 642 apud
940 590 1144 630 Cloacinae
1175 603 1344 638 sacrum,

125 661 214 700 ditis
244 660 455 699 damnosos
484 659 645 697 maritos
675 658 747 697 sub
778 657 935 697 basilica
966 659 1157 709 quaerito.

124 728 269 768 ibidem
300 732 418 767 erunt
446 732 575 766 scorta
606 726 755 765 exoleta
787 726 934 777 quique
964 726 1141 782 stipulari
1172 726 1313 774 solent,

124 795 387 848 symbolarum
418 794 624 833 collatores
654 794 756 845 apud
788 794 917 833 sorum
947 794 1171 845 piscarium.

51 912 55 915 ⁸
123 863 282 902 in-foro
313 862 449 901 infimo
481 861 576 900 boni
607 861 788 900 homines
818 868 936 912 atque
967 862 1066 901 dites
1095 861 1310 908 ambulant,
1796 868 1853 899 4¹15

123 931 164 970 in
194 930 322 969 medio
353 935 517 982 propter
548 929 735 976 canalem,
768 928 821 968 ibi
853 935 1114 970 ostentatores
1144 930 1263 979 meri3

124 1097 180 1121 em
211 1086 260 1129 V)
283 1086 380 1122 hunc
404 1086 516 1130 magis
540 1087 610 1122 hoc
634 1096 713 1121 esse
737 1086 854 1121 dicam
877 1087 1001 1122 neseio
1128 1086 1267 1122 Paulus
1291 1089 1360 1122 101
1385 1087 1583 1132 halapanta
1607 1084 1788 1131 significat

123 1143 245 1178 omnia
260 1142 491 1178 mentientem
507 1152 536 1177 e.
555 1153 588 1187 q.
606 1153 656 1183 s.,·
681 1142 825 1177 Nonius
840 1144 916 1177 120
932 1143 1155 1178 halofantam
1171 1146 1212 1179 ut
1229 1143 1454 1188 sycofantam
1474 1143 1658 1178 hominum
1674 1152 1787 1186 genus

122 1209 276 1244 nequam
300 1210 329 1233 e.
348 1210 380 1244 q.
399 1209 427 1233 s.
444 1198 614 1234 Plautus:
634 1195 871 1234 ‘halofantam
897 1202 962 1234 aut
985 1200 1210 1245 sycofantam
1233 1200 1346 1244 magis
1364 1210 1443 1234 esse
1459 1194 1599 1234 dicam'.
1641 1201 1677 1233 et
1694 1198 1787 1233 alius

123 1254 323 1290 nobilitatis
356 1255 549 1291 obscurae:
578 1251 817 1291 ‘halofantam
845 1256 1053 1292 mendacem
1085 1252 1188 1292 velit'
1302 1267 1432 1291 nomen
1460 1256 1585 1303 fictum
1617 1254 1661 1289 ab
1687 1253 1789 1288 Izala-

117 1312 265 1359 pando,
290 1316 330 1346 ut
353 1311 443 1346 vidit
466 1311 687 1346 Brandisius
710 1311 754 1346 de
778 1312 889 1357 aspir.
916 1312 976 1346 lat.
1000 1314 1048 1346 15
1061 1323 1113 1358 sq.
1139 1313 1215 1358 (qui
1241 1312 1423 1358 praetulit
1452 1311 1716 1356 halapantem),
1741 1309 1790 1344 ad

121 1367 390 1403 similitudinem
429 1373 676 1414 sucopantae;
710 1368 801 1413 fort.
841 1367 1066 1403 scribendum
1107 1369 1386 1412 halapantamne
1425 1378 1504 1402 cum
1548 1367 1693 1409 Guieto,
1733 1366 1785 1411 cf.

125 1423 229 1459 True.
257 1425 334 1458 928
436 1427 503 1459 464
528 1427 569 1460 ut
591 1424 726 1459 Aldus:
750 1424 850 1459 huad
875 1424 919 1465 B,
944 1426 1044 1459 haud
1077 1424 1145 1458 VE
1245 1427 1310 1459 465
1335 1424 1413 1468 ipse
1439 1424 1472 1459 B
1497 1429 1581 1458 ante
1603 1434 1698 1458 corr.

124 1485 187 1516 467
215 1491 283 1526 que
313 1480 351 1515 in
384 1480 416 1514 V
420 1479 453 1514 E
565 1480 614 1524 cs.
648 1479 716 1525 leq.
753 1480 894 1516 Cornel.
928 1480 972 1515 de
1004 1480 1081 1515 XX
1099 1485 1237 1526 quaest.
1263 1482 1290 1515 2
1321 1491 1352 1515 v.
1380 1481 1402 1514 6
1433 1491 1540 1525 quam
1570 1480 1610 1514 in
1638 1480 1789 1525 quisque

121 1537 305 1573 decuriam
329 1537 444 1572 lectus
469 1537 549 1580 erit,
574 1536 624 1581 cf.
650 1547 681 1571 v.
698 1537 753 1571 27
841 1537 949 1572 facile
973 1547 1039 1570 om.
1065 1535 1195 1571 B¹VE¹
1284 1540 1349 1572 468
1375 1548 1496 1582 quem:
1527 1537 1606 1581 quis
1629 1536 1789 1572 Fleckei-

122 1603 229 1628 senus
333 1592 422 1628 uelit
447 1604 514 1628 om.
540 1592 592 1627 Βι
703 1592 748 1627 cle
772 1592 862 1627 loeis
886 1596 950 1627 470
968 1604 1022 1638 sq.
1048 1594 1334 1629 commemoratis
1358 1594 1432 1640 eqit
1455 1592 1640 1629 Iordanus
1664 1593 1788 1628 Herm.

123 1652 179 1694 15,
201 1651 270 1685 116
286 1661 340 1696 sq.
365 1649 432 1694 (cf.
457 1654 598 1696 topoqr.
623 1659 712 1684 rom.
740 1647 764 1682 I
782 1650 819 1691 2,
844 1650 926 1684 172.
953 1650 1030 1684 382
1055 1654 1089 1684 et
1110 1650 1280 1695 passim),
1304 1651 1528 1696 arqumentis
1552 1650 1601 1685 ad
1624 1660 1790 1696 compro-

123 1706 278 1742 bandam
301 1716 454 1741 scaenae
479 1706 655 1752 oriqinem
679 1717 751 1741 non
777 1705 985 1740 Plautinum
1017 1705 1116 1741 baud
1141 1706 1302 1750 fortibus
1325 1712 1447 1748 utens,
1479 1706 1607 1741 deinde
1630 1705 1790 1741 Friedri-

123 1762 225 1798 chius
248 1761 472 1798 Fleckeiseni
495 1773 577 1796 ann.
603 1763 693 1803 143,
722 1763 797 1797 708
808 1773 880 1808 sq„
904 1762 1110 1797 Huelsenus
1139 1767 1230 1798 ro'm.
1261 1763 1376 1798 mittit.
1408 1765 1450 1805 8,
1474 1764 1556 1797 282
1571 1774 1623 1808 sq.
1677 1763 1791 1809 profi-

123 1819 271 1854 ciscitur
294 1819 479 1864 choraqus
502 1830 524 1853 a
549 1820 692 1854 comitio
718 1820 839 1861 (470),
869 1820 993 1864 perqit
1016 1820 1065 1854 ad
1087 1819 1258 1854 sacellum
1293 1819 1440 1854 Veneris
1466 1819 1656 1855 Cloacinae
1683 1820 1791 1854 iuxta

123 1875 229 1910 situm
255 1874 304 1909 ad
327 1874 497 1911 tabernas
519 1886 633 1910 novas
660 1877 778 1917 (471),·
810 1876 959 1911 basilica
989 1876 1090 1918 (472)
1124 1887 1195 1921 quo
1228 1880 1389 1922 tempore
1420 1876 1508 1911 Ilaec
1539 1876 1678 1922 scripta
1706 1879 1793 1910 sunt

123 1942 198 1966 una
214 1936 305 1973 erat,
329 1942 416 1975 erqo
434 1942 506 1966 non
523 1931 710 1966 Aemiliam
726 1932 828 1974 dicit,
851 1943 967 1977 neque
985 1931 1131 1973 Porcia,
1156 1943 1265 1977 quam
1284 1933 1441 1978 primam
1465 1933 1639 1967 novimus.
1664 1943 1697 1966 a.
1717 1932 1792 1967 570

123 1987 275 2033 factam,
301 1987 461 2022 locorum
487 1987 608 2022 ordini
632 1989 808 2030 convenit,
833 1988 967 2023 nullam
985 1993 1091 2024 antea
1106 1989 1224 2034 fuisse
1248 1999 1321 2023 non
1346 1993 1489 2024 constat
1512 1988 1577 2033 (cf.
1604 1988 1793 2034 Vssinqius

124 2043 173 2079 ad
191 2042 291 2090 Capt.
312 2044 416 2083 815),·
437 2044 563 2088 forum
583 2044 824 2089 piscatorium
849 2045 947 2087 (474,
971 2045 1022 2090 ef.
1040 2044 1116 2080 Liv.
1141 2046 1205 2086 26,
1221 2045 1283 2087 27,
1307 2045 1410 2080 aliud
1425 2044 1474 2080 ad
1492 2044 1644 2081 Tiberim
1674 2044 1791 2080 Varro

124 2100 169 2136 de
191 2099 215 2135 l.
233 2100 256 2135 l.
277 2102 310 2142 5,
326 2101 410 2143 145)
436 2101 472 2134 in
495 2105 603 2146 parte
626 2101 901 2146 septentrionali
925 2101 974 2135 ad
997 2102 1170 2136 orientem
1192 2101 1311 2146 fuisse
1327 2101 1521 2147 probabile
1544 2106 1608 2143 est,
1633 2101 1684 2146 cf.
1710 2099 1792 2135 Ior-

124 2157 243 2192 danus
266 2157 288 2191 l.
313 2167 341 2191 s.
369 2156 526 2191 Hermae
548 2157 616 2191 119
628 2167 700 2202 sq.‚
735 2163 878 2203 topoqr.
903 2158 999 2199 432,
1033 2167 1112 2192 cum
1138 2156 1288 2193 basilica
1313 2159 1546 2204 coniunyitur
1572 2158 1674 2203 Capt.
1701 2158 1773 2192 815
1779 2169 1794 2197 ;

122 2214 248 2258 forum
272 2213 433 2258 infimum
457 2214 557 2255 (475)
580 2213 681 2259 apud
703 2214 854 2258 reqiam,
878 2214 1031 2248 medium
1056 2215 1154 2256 (476)
1179 2213 1229 2249 ad
1251 2214 1411 2249 cloacam
1420 2227 1434 2255 ;
1456 2215 1578 2261 perqit
1601 2225 1715 2259 supra
1740 2213 1792 2248 la-

125 2280 204 2305 cum
229 2270 340 2313 (477),
364 2270 430 2315 qui
451 2275 503 2304 est
519 2270 557 2304 in
575 2269 691 2305 media
709 2275 821 2315 parte
842 2270 945 2315 sori,·
970 2270 1141 2305 tabernae
1165 2276 1300 2306 veteres
1324 2270 1432 2314 (480)
1456 2276 1490 2306 et
1513 2270 1612 2305 aedis
1631 2270 1793 2306 Castoris

123 2336 214 2372 pars
232 2327 379 2372 postica
403 2326 501 2367 (481)
524 2330 624 2361 recta
648 2326 744 2361 linea
766 2330 892 2361 secant
916 2326 1031 2361 vicum
1050 2326 1203 2362 Tuscum
1227 2327 1342 2368 (482).
1390 2328 1461 2361 iam
1486 2326 1586 2372 quod
1609 2337 1632 2360 a
1657 2326 1794 2361 comitii

123 2382 273 2428 forique
303 2382 393 2418 locis
424 2383 554 2428 quibus
584 2381 769 2428 hucusque
798 2393 836 2417 se
858 2383 1037 2418 continuit
1066 2382 1222 2427 deflectit
1255 2383 1304 2418 ad
1336 2383 1527 2418 Velabrum
1558 2383 1679 2425 (483),
1708 2383 1792 2418 item

126 2437 282 2482 deflectit
313 2439 432 2474 oratio
458 2450 480 2473 a
504 2439 600 2474 vitiis
629 2438 890 2484 virtutibusque
922 2439 971 2474 ad
1000 2444 1170 2485 quaestus
1201 2439 1466 2475 enumerandos
1489 2444 1524 2474 et
1541 2438 1706 2485 pendent
1732 2449 1793 2474 ac-

126 2493 298 2536 cusativi,·
321 2495 399 2530 485
421 2506 500 2531 cum
522 2495 691 2530 libertina
707 2496 892 2530 meretrice
907 2496 1118 2542 suppositus
1134 2496 1253 2531 versui
1269 2497 1356 2538 472,
1373 2496 1422 2530 ad
1437 2495 1585 2530 eandem
1603 2495 1793 2530 verborum

126 2552 428 2586 constructionem
456 2552 618 2597 pertinet
649 2552 726 2586 483
759 2560 801 2592 (υ.
836 2551 1037 2587 Vrliclzsius
1066 2563 1153 2588 mus.
1180 2551 1295 2587 Rben.
1320 2553 1391 2592 23,
1426 2553 1477 2587 85
1503 2556 1536 2586 et
1571 2551 1794 2596 Vssinyius)‚·

126 2606 204 2641 484
226 2616 306 2642 cum
330 2608 409 2642 482
433 2609 607 2654 coniunqi
626 2619 734 2654 posse
758 2608 854 2643 dixit
878 2607 1060 2643 Iordanus
1086 2608 1207 2643 Herm.
1225 2609 1280 2649 15,
1298 2610 1373 2643 122
1389 2619 1442 2654 sq.
1468 2607 1530 2649 (ad
1555 2606 1793 2642 Vortumnum

126 2666 291 2708 spectare
313 2675 385 2698 non
401 2669 498 2700 recte
514 2666 699 2710 opinatur)
792 2668 857 2699 470
882 2665 933 2700 ito
954 2665 1146 2701 Gruterus:
1169 2666 1272 2700 mitto
1366 2667 1432 2698 472
1449 2675 1503 2709 sq.
1529 2664 1580 2708 cf.
1598 2663 1794 2708 Lanqenus

126 2718 236 2764 symb.
260 2721 343 2754 280
434 2724 502 2755 474
526 2721 755 2756 simbolarum
857 2720 976 2755 Varro
993 2721 1037 2756 de
1054 2721 1074 2755 l.
1094 2721 1116 2755 l.
1140 2723 1172 2763 5,
1196 2722 1269 2755 145
1291 2721 1371 2755 loco
1396 2720 1571 2755 obscuro.-
1596 2719 1794 2755 secundm

129 2774 288 2811 Tiberim
303 2777 351 2812 ad
366 2777 563 2821 Iunium(‘?)
587 2777 706 2813 forum
721 2779 918 2824 piscarium
934 2780 1083 2820 vocant3
1108 2777 1190 2812 ideo
1208 2777 1260 2812 ait
1276 2776 1428 2812 Plautus
1444 2772 1560 2821 ‘apud
1574 2772 1794 2821 piscarium'‚

128 2841 159 2866 v.
183 2829 367 2872 Iordanus
386 2844 426 2879 p.
438 2834 507 2868 119
