2018 3183
218 95 299 132 312
964 92 1145 128 PLAVTI
1686 93 1698 120 1
1718 94 1743 126 ι,
1760 93 1853 126 π-ρ,
1867 94 1883 121 5
2008 60 2018 204 1

220 223 363 250 nomen
397 210 575 249 Leaenae
607 215 676 256 est,
708 206 910 247 multibiba
941 213 1058 257 atque
1087 205 1303 246 mei-obiba.

217 278 320 317 PAL.
372 277 492 323 Quasi
522 283 564 315 tu
595 276 799 326 lagoenam
830 274 948 320 dicas,
979 272 1046 313 ubi
1077 273 1209 313 vinum
1242 273 1378 313 Chium

217 345 315 384 solet
346 347 443 383 esse.
503 343 673 382 PHAED.
724 341 828 388 Quid
860 348 977 393 opust
1006 338 1162 381 verbis?
1192 340 1435 380 vinosissima
1466 347 1545 383 est:

219 424 343 462 eaque
375 409 570 462 extemplo
602 408 670 448 ubi
701 406 822 463 <ego>
852 409 940 448 vino
972 409 1041 448 llas
1072 408 1277 459 conspersi
1308 408 1425 455 sores,
1910 416 1948 449 so

220 479 268 516 de
299 478 420 517 odore
450 477 584 517 adesse
615 489 676 516 me
706 476 791 524 scit,
822 476 948 528 aperit
976 476 1077 515 ilico.

215 546 317 585 PAL.
367 544 466 584 Eine
496 545 559 584 hic
588 557 678 584 cum
707 544 798 584 vino
828 543 938 584 sinus
968 541 1121 583 fertur?
1180 544 1349 582 PHAED.
1399 543 1478 582 Nisi
1512 543 1631 582 nevis.

216 614 317 653 PAL.
367 612 465 651 Nolo
496 612 640 659 hercle,
673 623 761 650 nam
793 611 924 651 istunc
954 611 1021 662 qui
1053 612 1129 650 fert
1158 611 1342 649 afflictum
1375 610 1508 659 velim3

214 693 286 732 ego
318 680 432 719 nobis
462 680 593 719 afferri
623 679 771 719 censui.
831 679 1000 719 ΡΗΑΕΙ).
1050 678 1154 724 Quin
1187 685 1227 716 tu
1261 676 1391 717 taces?

214 748 244 788 si
278 748 370 798 quid
401 759 520 799 super
550 747 604 786 illi
636 747 763 796 suerit,
797 747 834 785 id
867 746 981 786 nobis
1011 753 1071 786 sat
1101 752 1171 785 est.
1911 751 1950 784 85

214 815 315 855 PAL.
365 814 555 861 Quisnam
585 814 671 854 istic
702 815 869 862 fluviust‚
902 827 1018 866 quem
1050 826 1130 853 non
1163 813 1326 865 recipiat
1355 810 1490 851 mare?

213 883 382 922 PHAED.
434 882 608 932 Sequere
639 882 722 928 hac,
756 882 950 929 Palinure,
982 894 1042 920 me
1074 880 1119 920 ad
1152 881 1269 927 sores,
1301 881 1324 918 fi
1355 880 1407 918 mi
1439 880 1675 931 obsequens.

214 951 316 990 PAL.
367 950 422 989 Ita
455 950 603 988 faciam.
663 950 833 990 PHAED.
882 949 992 1000 Agite
1025 948 1159 995 bibite,
1190 947 1346 987 festivae
1378 948 1502 995 fores;

217 1025 362 1068 potate,
395 1018 458 1056 tite
489 1017 582 1056 mihi
614 1016 789 1056 volentes
819 1017 1024 1068 propitiae.

213 1086 314 1125 PAL.
367 1084 539 1124 Voltisne
570 1084 687 1123 olivas
718 1084 810 1136 [aut]
842 1084 1138 1135 pulpamentum
1172 1082 1266 1134 [aut]
1298 1080 1526 1134 capparim?
1912 1089 1950 1121 90

211 1154 381 1193 PHAED.
431 1151 672 1191 Exsuscitate
703 1158 871 1191 vostram
902 1152 979 1191 huc
1010 1151 1211 1190 custodem
1241 1150 1347 1189 mihi.

211 1220 312 1260 PAL.
365 1219 575 1259 Profundis
604 1219 758 1259 vinum:
792 1231 890 1271 quae
921 1225 958 1258 te
991 1231 1052 1258 res
1082 1217 1258 1269 agitant?
1318 1218 1485 1257 PHAED.
1536 1218 1641 1257 Sine.

211 1288 323 1327 viden
354 1290 399 1326 ut
428 1287 658 1338 aperiuntur
687 1287 801 1326 aedes
831 1284 1140 1326 festivissumae?

213 1368 306 1395 num
338 1355 470 1394 muttit
500 1352 644 1393 cardo?
675 1360 734 1393 est
763 1354 927 1406 lepidus.
987 1355 1089 1393 PAL.
1141 1352 1243 1399 Quin
1276 1352 1343 1392 das
1374 1351 1552 1392 savium?

211 1424 380 1463 PHAED.
431 1422 544 1469 Tace,
577 1421 820 1461 occultemus
850 1422 981 1461 lumen
1015 1429 1053 1461 et
1084 1433 1230 1460 vocem.
1290 1420 1391 1460 PAL.
1442 1420 1562 1459 Licet.
1910 1427 1949 1459 95
2016 1415 2018 1442 ἶ

922 1511 1160 1550 LEAENA
1812 1511 1831 1550 Ι
1855 1513 1877 1550 2

214 1580 302 1619 Flos
332 1579 472 1619 veteris
503 1579 580 1618 vini
613 1579 709 1618 meis
826 1579 987 1618 naribus
1018 1579 1223 1625 obiectust,

213 1648 295 1687 eius
326 1659 436 1687 amor
465 1647 647 1698 cupidam
680 1659 741 1686 me
772 1647 849 1686 huc
966 1646 1121 1698 prolicit
1151 1658 1221 1697 per
1253 1645 1446 1685 tenebras.

416 1714 481 1754 ubi
514 1713 581 1753 ubi
613 1717 683 1759 est,
716 1726 840 1766 prope
872 1726 933 1753 me
965 1721 1034 1753 est.
1095 1716 1206 1761 euax,
1237 1713 1372 1753 habeo.

480 1782 594 1830 salve,
626 1782 755 1821 anime
786 1782 850 1829 mi,
967 1781 1099 1820 Liberi
1130 1781 1250 1832 lepos.

482 1856 524 1889 ut
554 1850 693 1889 veteris
724 1856 833 1889 vetus
864 1850 919 1888 tui
951 1849 1092 1900 cupida
1123 1861 1223 1888 sum.
1893 1855 1947 1888 100

268 1929 356 1955 nam
389 1917 565 1957 omnium
596 1920 842 1969 unguentum
875 1917 971 1956 odor
1003 1919 1095 1968 prae
1126 1923 1193 1955 tuo
1229 1918 1366 1954 nautea
1398 1922 1467 1964 est,

209 2024 272 2049 are
297 2015 407 2050 cubat
432 2015 523 2051 solet
549 2014 579 2050 V
582 2014 617 2050 E
638 2016 673 2056 (ι’.
699 2027 727 2050 e.
754 2016 864 2051 cubat
889 2015 1048 2061 ascripto
1073 2025 1135 2050 are
1161 2015 1198 2049 in
1222 2013 1436 2061 archetypo,
1462 2014 1513 2060 cf.
1530 2013 1732 2050 Sclzoellius
1751 2015 1879 2061 praef.

211 2069 286 2105 Cas.
302 2082 341 2116 p.
358 2072 422 2113 23)
508 2074 548 2105 77
574 2072 718 2107 nomeni
742 2072 772 2106 Β
859 2074 914 2106 est
938 2071 1050 2113 leene,
1078 2083 1171 2107 corr.
1191 2070 1446 2106 Fleckeisenus
1532 2075 1750 2117 expectatur
1772 2071 1879 2106 meri-

209 2126 306 2171 biba,
331 2127 383 2171 ef.
410 2127 637 2172 Primogenia
661 2128 710 2168 (C.
730 2127 760 2162 l.
777 2127 818 2164 L.
838 2129 892 2168 14,
920 2129 1053 2170 2863),
1081 2127 1309 2172 albogalerus
1334 2126 1452 2170 (Paul.
1471 2127 1539 2169 10,
1563 2127 1628 2162 sed
1650 2127 1879 2171 albicapillus

208 2181 285 2217 Mil.
307 2183 400 2225 631),
424 2184 474 2218 ad
491 2184 594 2230 Capt.
617 2185 689 2219 726
783 2187 824 2218 78
849 2184 960 2219 schol.
987 2184 1117 2219 Veron.
1145 2184 1251 2230 Verq.
1277 2184 1343 2219 ecl.
1373 2185 1402 2226 7,
1425 2184 1474 2218 33
1497 2183 1551 2218 Pl.
1579 2183 1617 2218 in
1635 2183 1740 2219 Curc.
1765 2183 1879 2228 <cedo

208 2249 320 2283 puere
356 2240 518 2284 sin>um,
557 2242 593 2275 et
628 2241 870 2285 respondetur
901 2240 974 2276 ita:
1019 2240 1121 2285 quasi
1157 2243 1198 2276 tu
1237 2241 1402 2285 lagynam
1435 2240 1535 2276 dicas
1570 2241 1609 2274 in
1645 2251 1717 2285 qua
1753 2240 1880 2276 Chium

210 2295 334 2330 uinum
358 2297 450 2332 solet:
473 2307 552 2333 esse
647 2298 734 2333 Chio
759 2297 811 2342 ef.
829 2295 941 2332 Poen.
965 2297 1050 2338 699,
1076 2296 1333 2332 Lachmannus
1356 2296 1393 2331 in
1412 2296 1518 2332 Lucr.
1545 2298 1580 2339 3,
1607 2297 1690 2340 374,
1717 2296 1880 2333 Bueche-

207 2351 306 2386 [erus
329 2362 418 2387 mus.
444 2351 559 2389 Rlzen.
586 2355 642 2396 41,
660 2355 732 2389 312
826 2356 868 2388 79
900 2364 990 2398 opus
1015 2356 1071 2388 est
1164 2355 1204 2388 80
1231 2353 1340 2397 (ego)
1368 2351 1517 2388 Guietus
1609 2355 1652 2388 84
1676 2353 1728 2398 cf.
1755 2352 1879 2388 Herm.

207 2408 266 2448 18,
286 2409 361 2443 586
367 2421 382 2450 ,·
405 2408 492 2444 ferri
516 2410 772 2446 Fleckeisenus
867 2412 908 2444 86
932 2409 1065 2444 fluuius
1091 2412 1146 2444 est
1239 2411 1281 2444 89
1306 2408 1408 2454 phite
1432 2408 1464 2443 V
1464 2407 1500 2443 E
1590 2412 1631 2444 90
1657 2412 1722 2445 aut
1742 2413 1879 2444 utrum-

207 2475 277 2509 que
307 2464 458 2501 induxit
480 2465 647 2502 Muretus
740 2467 900 2512 caparim
1016 2468 1057 2500 93
1084 2465 1185 2500 uidiu
1210 2465 1245 2500 B
1337 2466 1387 2510 cf.
1414 2466 1501 2500 160.
1526 2466 1615 2507 188,
1640 2465 1689 2500 acl
1713 2466 1778 2500 311
1785 2478 1800 2507 ;
1830 2465 1879 2501 ad

207 2520 428 2566 Amplz.120
475 2525 519 2558 96
542 2534 663 2559 ιιι-ΕΗΔ
689 2526 799 2566 (nam
823 2517 911 2565 VEJ
931 2533 1025 2558 ANVS
1049 2532 1167 2556 mmm
1182 2521 1257 2556 BV
1258 2521 1294 2556 E
1362 2522 1496 2557 cantici
1511 2521 1695 2557 lectionem
1714 2526 1748 2557 et
1763 2526 1878 2557 metra

208 2578 378 2613 tractavit
402 2577 652 2615 Bueclzelerus
665 2581 702 2614 in
725 2578 918 2624 Woefflc'm'
933 2578 1030 2613 arole.
1049 2579 1081 2620 1,
1098 2579 1167 2612 112
1184 2583 1219 2612 et
1244 2589 1332 2612 mus.
1359 2577 1474 2613 Rhea.
1491 2578 1551 2619 39,
1568 2579 1649 2612 285
1660 2589 1712 2624 sq.
1722 2590 1736 2619 ;
1762 2578 1814 2622 cf.
1833 2577 1877 2613 ib.

207 2634 273 2675 40,
293 2635 363 2669 173
374 2645 427 2680 sq.
452 2634 525 2669 199
620 2636 675 2668 96.
694 2637 734 2669 97
766 2646 890 2671 versus
923 2634 1104 2681 Dz'plzz'lei;
1134 2635 1185 2679 ef.
1213 2634 1289 2669 Cas.
1311 2635 1382 2669 644
1476 2637 1518 2669 96
1544 2634 1708 2670 obiectus
1733 2637 1788 2669 est

207 2692 246 2724 97
273 2691 427 2735 prolicet
443 2690 495 2725 B¹
587 2692 630 2725 98
643 2700 695 2736 sq.
714 2691 807 2738 disp.
824 2691 878 2726 B:
903 2691 975 2728 Vbi
989 2691 1145 2735 —lepos
1167 2690 1172 2735 l
1193 2690 1242 2725 Vt
1256 2710 1297 2715 ——
1312 2692 1533 2734 unguentum
1554 2693 1557 2733 l
1581 2689 1678 2725 Odor
1693 2711 1731 2715 -
1749 2691 1875 2726 cinna-

206 2757 302 2781 mum
323 2748 327 2790 Ι
350 2747 406 2782 Tu
431 2767 473 2773 --
498 2746 623 2782 telium
715 2748 766 2793 cf.
793 2747 900 2794 Epiri.
925 2749 990 2782 171
1016 2747 1147 2782 Pseud.
1163 2747 1244 2781 240
1339 2750 1401 2781 100
1427 2749 1528 2781 vetus
1554 2747 1606 2781 tui
1632 2747 1691 2786 (tis
1715 2746 1875 2793 Spenqe·

209 2802 306 2841 ζέων
336 2804 468 2839 vetusti
586 2807 645 2838 101
673 2804 765 2840 odor
793 2805 876 2840 item
907 2803 1050 2840 Nonius
1076 2805 1100 2838 8
1205 2813 1272 2848 pro
1306 2802 1357 2838 B¹
1466 2805 1600 2839 nautea
1630 2806 1686 2839 est
1715 2802 1874 2839 Nouius.-

207 2869 343 2894 nausea
369 2862 397 2900 (t
412 2870 490 2906 sap.
509 2870 526 2894 s
546 2859 609 2902 B2)
634 2862 690 2895 est
712 2862 759 2900 <st
777 2860 841 2903 ΒΞ)
872 2859 1003 2903 VEB2,
1029 2871 1097 2895 om.
1122 2859 1173 2895 B¹

2007 978 2018 1010 ἡ
