1998 3179
96 72 110 99 1
132 74 158 106 1,
175 72 277 100 ,ις-72
769 67 1094 105 CISTELLARIA
1676 67 1754 105 277

102 187 196 228 SEL.
245 188 294 225 At
323 185 444 225 satius
474 184 600 223 fuerat
630 195 714 223 eam
744 183 825 222 viro
857 183 950 222 dare
981 188 1149 234 nuptum
1180 181 1323 234 potius.
1382 181 1521 221 LENA.
1573 181 1681 230 Heia,

102 255 198 293 haec
229 253 385 305 quidem
421 257 572 292 ecastor
603 251 761 291 cottidie
793 250 878 290 viro
910 250 1034 296 nubit,
1067 250 1280 302 nupsitque
1309 248 1439 297 hodie,

104 321 224 361 nubet
254 334 344 360 mox
374 326 514 359 noctu:
549 330 763 369 numquam
795 329 868 368 ego
899 317 1000 356 hanc
1030 318 1183 356 viduam
1215 317 1359 356 cubare
1389 317 1470 355 sivi.

103 400 193 427 nam
223 388 254 427 si
286 388 380 426 haec
411 400 490 426 non
524 386 656 433 nubat,
688 385 844 434 lugubri
875 385 975 423 fame
1007 385 1147 423 familia
1177 390 1323 436 pereat.
1785 391 1824 424 45

102 454 248 495 Gnm.
297 455 465 493 Necesse
496 459 566 501 est,
597 465 675 504 quo
705 459 747 492 tu
779 464 839 491 me
871 452 987 490 modo
1018 451 1123 490 voles
1153 463 1251 497 esse,
1282 451 1333 490 ita
1365 463 1461 498 esse,
1493 457 1629 490 mater.

102 521 239 562 LENA.
289 521 452 560 Ecastor
481 520 585 559 haud
616 532 677 558 me
707 519 893 571 paenitet,
924 518 957 557 si
987 523 1030 557 ut
1059 517 1155 556 dicis
1185 518 1236 556 ita
1267 519 1397 557 futura
1436 531 1489 559 es,

103 601 192 627 nam
222 589 254 628 si
285 588 443 639 quidem
472 588 523 627 ita
555 587 632 625 eris
662 593 706 625 ut
734 586 835 636 volo,
869 596 1083 635 numquam
1115 590 1270 623 senecta
1304 587 1372 624 fies

102 667 334 707 semperque
365 655 475 694 istam
508 666 624 705 quam
656 665 764 692 nunc
794 652 914 691 habes
946 651 1152 690 aetatulam
1185 651 1393 702 opfinebis,

101 722 311 773 multisque
342 722 484 760 damno
516 726 553 759 et
582 720 675 759 mihi
706 720 817 759 lucro
848 719 933 758 sine
968 731 1055 757 meo
1087 730 1203 769 saepe
1234 718 1312 757 eris
1343 725 1513 769 sumptu.
1788 726 1825 758 50

101 789 247 829 Gnm.
297 788 344 828 Di
364 788 498 827 faxint.
557 788 694 827 LENA.
748 787 842 826 Sine
864 798 981 838 opera
1004 792 1069 825 tua
1100 786 1137 824 di
1160 786 1313 824 horunc
1335 785 1389 824 nil
1420 786 1547 824 facere
1577 792 1758 837 possunt.

101 855 246 896 Gmm.
299 855 488 907 Equidem
513 855 642 894 hercle
664 855 801 893 addam
826 866 985 905 operam
1009 853 1166 901 sedulo;
1197 852 1264 891 sed
1295 859 1335 892 tu
1359 854 1468 891 aufer
1488 853 1605 893 istaec
1626 853 1756 893 verba.

101 936 211 964 meus
241 923 390 971 oculus,
421 935 506 962 mea
538 922 749 969 Selenium,
783 933 997 972 numquam
1029 933 1100 971 ego
1131 926 1169 959 te
1201 920 1412 959 tristiorem

99 992 173 1031 vidi
205 1003 303 1031 esse.
363 990 469 1042 quid,
502 990 611 1036 cedo,
643 996 680 1028 te
713 989 987 1028 obsecro-tam
1018 987 1204 1026 abhorret
1234 986 1472 1026 hilaritudo?

102 1070 230 1110 neque
262 1057 409 1097 munda
439 1059 612 1109 adaeque
644 1070 698 1104 es,
729 1063 773 1095 ut
803 1056 904 1095 soles
933 1056 1024 1104 (1100
1055 1055 1108 1094 sis
1138 1054 1234 1101 vide,
1267 1062 1310 1093 ut
1340 1054 1475 1106 petivit
1788 1063 1826 1095 55

101 1126 329 1178 suspiritum
361 1125 451 1175 alte)
482 1131 520 1164 et
550 1124 689 1176 pallida
721 1136 774 1164 es.
835 1123 1020 1174 eloquere
1052 1129 1264 1173 utrumque
1296 1122 1422 1169 nobis,

102 1199 140 1233 et
169 1194 259 1245 quid
291 1192 362 1232 tibi
394 1199 452 1232 est
481 1198 520 1231 et
551 1191 642 1243 quid
675 1191 766 1231 velis
796 1197 971 1230 nostram
1003 1202 1175 1241 operam,
1210 1195 1250 1228 ut
1283 1202 1353 1228 nos
1384 1190 1562 1230 sciamus.

105 1262 194 1307 noli,
226 1261 404 1307 obsecro,
437 1260 617 1299 lacrumis
647 1259 724 1298 tuis
754 1259 807 1297 mi
839 1258 1053 1297 exercitum
1084 1258 1289 1308 imperare.

101 1383 196 1424 SEL.
247 1383 334 1422 Med
366 1383 561 1430 excrucio,
593 1394 677 1420 mea
709 1381 981 1434 Gymnasium:
1015 1380 1114 1419 male
1145 1380 1237 1418 mihi
1269 1386 1339 1427 est,
1370 1380 1469 1419 male
1499 1392 1696 1427 macerem

101 1451 213 1490 doleo
245 1450 292 1489 ab
324 1451 468 1497 animo,
500 1450 612 1489 doleo
644 1449 690 1488 ab
723 1449 859 1496 oculis,
890 1448 1002 1487 doleo
1035 1448 1081 1486 ab
1113 1446 1368 1498 aegritudine.
1792 1457 1829 1488 60

101 1518 192 1570 quid
225 1518 363 1565 dicam,
395 1517 469 1557 nisi
500 1517 662 1556 stultitia
693 1528 777 1555 mea
810 1528 869 1555 me
901 1516 941 1554 in
975 1526 1191 1554 maerorem
1224 1513 1337 1565 rapi?

102 1584 247 1625 Gnm.
297 1584 471 1623 Indidem
503 1585 608 1623 unde
640 1584 765 1623 oritur
794 1583 911 1622 facito
945 1589 986 1622 ut
1015 1582 1131 1621 facias
1162 1582 1365 1622 stultitiam
1395 1581 1649 1633 sepelibilem.

102 1653 197 1692 SEL.
247 1652 348 1698 Quid
381 1651 547 1691 faciam?
606 1651 752 1691 GYMN.
804 1651 847 1689 In
880 1650 1049 1689 latebras
1079 1650 1295 1689 abscondas
1326 1655 1485 1701 pectore
1508 1650 1762 1701 penitissime.

102 1726 206 1759 tuam
237 1719 439 1760 stultitiam
470 1719 551 1759 sola
584 1719 698 1758 facito
730 1725 772 1758 ut
803 1721 901 1757 scias
931 1718 1015 1757 sine
1048 1717 1130 1756 aliis
1161 1716 1328 1756 arbitris.

102 1787 197 1828 Sffl..
247 1788 296 1826 At
317 1786 411 1826 mihi
433 1786 649 1825 cordolium
671 1792 741 1825 est.
801 1786 948 1825 GYMN.
999 1783 1130 1830 Quid?
1163 1785 1198 1823 id
1232 1785 1336 1823 unde
1358 1790 1416 1823 est
1438 1782 1506 1822 tibi
1528 1782 1625 1823 cor?
1657 1797 1763 1823 com-

1263 1863 1435 1890 memora
1466 1851 1650 1899 obsecr03
1793 1861 1830 1893 65

46 1973 47 1978 1
103 1922 204 1972 quod
241 1934 369 1972 neque
401 1934 472 1973 ego
512 1920 636 1960 habeo
669 1933 797 1971 neque
837 1920 1041 1971 quisquam
1074 1919 1142 1957 alia
1175 1918 1332 1966 mulier,
1369 1926 1411 1958 ut
1440 1919 1651 1970 perhibent
1680 1919 1763 1958 viri.

103 1989 197 2030 SEL.
231 1988 366 2040 Siquid
386 1996 445 2028 est
461 1989 562 2039 quod
582 1989 721 2035 doleat,
743 1987 868 2034 dolet;
890 1987 921 2026 si
939 1988 1068 2025 autem
1086 1998 1166 2024 non
1185 1993 1243 2025 est
1258 2009 1311 2015 --
1328 1992 1457 2025 tamen
1477 1986 1551 2025 hoc
1568 1987 1629 2025 hic
1646 1986 1763 2025 dolet.

102 2055 248 2096 GYMN.
264 2057 378 2095 Amat
392 2056 487 2095 haec
498 2056 649 2095 mulier.
686 2056 781 2095 SEL.
800 2054 883 2093 Eho
895 2066 943 2092 an
957 2065 1084 2092 amare
1103 2053 1282 2105 occipere
1299 2065 1471 2092 amarum
1486 2061 1555 2101 est,
1574 2051 1765 2093 obsecro?

104 2123 248 2164 GYMN.
300 2124 474 2175 Namque
507 2128 658 2163 ecastor
688 2123 807 2161 Amor
838 2127 876 2160 et
904 2121 1018 2160 melle
1050 2126 1087 2159 et
1119 2120 1205 2160 felle
1237 2128 1296 2160 est
1326 2121 1647 2169 fecundissimus;

103 2191 231 2242 gustui
263 2191 327 2230 dat
358 2190 491 2237 dulce,
524 2202 697 2229 amarum
729 2190 775 2228 ad
807 2189 1019 2228 satietatem
1053 2200 1177 2239 usque
1208 2188 1372 2239 oggerit.
1795 2198 1833 2229 το

216 2293 259 2325 42
283 2291 431 2325 nomina
449 2290 553 2325 addit
573 2290 621 2324 B²
715 2293 756 2324 43
783 2289 915 2324 cotidie
1007 2291 1048 2322 45
1074 2288 1225 2323 lucubre
1317 2290 1359 2323 48
1379 2289 1525 2322 senecta
1540 2286 1601 2320 L..·
1625 2289 1661 2321 et
1677 2287 1768 2321 haec

103 2349 162 2382 ate
188 2346 282 2382 B¹V
281 2345 318 2381 E
324 2374 335 2389 ‚
358 2348 510 2382 haecate
538 2346 587 2380 3²
610 2345 784 2388 (Hecalen
809 2345 1009 2380 intulerunt
1033 2348 1159 2379 contra
1185 2344 1366 2390 inqem'am
1388 2343 1541 2388 fabulae
1560 2342 1770 2384 Romanae).

105 2402 154 2438 ad
168 2402 362 2438 ablativum
380 2404 528 2437 senecta
545 2402 609 2446 (cf.
632 2401 763 2437 Bacch.
781 2402 893 2441 1079)
912 2401 1108 2446 anticipari
1125 2400 1205 2435 (lico
1222 2399 1417 2435 aetatulam
1425 2413 1437 2440 ,·
1454 2398 1506 2443 cs.
1524 2397 1629 2432 Mosc.
1650 2398 1727 2432 217

105 2457 267 2494 Herond.
292 2459 324 2501 1,
352 2459 402 2493 89
425 2457 510 2503 ἐμοὶ
534 2458 573 2494 δὲ
600 2455 781 2504 Μυρτάλη
806 2471 846 2493 τε
870 2459 933 2493 καὶ
959 2458 1059 2503 Σίμη
1084 2455 1165 2492 νέαι
1188 2456 1349 2500 μένοιεν,
1375 2454 1487 2489 Νασυ.
1514 2464 1602 2488 com.
1629 2454 1679 2487 36

106 2516 145 2548 51
173 2524 232 2549 GY.
257 2513 340 2549 ada.
360 2514 411 2548 B²
502 2514 593 2549 nihil
609 2514 646 2548 di
663 2516 800 2549 horunc
818 2516 987 2555 (horrunc
1005 2512 1050 2554 E)
1072 2512 1102 2547 V
1105 2511 1141 2547 E
1231 2515 1272 2546 52
1286 2511 1407 2546 hercle
1424 2511 1473 2555 cf.
1495 2510 1627 2545 Gellius
1651 2510 1704 2551 11,
1724 2510 1767 2551 6,·

104 2570 198 2605 hanc
214 2568 430 2616 Seyffertas,
445 2570 536 2615 fort.
555 2580 638 2614 ergo
663 2570 827 2614 equidem
897 2568 1001 2605 aufer
1027 2568 1234 2614 Vssz'uyias:
1259 2568 1354 2602 inter
1424 2569 1464 2599 53
1484 2565 1648 2600 silenium
1666 2564 1701 2599 B

106 2627 146 2659 57
173 2625 262 2662 uelit
354 2628 395 2661 58
420 2626 600 2662 exercitus
622 2630 661 2660 ut
679 2625 772 2661 Rud.
790 2627 880 2669 296,
903 2625 966 2660 sed
989 2625 1166 2671 ambiyae,
1191 2624 1241 2668 cf.
1264 2623 1363 2669 Capt.
1381 2623 1451 2657 153
1544 2624 1585 2656 59
1610 2632 1690 2656 mea
1706 2632 1768 2656 ex-

107 2681 260 2724 crucior,
284 2683 432 2717 correxi
525 2685 565 2717 61
590 2682 706 2726 rapit,
738 2692 832 2716 corr.
862 2681 1072 2717 Gulielmius
1166 2682 1207 2714 62
1230 2680 1320 2724 fort.
1346 2678 1426 2713 face
1450 2678 1513 2723 (cf.
1543 2678 1609 2720 64,
1635 2677 1766 2713 Pseud.

106 2738 184 2773 157.
201 2738 287 2780 166)
380 2741 421 2773 63
445 2739 580 2775 condas
597 2738 737 2783 pectori
757 2737 940 2774 Charisius
956 2738 1031 2772 190
1124 2740 1166 2771 65
1193 2746 1255 2771 cor
1273 2734 1479 2770 Bentleius:
1504 2734 1703 2770 cordolium

107 2796 148 2827 67
174 2793 384 2838 siquidemst
409 2793 449 2835 V,
474 2795 648 2839 siquidem
672 2793 708 2828 Ε
799 2798 839 2828 ΤΟ
866 2793 1048 2829 accedit
1071 2795 1124 2833 A;
1146 2802 1267 2837 pauca
1292 2791 1463 2836 leqzmtur
1486 2801 1516 2826 v.
1538 2791 1681 2825 70—76

107 2851 242 2895 gu[stu]
266 2849 353 2891 ΑΡ,·
376 2860 442 2895 eqo
467 2854 621 2896 expecto
647 2851 710 2885 sed
733 2852 842 2894 gustu
