1998 3179
119 83 148 111 11
161 84 188 118 5,
206 84 300 117 40—6.
319 84 352 111 21
944 78 1083 115 CASIN
1087 82 1120 114 A
1690 75 1712 111 2
1719 75 1768 112 41

321 210 410 236 nam
441 208 580 236 omnes
610 195 791 234 mortales
821 194 879 233 dis
908 199 1001 233 sunt
1030 192 1130 239 freti,
1161 192 1227 231 sed
1257 197 1385 230 tamen

319 265 394 303 vidi
425 277 495 316 ego
527 264 584 304 dis
615 264 734 302 fretos
764 275 879 314 saepe
908 261 1052 300 multos
1081 260 1220 311 decipi.

317 333 417 373 LYS.
449 333 505 380 St,
525 335 609 372 tace
629 343 850 383 parumper.
901 330 975 370 01..
1012 329 1112 374 Quid
1132 326 1217 367 vis?
1261 327 1360 366 LYs.
1401 326 1547 365 Eccum
1569 325 1647 363 exit
1668 325 1770 364 foras
1783 334 1840 367 350

319 399 503 439 Chalinus
532 400 637 438 intus
667 411 756 438 cum
786 397 907 437 sitella
940 403 977 435 et
1006 396 1189 435 sortibus.

319 479 426 506 nunc
455 479 528 506 nos
558 466 722 505 conlatis
750 465 871 514 signis
901 462 1223 514 depugnabimus.

758 551 1128 594 CLEOSTRATA
1677 550 1722 589 II
1745 553 1767 590 6

116 623 228 669 Face,
260 622 428 669 Chaline‚
459 621 666 661 certiorem
698 633 771 665 me,
805 620 896 670 quid
928 632 1038 657 meus
1068 619 1125 657 vir
1157 630 1216 656 me
1246 618 1347 656 velit.

792 707 1087 748 CHALINVS

113 779 179 817 llle
211 778 349 829 edepol
377 778 506 816 videre
537 777 738 815 ardentem
771 782 807 814 te
839 782 943 814 extra
974 781 1123 827 portam
1156 780 1362 812 mortuam.

110 845 285 886 CLEOST.
323 845 444 884 Credo
462 851 612 883 ecastor
632 844 740 883 velle.
787 843 921 883 CHAL.
961 845 1008 881 At
1028 842 1094 893 pol
1115 854 1186 892 ego
1207 841 1284 879 hau
1305 841 1436 887 credo,
1461 840 1527 880 sed
1550 847 1657 879 certo
1675 841 1768 880 scio.
1782 849 1839 880 355

110 913 209 953 LYs.
258 913 348 951 Plus
377 911 566 951 artificum
598 917 656 950 est
684 911 779 950 mihi
817 922 931 961 quam
963 910 1095 949 rebar:
1137 909 1330 948 hariolum
1360 909 1466 947 hunc
1497 907 1620 947 habeo
1652 908 1768 947 domi.

111 979 204 1030 quid
233 980 265 1019 si
294 980 457 1032 propius
487 979 706 1018 attollamus
737 978 844 1028 signa
876 989 1086 1028 eamusque
1118 974 1300 1014 obviam?

111 1059 287 1098 sequere.
319 1047 412 1098 quid
440 1060 509 1086 vos
539 1044 678 1096 agitis?
736 1045 870 1086 CHAL.
923 1045 1073 1083 Adsunt
1108 1055 1206 1094 quae
1238 1043 1473 1095 imperavisti
1506 1043 1655 1082 onmia:

111 1126 222 1160 uxor,
254 1120 390 1162 sortes,
422 1114 534 1153 situla
556 1120 673 1164 atque
695 1119 860 1165 egomet.
906 1112 981 1152 OL.
1013 1112 1067 1150 Te
1088 1123 1168 1149 uno
1192 1111 1299 1150 adest
1328 1111 1416 1162 plus
1439 1123 1554 1162 quam
1576 1124 1648 1162 ego
1669 1111 1769 1150 volo.

109 1180 242 1221 CHAL.
292 1181 379 1220 Tibi
409 1181 565 1231 quidem
596 1180 735 1232 edepol
765 1180 815 1218 ita
847 1179 1020 1226 videtum
1051 1178 1232 1229 stimulus
1262 1190 1333 1230 ego
1365 1191 1473 1217 nunc
1504 1191 1589 1217 sum
1622 1178 1704 1226 tibi,
1783 1186 1838 1217 360

109 1249 236 1287 fodico
269 1248 491 1296 corculum;
524 1248 745 1287 adsudascis
776 1248 850 1286 iam
882 1260 926 1286 ex
960 1253 1077 1293 metu,
1109 1246 1296 1296 mastigia.

108 1316 155 1356 L.
180 1316 294 1364 Tace,
317 1316 487 1355 Chaline.
518 1316 594 1357 CH.
621 1315 842 1367 Comprime
860 1315 988 1353 istum.
1020 1313 1095 1352 OL.
1124 1312 1245 1351 Immo
1263 1313 1404 1357 istunc,
1427 1312 1493 1362 qui
1515 1313 1647 1352 didicit
1668 1313 1770 1352 dare.

108 1384 208 1424 LYs.
258 1384 421 1435 Adpone
451 1383 514 1422 hic
544 1383 718 1429 sitellam,
750 1383 866 1422 sortis
896 1382 992 1420 cedo
1023 1380 1130 1418 mihi.
1163 1380 1335 1419 animum
1367 1380 1568 1418 advortite.

110 1457 225 1502 atque
257 1463 328 1502 ego
360 1449 495 1489 censui
526 1461 595 1500 aps
625 1456 664 1488 te
694 1462 809 1501 posse
839 1449 915 1488 hoc
946 1461 1008 1487 me
1039 1448 1260 1498 impetrare,
1294 1460 1390 1486 uxor
1420 1459 1518 1494 mea,

110 1518 246 1557 Casina
278 1524 321 1556 ut
351 1529 449 1556 uxor
478 1517 573 1555 mihi
605 1517 782 1564 daretur;
815 1523 853 1555 et
885 1528 991 1555 nunc
1023 1516 1137 1554 etiam
1170 1527 1327 1553 censeo.
1783 1525 1840 1556 365

110 1585 284 1625 CLEOST.
324 1584 412 1623 Tibi
433 1585 590 1623 daretur
620 1583 710 1623 illa?
760 1584 860 1624 LYs.
901 1583 992 1622 Mihi
1021 1583 1125 1621 enim
1148 1606 1199 1611 —
1224 1582 1284 1628 ah,
1317 1594 1396 1620 non
1430 1581 1466 1620 id
1487 1581 1589 1620 volui
1621 1582 1769 1620 dicere:

111 1654 202 1692 dum
232 1652 326 1692 mihi
356 1652 471 1699 volui,
511 1651 602 1690 huic
632 1651 721 1699 dixi,
753 1659 868 1702 atque
899 1651 994 1689 adeo
1025 1650 1119 1688 mihi
1150 1649 1241 1688 dum
1272 1649 1387 1700 cupio
1418 1671 1473 1677 —
1503 1662 1707 1701 perperam

111 1721 185 1759 iam
216 1720 360 1759 dudum
392 1719 522 1758 hercle
554 1719 717 1758 fabulor.
775 1718 950 1758 CLEOST.
1000 1718 1070 1757 Pol
1099 1724 1141 1756 tu
1174 1717 1342 1767 quidem,
1373 1722 1489 1767 atque
1521 1717 1633 1756 etiam
1667 1717 1772 1756 sacis.

109 1788 209 1827 LYs.
241 1787 340 1826 Huic
360 1810 414 1816 —
435 1787 554 1825 immo
585 1786 715 1825 hercle
737 1786 830 1824 mihi
852 1808 906 1813 —
928 1786 1012 1832 vah,
1044 1785 1199 1824 tandem
1223 1784 1318 1823 redii
1350 1784 1408 1822 vix
1440 1797 1567 1823 veram
1599 1785 1637 1824 in
1660 1785 1771 1824 viam.

109 1854 283 1895 CLEOST.
324 1855 397 1893 Per
416 1854 483 1906 pol
503 1867 617 1905 saepe
639 1866 790 1906 peccas.
840 1853 939 1893 LYs.
980 1853 1034 1892 lta
1056 1854 1110 1899 fit,
1133 1852 1199 1891 ubi
1220 1852 1313 1903 quid
1334 1858 1441 1890 tanto
1465 1864 1583 1903 opere
1604 1860 1772 1904 expetas.
1788 1862 1842 1893 3ῖο

111 1922 177 1961 sed
200 1928 236 1961 te
257 1928 424 1973 uterque
445 1928 513 1960 tuo
536 1934 607 1972 pro
630 1922 728 1967 iure,
760 1934 832 1972 ego
855 1927 970 1971 atque
1002 1920 1078 1968 hic,
1110 1932 1278 1959 oramus.
1337 1919 1512 1959 CLEOST.
1563 1920 1663 1966 Quid
1687 1919 1772 1960 est?

109 1989 208 2030 LYs.
259 1989 393 2028 Dicam
423 1989 540 2033 enim,
572 2001 655 2027 mea
687 1989 830 2028 mulsa:
864 1989 910 2027 de
941 1989 1035 2028 istac
1067 1988 1204 2027 Casina
1236 1988 1326 2026 huic
1358 1994 1494 2027 nostro
1525 1988 1635 2026 vilico

109 2057 269 2108 gratiam
300 2057 428 2096 facias.
489 2057 665 2097 CLEOST.
715 2059 763 2096 At
793 2057 857 2108 pol
890 2070 961 2108 ego
994 2059 1123 2107 neque
1154 2056 1252 2095 facio
1284 2068 1412 2107 neque
1445 2068 1603 2096 censeo.

223 2156 288 2189 349
313 2155 348 2189 d.
367 2154 411 2190 f.:
430 2155 583 2190 disertos
608 2154 677 2189 VE
766 2155 893 2199 decepi
920 2154 989 2189 VE
1076 2157 1141 2189 350
1168 2154 1202 2189 S.
1222 2166 1258 2190 ς.·
1283 2165 1350 2188 om.
1446 2164 1483 2188 s*
1512 2160 1616 2195 (eras.
1643 2153 1705 2192 t?)
1726 2153 1772 2195 B.

111 2210 174 2245 sed
195 2209 264 2245 ΥΕ
329 2221 476 2255 parum*
495 2214 599 2250 (eras
616 2222 639 2256 p
653 2211 682 2253 ‘?)
701 2211 746 2252 B,
771 2222 899 2255 parum
922 2210 991 2245 ΓΕ
1067 2213 1129 2245 351
1151 2210 1290 2245 catinus
1361 2213 1426 2245 352
1446 2210 1640 2245 consolatis
1663 2210 1692 2243 V
1695 2209 1731 2244 E
1794 2223 1802 2238 r

111 2266 395 2311 depugnauimus
429 2266 558 2301 B¹VE
669 2270 734 2301 353
767 2278 908 2302 mvaR
939 2277 1074 2302 SERVVS
1098 2277 1214 2301 mmm
1241 2265 1354 2300 BVE
1443 2277 1498 2301 me
1528 2266 1612 2310 quid
1638 2265 1772 2301 Lond..·

112 2323 238 2366 equide
273 2322 374 2364 B¹V‚
407 2323 572 2367 equidem
606 2322 691 2357 EB2
788 2334 845 2358 me
876 2324 933 2357 uir
958 2336 975 2360 ς
1090 2326 1155 2357 354
1185 2324 1360 2365 metuam,
1393 2333 1487 2357 corr.
1514 2321 1730 2358 Rilsclzelz'us

113 2380 176 2412 355
201 2379 308 2414 crede
332 2377 403 2413 VE
489 2379 619 2414 uellem
645 2379 675 2413 V
676 2378 764 2414 ΕΒ2
857 2380 892 2414 O.
916 2382 1000 2424 post
1025 2389 1089 2423 ego
1110 2379 1155 2421 Β,
1180 2390 1246 2413 οηι.
1275 2377 1343 2412 VE
1363 2381 1416 2418 (ut
1438 2378 1519 2422 fere
1536 2379 1683 2413 nomina
1703 2389 1774 2424 per

112 2432 204 2469 hanc
226 2438 418 2477 scaenam),
450 2444 547 2470 corr.
570 2433 713 2470 Parcus
781 2436 880 2470 haud
899 2435 962 2477 B2,
986 2435 1075 2470 haut
1100 2434 1131 2469 V
1223 2437 1287 2468 356
1311 2435 1402 2470 abeo
1430 2433 1502 2468 BE
1591 2437 1653 2468 357
1679 2438 1773 2470 atto-

111 2488 224 2526 lamus
242 2490 370 2532 Lond„
396 2492 446 2533 cf.
474 2490 610 2526 Keilius
634 2491 683 2526 ad
706 2491 822 2527 Diom.
841 2492 932 2533 380,
955 2493 1001 2526 19
1093 2491 1281 2535 famusque
1301 2490 1422 2525 B¹VE
1515 2492 1578 2525 358
1603 2491 1773 2536 impetra-

113 2545 198 2582 uisti
214 2546 264 2582 B¹
281 2552 322 2582 ut
337 2547 419 2589 vid„
444 2547 513 2582 VE
602 2550 667 2582 359
686 2547 726 2583 O.
745 2547 992 2593 Lademzyius:
1009 2548 1033 2583 S
1055 2547 1086 2582 Β
1179 2550 1239 2581 361
1262 2558 1303 2582 eo
1322 2547 1415 2588 dico,
1435 2557 1528 2581 corr.
1542 2546 1730 2582 Bentleius

112 2602 250 2638 adsuda
266 2603 336 2639 scis
361 2606 394 2646 (c
410 2614 489 2649 sup.
507 2608 554 2646 v.)
572 2604 619 2646 B,
644 2605 837 2640 adsudasis
863 2604 931 2639 VE
1036 2606 1101 2639 362
1124 2604 1166 2639 L.
1193 2603 1357 2638 Merula:
1380 2603 1418 2637 M
1448 2603 1479 2637 Β
1554 2603 1627 2638 CH.
1655 2603 1775 2639 Came-

112 2657 252 2692 rarius:
275 2669 344 2701 om.
435 2659 555 2695 istunc
657 2660 752 2696 istuc
779 2660 830 2695 B¹
932 2661 992 2706 qui
1016 2660 1144 2695 didicit
1167 2659 1333 2705 Lipsius:
1357 2658 1444 2702 quid
1468 2658 1557 2694 dicit
1648 2659 1775 2694 vilicus

113 2713 288 2748 urbanum
313 2715 402 2751 dicit
504 2719 568 2751 363
594 2717 746 2752 aduorte
771 2716 806 2751 B
910 2719 975 2751 364
999 2727 1054 2752 me
1079 2715 1293 2751 Lambinus:
1315 2725 1455 2749 mecum
1561 2718 1625 2751 369
1651 2717 1730 2751 redi

114 2768 176 2804 uix
198 2780 321 2806 ueram
347 2771 398 2806 B:
422 2772 583 2807 uixeram
610 2772 677 2807 VE
766 2776 830 2808 370
856 2773 972 2808 denuo
992 2778 1124 2819 peccat
1216 2774 1277 2806 371
1306 2774 1415 2815 atque
1432 2782 1511 2815 eg0,
1535 2783 1627 2808 corr.
1656 2772 1772 2808 Came-

113 2825 236 2860 rarius
327 2829 389 2862 373
415 2829 472 2863 vel
493 2839 561 2863 nec
585 2829 680 2864 facio

178 2885 303 2915 Plautus
320 2888 345 2916 1.
1461 2886 1502 2919 16
