1998 3179
61 95 91 125 11
111 97 139 130 3,
151 96 263 124 11—111
285 96 312 128 1,
326 96 358 123 13
786 92 1011 129 EPIDICVS
1639 90 1716 128 357

333 205 493 263 (quae),
524 208 616 247 dum
646 220 728 248 rem
760 208 893 247 dinam
923 207 1081 255 faceret,
1111 211 1286 246 cantaret
1315 204 1410 253 sibi3

336 288 380 316 ea
410 275 655 315 conducetur
685 282 801 327 atque
832 275 866 314 ei
897 273 1275 326 praemonstrabitur

333 355 411 394 quo
442 348 555 394 pacto
585 343 652 382 fiat
681 342 844 383 subdola
875 342 1057 381 adversus
1087 353 1233 381 senem.

334 411 399 450 ibo
430 411 550 457 intro,
581 417 786 462 argentum
817 410 1003 461 accipiam
1034 409 1082 450 ab
1113 410 1303 448 damnoso
1335 420 1440 448 sene.
1474 430 1526 436 —

669 555 1120 596 STRATIPPOCLES
1611 554 1678 593 III
1701 556 1722 593 1

334 634 586 687 Expectando
618 635 763 674 exedor
792 636 912 673 miser
941 639 1056 684 atque
1087 635 1308 679 exentemr,
1734 639 1792 671 320

335 706 412 754 quo
443 703 558 742 modo
590 702 641 741 mi
673 691 822 753 Epidici
855 701 994 740 blanda
1026 700 1127 740 dicta
1160 703 1338 740 evenant.

334 770 450 810 nimis
479 770 546 810 diu
576 772 773 808 maceror:
805 771 908 809 sitne
939 769 1030 820 quid
1062 771 1190 808 necne
1220 768 1280 815 sit,

334 840 434 877 scire
466 837 594 889 cupio.

689 971 1099 1012 CHAERIBVLVS

606 1052 681 1091 Per
710 1051 814 1091 illam
845 1051 915 1090 tibi
945 1051 1097 1103 copiam

65 1122 218 1172 copiam
250 1131 391 1173 parare
421 1119 532 1159 aliam
563 1119 674 1159 licet:
706 1119 799 1159 scivi
831 1119 1012 1170 equidem
1043 1120 1083 1158 in
1115 1118 1311 1171 principio
1343 1117 1432 1157 ilico

234 1187 381 1227 nullam
412 1187 482 1226 tibi
513 1200 598 1227 esse
628 1190 668 1226 in
701 1187 765 1226 illo
798 1188 962 1239 copiam.
1021 1187 1117 1228 STR.
1168 1186 1304 1226 Interii
1335 1186 1466 1225 hercle
1498 1198 1583 1236 ego.
1736 1191 1794 1223 325

64 1255 229 1296 CHAER.
284 1242 460 1295 Absurde
491 1255 584 1295 facis
624 1255 691 1306 qui
731 1258 849 1306 angas
880 1261 918 1293 te
948 1254 1090 1300 animi;
1131 1255 1161 1293 si
1192 1254 1324 1293 hercle
1363 1266 1435 1305 ego
1467 1253 1574 1292 illum
1605 1252 1725 1292 semel

1246 1321 1457 1373 prender0‚

65 1392 282 1441 numquam
312 1390 485 1429 inridere
517 1402 589 1429 nos
619 1389 727 1428 illum
759 1389 926 1428 inultum
959 1390 1083 1429 sinam
1115 1401 1269 1428 servom
1299 1389 1513 1428 homiuem.

63 1457 229 1498 CHAER.
279 1457 381 1504 Quid
406 1457 514 1496 illum
535 1458 664 1496 facere
680 1460 748 1504 vis,
781 1457 859 1508 qui,
890 1456 959 1496 tibi
992 1457 1085 1508 quoi
1107 1457 1260 1496 divitiae
1277 1457 1381 1495 domi
1402 1459 1603 1495 maxumae
1621 1463 1726 1504 sunt,

62 1526 95 1565 is
127 1527 330 1565 nummum
363 1525 512 1565 nullum
544 1524 665 1564 habes
696 1537 826 1576 neque
856 1524 978 1564 sodali
1008 1531 1075 1563 tuo
1108 1525 1147 1563 in
1180 1532 1217 1563 te
1249 1525 1408 1576 copiast.
1655 1529 1724 1563 329.
1738 1529 1793 1561 330

62 1593 228 1634 CEAER.
251 1593 290 1633 Si
308 1593 439 1632 hercle
449 1592 626 1641 habeam,
643 1592 830 1644 pollicear
841 1592 995 1639 lubens,
1012 1605 1144 1632 verum
1163 1593 1307 1644 aliquid
1325 1593 1452 1643 aliqua
1469 1591 1598 1642 aliquo
1610 1591 1726 1630 modo

64 1661 245 1701 alicunde
275 1661 323 1700 ab
354 1661 474 1712 aliqui
504 1661 631 1712 aliqua
662 1660 733 1700 tibi
764 1673 853 1713 spes
885 1668 943 1701 est
974 1662 1058 1700 sore
1089 1660 1292 1700 meliorem
1324 1661 1536 1700 fortunam.

63 1729 159 1769 Sem.
208 1728 286 1768 Vae
308 1728 392 1776 tibi,
424 1728 612 1768 muricide
630 1729 761 1767 homo.
821 1729 983 1768 CHAER.
1034 1729 1109 1775 Qui
1133 1728 1202 1768 tibi
1228 1728 1337 1768 lubet
1357 1728 1449 1767 mihi
1472 1727 1571 1766 male
1591 1725 1728 1779 loqui?

62 1796 156 1836 STR.
208 1796 362 1848 Quippe
393 1799 436 1836 tu
467 1796 519 1835 mi
550 1796 693 1847 aliquid
725 1796 855 1848 aliquo
886 1798 1002 1836 modo
1034 1797 1214 1836 alicunde
1245 1796 1293 1835 ab
1324 1795 1517 1847 aliquibus
1546 1795 1659 1834 blatis

177 1965 242 1998 316
266 1963 394 2008 (quae)
418 1961 664 1997 Buechelerus
688 1973 775 1997 mus.
801 1962 917 1999 Rhen.
944 1964 1001 2005 35,
1023 1964 1110 2005 629,
1136 1963 1198 2008 qui
1222 1963 1420 1999 vindicavit
1442 1963 1580 2007 dinam3
1606 1963 1655 2008 ef.
1680 1962 1730 1998 ad

65 2018 169 2054 True.
194 2019 274 2054 307
385 2019 506 2054 dinam
540 2019 609 2053 B1:
644 2019 801 2055 divinam
925 2022 990 2054 320
1028 2029 1320 2055 STRATIPPOCLES
1358 2022 1665 2061 (STRATffnocms
1690 2017 1728 2061 Ι)

63 2084 292 2110 οΗΕΒῐΒοῑΝε
316 2085 594 2110 ADOLESCENTES
621 2080 707 2117 (Dvo
737 2075 819 2110 add.
847 2074 886 2115 1)
915 2075 1012 2110 ΒΕ]
1123 2079 1187 2111 320
1205 2086 1259 2121 sq.
1285 2075 1396 2120 disp:
1419 2075 1513 2121 Exp.
1541 2096 1581 2100 -
1608 2075 1695 2110 mihi
1722 2080 1725 2118 Ι

63 2131 133 2176 Ep.
159 2151 204 2155 -—-
226 2141 391 2167 maceror
418 2136 422 2172 Ι
453 2131 512 2166 Sic
536 2152 578 2156 -—
606 2131 746 2176 copiam
861 2134 923 2167 321
952 2131 1123 2168 eueniant
1240 2134 1305 2166 322
1331 2131 1383 2166 sic
1408 2132 1467 2172 (sit
1492 2131 1543 2174 E)
1571 2142 1617 2167 ne
1641 2132 1727 2177 quid

63 2188 154 2233 (quit
170 2187 217 2231 B)
234 2198 301 2223 nec
317 2187 435 2223 nescit
527 2190 593 2223 324
617 2188 759 2232 copiam
777 2186 850 2222 EI:
874 2189 1016 2234 copiam
1033 2188 1100 2223 tibi
1118 2188 1152 2223 B
1243 2198 1374 2233 parere
1392 2188 1427 2222 B
1444 2191 1527 2223 ante
1544 2199 1638 2222 corr.

63 2244 102 2279 in
125 2243 195 2279 del.
220 2243 449 2279 Abrahamus
476 2245 570 2280 stud.
595 2243 653 2278 Pl.
671 2245 750 2279 224
842 2246 908 2279 326
934 2245 963 2280 si
993 2255 1048 2290 sq.
1074 2243 1318 2290 Stratippocli
1348 2244 1483 2279 dantur
1574 2245 1727 2289 prehen-

65 2300 152 2336 dero
244 2302 309 2335 327
334 2300 537 2336 inultimum
628 2302 755 2336 cretici
777 2312 856 2336 eum
880 2300 1024 2347 ithyple.
1117 2303 1183 2336 328
1208 2300 1329 2335 facere
1354 2298 1379 2334 I
1399 2310 1476 2336 var.
1503 2300 1543 2335 l..·
1567 2299 1643 2335 fere
1660 2298 1728 2341 EI,

65 2355 161 2391 ferre
177 2355 213 2390 B
305 2357 389 2401 quoi
406 2356 477 2391 B2:
502 2356 560 2392 cui
578 2355 610 2398 I,
635 2357 696 2402 qui
712 2357 776 2400 R1,
801 2357 860 2393 cuj
877 2357 971 2402 quisi
990 2356 1026 2392 E
1032 2370 1046 2399 ;
1070 2357 1120 2401 ef.
1139 2355 1302 2392 Baebius
1326 2356 1370 2392 de
1394 2360 1478 2392 ater.
1496 2357 1567 2392 inv.
1584 2358 1639 2392 28

66 2413 142 2447 329.
163 2414 227 2447 330
257 2411 289 2448 is
320 2423 504 2448 nummum
533 2416 595 2454 (ex
626 2414 773 2456 nummi)
805 2413 860 2456 B,
890 2424 1074 2449 nummum
1105 2413 1162 2448 his
1190 2410 1249 2446 EI
1335 2423 1402 2449 nec
1496 2416 1557 2448 331
1592 2412 1728 2458 aliquid

65 2468 224 2504 vindieat
248 2480 280 2505 v.
299 2469 384 2504 334.
425 2469 504 2504 lene
528 2469 786 2513 cmaooluthon,
809 2474 845 2505 et
860 2473 1123 2516 properantem
1149 2469 1310 2514 linquam
1325 2474 1514 2514 sequentes
1537 2470 1732 2515 anapaesti

65 2524 227 2560 indicant
335 2528 400 2560 332
425 2525 607 2561 allicunde
633 2526 667 2560 B
758 2526 941 2562 meliorem
964 2525 1026 2563 L:
1053 2536 1192 2561 mecum
1287 2524 1355 2560 Cic.
1382 2525 1430 2559 acl
1460 2525 1549 2569 fam.
1574 2525 1632 2567 14,
1656 2525 1691 2566 4,
1707 2525 1728 2560 1

65 2581 162 2626 quod
186 2582 218 2617 si
240 2592 307 2618 nos
331 2583 379 2618 ad
403 2582 559 2628 aliquam
583 2581 739 2618 alicuius
773 2583 949 2618 commodi
973 2581 1168 2626 aliquando
1193 2581 1435 2626 recuperandi
1459 2592 1559 2626 spem
1582 2581 1729 2617 fortuna

64 2637 272 2682 reservavit,
295 2638 414 2675 minus
438 2641 494 2674 est
510 2641 669 2675 erratum
693 2649 715 2674 a
731 2639 836 2675 nobis
929 2640 994 2672 333
1021 2637 1160 2672 Paulus
1176 2638 1252 2672 125
1272 2638 1524 2673 murricidum:
1549 2637 1728 2681 ignavum,

66 2693 228 2729 stultum.
273 2694 348 2731 PL:
379 2691 590 2731 ‘municide
625 2691 752 2731 homo‘
775 2695 907 2740 ignave
941 2695 1038 2730 iners
1146 2693 1320 2729 vocabulo
1357 2694 1509 2729 obscuro
1545 2693 1731 2729 substituit

65 2749 226 2786 marcide
248 2754 332 2796 post
347 2750 583 2788 Hermolaum
600 2751 799 2788 Lambinus
821 2752 884 2796 (ef.
907 2750 1018 2786 schol.
1035 2751 1121 2785 Aen.
1142 2751 1177 2790 8,
1199 2751 1282 2791 636,
1308 2749 1484 2797 Pompon.
1503 2751 1571 2785 ine.
1587 2750 1636 2784 12
1651 2749 1711 2791 R.)
1720 2761 1731 2783 .-

65 2805 156 2851 fort.
182 2806 347 2842 clausula
371 2807 564 2854 dactylica,
588 2807 716 2843 deinde
739 2807 888 2842 dimeter
913 2806 1017 2842 lamb.
1111 2808 1176 2840 334
1199 2806 1283 2842 latis
1308 2805 1392 2850 BE,
1416 2806 1530 2842 latras
1556 2805 1608 2841 Β2
