2018 3183
201 99 282 138 374
934 96 1115 132 PLAVTI
1676 97 1704 125 v
1721 98 1748 131 2,
1762 97 1863 126 10-33

895 245 1164 286 EPIDICVS

202 316 415 357 Duodecim
447 315 529 354 deis
559 315 648 366 plus
679 325 795 365 quam
826 313 866 352 in
899 313 1006 352 caelo
1037 313 1240 353 deorumst
1268 312 1548 352 immortalium
1873 321 1930 353 675

202 385 295 425 mihi
328 396 435 423 nunc
464 382 607 421 auxilio
639 381 837 421 adiutores
867 387 961 421 sunt
990 388 1028 420 et
1058 393 1212 420 mecum
1243 379 1421 420 militant.

203 451 391 504 quidquid
424 463 497 501 ego
528 449 718 497 male-feci,
748 449 889 489 auxilia
920 449 972 488 mi
1003 454 1042 488 et
1071 448 1276 500 suppetiae
1306 453 1400 488 sunt
1428 447 1546 494 domi,

203 519 418 571 apolactizo
450 518 632 557 inimicos
663 517 803 557 omnis.
862 516 963 556 PER.
1016 515 1086 555 Vbi
1117 516 1223 555 illum
1256 526 1442 566 quaeram
1474 513 1684 566 gentium?

202 586 280 627 ΑΡ.
331 586 430 625 Dum
462 586 547 625 sine
578 597 641 624 me
671 597 848 636 quaeras,
880 596 1045 635 quaeras
1076 595 1161 623 mea
1191 595 1304 623 causa
1335 582 1396 622 vel
1426 582 1555 622 medio
1586 582 1626 621 in
1658 581 1766 623 mari.

203 655 278 694 ΕΡ.
330 653 430 699 Quid
464 665 525 692 me
548 650 734 704 quaeris?
785 652 877 703 quid
909 650 1093 691 laboras?
1145 650 1237 703 quid
1269 651 1376 690 bunc
1398 648 1614 690 sollicitas?
1665 660 1759 689 ecce
1790 661 1865 689 me.
1878 657 1935 690 680

203 734 300 760 num
332 727 369 761 te
400 721 493 773 fugi,
526 732 620 760 num
653 720 699 759 ab
732 720 848 760 domo
879 732 1030 772 apsum,
1063 730 1156 758 num
1190 718 1313 758 oculis
1343 718 1521 758 concessi
1551 715 1656 757 tuis?

1025 801 1046 824 >k

206 870 279 897 nec
311 857 381 896 tibi
412 856 605 908 supplico.
666 855 813 894 vincire
845 852 928 894 vis?
989 866 1062 902 em,
1093 853 1259 894 ostendo
1290 865 1447 902 manus;

205 929 248 964 t1'1
281 924 401 964 habes
432 925 529 971 lora,
561 935 633 974 ego
666 930 703 962 te
734 935 865 962 emere
894 922 992 961 vidi:
1025 921 1117 973 quid
1151 934 1259 961 nunc
1291 919 1447 961 cessas?
1509 920 1660 972 colliga.

203 993 304 1033 PER.
356 992 477 1039 Ilicet,
510 991 773 1030 vadimonium
806 990 908 1029 ultro
941 990 993 1028 mi
1026 989 1089 1028 hie
1120 990 1222 1028 facit.
1281 989 1357 1028 Ep.
1410 988 1525 1034 Quin.
1548 985 1739 1038 colligas?
1883 995 1939 1028 685
1975 1005 1991 1042 ⁰.

204 1060 282 1100 Ap.
333 1059 485 1111 Edepol
516 1058 755 1109 mancipium
787 1057 1007 1096 scelestum·
1068 1057 1143 1097 ΕΡ.
1194 1057 1249 1096 Te
1280 1056 1473 1108 profecto,
1505 1055 1735 1107 Apoecides,
1996 1044 1997 1048 ¹

205 1128 262 1166 nil
293 1139 428 1166 moror
458 1127 551 1166 mihi
584 1125 798 1177 deprecari.
856 1124 935 1165 ΑΡ.
986 1124 1114 1163 Facile
1146 1136 1296 1171 exoras,
1323 1123 1497 1175 Epidice.

206 1196 282 1235 ΕΡ.
303 1194 454 1245 Ecquid
474 1193 584 1246 agis?
615 1194 715 1233 PER.
737 1193 851 1232 Tuon
872 1189 1095 1231 arbitratu?
1125 1191 1202 1232 Er.
1223 1191 1310 1230 Meo
1326 1191 1459 1230 hercle
1475 1203 1567 1230 vero
1584 1189 1790 1240 atquehau
1805 1194 1873 1228 tuo

207 1263 448 1315 colligandae
481 1263 576 1301 haec
607 1268 700 1300 sunt
729 1260 799 1299 tibi
830 1260 960 1299 hodie.
1019 1259 1120 1299 PER.
1171 1259 1221 1298 At
1253 1271 1333 1298 non
1366 1258 1487 1306 lubet,
1521 1271 1600 1297 non
1633 1256 1789 1308 colligo.

207 1330 285 1371 Ar.
336 1330 544 1381 Tragulam
576 1330 614 1368 in
648 1335 685 1368 te
717 1329 865 1367 inicere
896 1328 1072 1375 adornat,
1105 1327 1238 1366 nescio
1270 1338 1387 1378 quam
1418 1326 1604 1365 fabricam
1637 1325 1738 1364 facit.
1885 1333 1945 1366 690

208 1399 283 1437 ΕΡ.
333 1397 421 1436 Tibi
458 1409 607 1436 moram
648 1396 764 1444 facis,
796 1407 886 1434 cum
926 1397 998 1446 ego
1031 1394 1182 1434 solutus
1213 1400 1308 1434 asto.
1368 1406 1459 1445 age,
1495 1395 1681 1445 inquam,
1722 1392 1875 1444 colliga.

208 1466 309 1506 PER.
359 1466 408 1504 At
439 1465 532 1504 mihi
564 1464 686 1516 magis
717 1463 826 1502 lubet
856 1462 1027 1503 solutum
1058 1468 1096 1500 te
1127 1462 1311 1513 rogitare.
1371 1462 1446 1501 ΕΡ.
1496 1461 1545 1500 At
1576 1461 1630 1500 nil
1660 1460 1772 1500 scies.

208 1534 309 1574 PER.
356 1532 455 1578 Quid
477 1531 580 1583 ago?
631 1531 707 1571 Ar.
752 1531 853 1577 Quid
877 1528 998 1582 agas?
1039 1542 1125 1569 mos
1146 1535 1318 1580 geratur.
1359 1530 1434 1569 ΕΡ.
1480 1529 1598 1580 Frugi
1621 1541 1662 1568 es
1685 1531 1726 1568 tu
1747 1528 1878 1575 homo,

815 1645 818 1648 ,
1365 1596 1597 1648 Apoecides.

210 1669 312 1709 PER.
363 1668 466 1708 Cedo
497 1680 638 1707 manus
669 1667 800 1717 igitur.
860 1667 935 1707 ΕΡ.
983 1665 1187 1704 Morantur
1221 1665 1329 1704 nihil.
1361 1671 1478 1715 atque
1508 1670 1590 1703 arte
1621 1663 1774 1715 colliga.

209 1737 310 1777 PER.
367 1736 470 1775 Nihil
510 1747 655 1774 moror.
716 1735 790 1775 ΕΡ.
843 1733 1081 1773 Obnoxiose.
1140 1733 1240 1773 PER.
1292 1732 1409 1772 Facto
1453 1745 1572 1784 opere
1611 1731 1947 1775 arbitramino.695

212 1806 287 1844 ΕΡ.
338 1804 444 1843 Bene
476 1804 550 1842 hoc
582 1803 710 1842 habet.
771 1815 842 1854 age
874 1800 1059 1841 nunciam
1091 1814 1137 1840 cx
1168 1813 1230 1840 me
1262 1800 1436 1852 exquire,
1468 1801 1594 1852 rogita
1626 1799 1729 1851 quod
1757 1798 1880 1839 lubet.

214 1873 315 1913 PER.
367 1872 451 1918 Qua
482 1870 622 1910 fiducia
654 1870 785 1910 ausu’s
816 1869 1000 1921 primum,
1034 1881 1133 1919 quae
1165 1874 1332 1920 emptast
1365 1868 1663 1915 nudiustertius,

212 1941 330 1981 filiam
363 1952 487 1979 meam
519 1939 649 1978 (licere
681 1937 796 1978 csse?
854 1938 929 1978 Ep.
982 1936 1136 1976 Libuit:
1170 1948 1212 1976 ea
1245 1936 1397 1976 fiducia.

327 2085 391 2118 675
405 2082 457 2127 cf.
475 2084 546 2118 610
555 2096 569 2124 ;
586 2083 607 2118 ἱ.
622 2094 651 2118 e.
662 2086 812 2128 praeter
826 2079 910 2116 XII
919 2081 1005 2117 cleos
1018 2080 1124 2116 alteri
1136 2079 1217 2115 XII
1310 2083 1375 2116 678
1388 2080 1593 2125 apolactico
1607 2079 1684 2122 (vim
1697 2082 1771 2121 -zo)
1784 2079 1816 2113 A

212 2143 277 2176 679
296 2143 465 2186 quaemas
482 2141 720 2184 quaei·[as]A.·
738 2149 892 2183 quaeras
906 2136 940 2172 P
994 2137 1051 2173 vel
1069 2138 1179 2172 om.A
1239 2139 1418 2173 680-683
1430 2147 1556 2183 pauca
1573 2136 1747 2181 [equatur
1762 2135 1839 2170 inA

212 2200 277 2233 680
302 2207 455 2242 quaeras
475 2196 525 2231 B¹
550 2196 594 2238 (A
611 2206 645 2229 n.
666 2195 701 2237 ἰ.)
793 2197 856 2229 681
884 2194 956 2230 tuis
973 2193 1058 2229 AP:
1082 2205 1104 2230 a
1128 2194 1201 2229 tuis
1228 2192 1415 2230 Beolcerus
1439 2193 1516 2235 (abs
1534 2191 1816 2234 Studemundus)

212 2257 278 2290 682
304 2265 372 2290 om.
392 2253 444 2294 P;
469 2254 506 2288 in
524 2254 553 2288 A
570 2252 704 2297 ἱερέων
720 2251 836 2286 medio
854 2261 959 2286 versu
984 2250 1001 2292 f
1022 2276 1030 2285 .
1049 2277 1057 2285 .
1077 2277 1085 2285 .
1105 2277 1112 2285 .
1132 2250 1283 2295 utqudio
1302 2249 1372 2293 (vel
1386 2260 1466 2295 neq.
1485 2249 1582 2291 odio)
1599 2276 1608 2285 .
1628 2275 1635 2282 .
1656 2275 1664 2283 .
1684 2273 1692 2282 .
1710 2258 1733 2293 q
1750 2274 1758 2282 .
1777 2273 1786 2282 .
1806 2273 1814 2282 .
1836 2273 1843 2280 .
1862 2257 1883 2290 ρ

212 2331 256 2337 —-
280 2311 426 2356 bi[be]s;
459 2309 531 2344 cale
555 2307 646 2354 quid
666 2307 803 2352 suerit.-
827 2318 894 2343 nec
917 2306 1006 2342 mihi
1030 2308 1167 2351 gratu's
1191 2317 1309 2351 neque
1333 2307 1480 2342 odiosus
1504 2315 1622 2350 neque
1649 2301 1813 2340 timo'rem
1836 2302 1885 2338 mi

213 2369 363 2404 exhibes
470 2368 534 2401 683
562 2365 709 2400 uincere
735 2363 861 2405 B¹E¹,·
891 2366 921 2399 A
946 2375 981 2398 η.
1006 2362 1029 2399 l.
1141 2365 1207 2398 684
1231 2373 1296 2407 ego
1314 2361 1365 2397 P:
1390 2365 1461 2407 [e]a
1476 2363 1507 2397 A
1600 2361 1718 2405 coliga
1735 2361 1780 2404 A,
1803 2359 1886 2395 item

213 2425 349 2469 coligas
369 2424 455 2465 685,
480 2422 595 2467 coligo
619 2422 706 2463 689,
731 2425 887 2457 ceterum
913 2420 1029 2464 collig.
1124 2421 1188 2454 685
1213 2418 1304 2454 facis
1322 2418 1365 2462 P,
1390 2428 1485 2454 corr.
1503 2417 1595 2452 Pius
1618 2417 1662 2459 (A
1679 2417 1818 2458 incert.)

212 2481 256 2517 E.
290 2480 415 2517 Valla:
438 2481 469 2514 A
572 2477 658 2522 quid
684 2476 716 2511 P
830 2479 896 2512 686
921 2478 964 2511 A.
992 2476 1135 2511 Dousa:
1157 2476 1197 2510 P.
1224 2475 1259 2510 P
1347 2474 1543 2520 macipium
1568 2473 1603 2509 B
1611 2486 1626 2515 ;
1657 2474 1689 2508 A
1713 2483 1749 2508 n.
1774 2471 1797 2507 l.

215 2541 278 2574 687
305 2535 516 2582 depraecari
534 2535 585 2569 A:
609 2534 745 2579 deprae
762 2532 797 2567 P
885 2533 930 2567 A.
957 2536 1096 2568 tantum
1115 2531 1149 2566 B
1173 2543 1196 2566 a
1222 2542 1337 2573 corr.,·
1362 2533 1392 2566 A
1409 2541 1442 2564 n.
1461 2530 1482 2564 l.
1577 2529 1664 2565 facil
1680 2527 1764 2571 BE,
1789 2527 1889 2564 facili

213 2594 255 2637 Ι,-
268 2597 299 2630 Α
313 2605 348 2628 η.
364 2595 386 2630 l.
481 2593 546 2626 688
561 2601 649 2626 uero
663 2591 712 2625 A:
725 2590 837 2625 uerbo
852 2588 887 2623 P
954 2591 1027 2625 hau
1039 2592 1090 2624 A:
1104 2588 1202 2623 haud
1216 2586 1248 2629 I,
1263 2588 1336 2623 aud
1348 2587 1390 2628 B,
1405 2589 1470 2622 aut
1481 2585 1516 2621 E
1606 2588 1672 2622 689
1684 2586 1755 2629 hae
1765 2583 1826 2620 AI

212 2655 298 2698 post
320 2653 385 2685 689
403 2659 544 2685 versum
564 2648 639 2682 692
655 2658 722 2682 suo
740 2646 821 2682 loco
837 2645 1043 2681 redeuntem
1055 2644 1210 2690 praebet
1222 2643 1257 2679 P
1340 2646 1404 2678 690
1422 2643 1568 2688 tragula
1584 2641 1619 2677 P
1707 2641 1797 2678 feeit
1811 2640 1847 2676 P

215 2707 278 2740 691
295 2715 361 2749 age
375 2706 423 2740 A:
439 2704 540 2749 alege
556 2703 591 2739 P
680 2705 746 2739 693
760 2703 821 2738 E.:
841 2702 881 2738 P.
898 2702 932 2737 B
1011 2711 1087 2737 sne.
1102 2700 1294 2746 apoecides
1309 2699 1344 2734 B
1437 2701 1615 2734 694—707
1622 2709 1749 2745 pauca
1762 2697 1887 2745 lequu-

215 2765 275 2795 tur
300 2761 337 2796 in
362 2763 391 2796 A
485 2763 552 2796 694
577 2760 724 2805 colligat
747 2758 850 2795 B¹E¹
943 2760 1007 2793 695
1024 2758 1064 2793 P.
1084 2768 1141 2792 om
1159 2756 1233 2792 BE
1297 2766 1418 2792 moror
1432 2755 1475 2790 E.
1494 2755 1710 2792 obnoxiosse
1722 2753 1784 2789 L..-
1800 2763 1887 2790 uero

216 2817 392 2853 obnoxios
417 2828 455 2853 se
478 2817 605 2860 (-iasse
629 2815 663 2860 I)
682 2815 734 2858 P,·
758 2817 788 2852 A
804 2827 839 2850 n.
858 2815 880 2851 l.
973 2814 1032 2850 P.:
1058 2814 1102 2849 E.
1122 2812 1147 2848 I
1235 2815 1301 2848 696
1326 2813 1435 2858 qu]0d
1459 2812 1567 2848 etiam
1584 2812 1615 2847 A
1706 2810 1822 2854 ![ib]et
1845 2809 1888 2852 A,

215 2873 317 2909 iubet
343 2873 444 2908 B¹E¹
560 2876 624 2908 697
650 2875 747 2917 qu[a]
774 2871 845 2907 AI:
869 2881 962 2917 quae
987 2870 1033 2910 B,
1058 2881 1127 2916 quo
1156 2869 1191 2904 E
