1998 3179
76 109 90 137 1
108 114 134 145 1,
151 112 234 140 1—-17

757 925 1082 967 PENICVLVS
1685 923 1705 962 I
1729 925 1749 961 1

360 998 545 1038 Iuventus
576 1007 721 1035 nomen
752 995 844 1033 fecit
876 993 1065 1033 Peniculo
1097 993 1203 1038 mihi,

362 1067 448 1106 ideo
480 1065 569 1116 quia
600 1074 786 1110 mensam,
820 1062 976 1113 quando
1009 1062 1093 1107 edo,
1125 1061 1321 1112 detergeo.

364 1133 544 1174 homines
574 1131 746 1183 captivos
777 1130 843 1181 qui
874 1130 1021 1168 catenis
1051 1129 1229 1168 vinciunt

366 1208 404 1242 et
435 1201 501 1252 qui
531 1199 700 1250 fugitivis
730 1198 851 1238 servis
882 1198 1025 1237 indunt
1056 1197 1278 1249 compedes,

365 1269 480 1308 nimis
509 1267 626 1307 stulte
656 1266 804 1306 faciunt
833 1278 918 1304 mea
950 1265 1106 1316 quidem
1136 1266 1342 1305 sententia.

367 1348 456 1375 nam
486 1334 637 1374 homini
667 1334 809 1373 misero
840 1333 872 1372 si
903 1333 949 1371 ad
981 1333 1124 1372 malum
1158 1333 1307 1373 accedit
1338 1335 1495 1377 malum,

366 1403 491 1442 maior
521 1401 654 1440 lubido
687 1407 744 1441 est
775 1401 910 1452 fugere
941 1407 979 1440 et
1009 1401 1136 1439 facere
1169 1402 1363 1452 nequiter.

368 1483 457 1510 nam
487 1483 528 1509 se
559 1482 605 1508 ex
636 1469 782 1508 catenis
813 1469 988 1507 eximunt
1018 1468 1146 1519 aliquo
1178 1470 1307 1508 modo.

336 1546 450 1587 jtum
481 1536 691 1588 compediti
723 1539 840 1575 anum
872 1537 961 1575 lima
995 1543 1223 1588 praeterunt

367 1612 432 1645 aut
461 1605 590 1656 lapide
620 1604 824 1644 excutiunt
853 1604 1014 1643 clavom.
1076 1616 1203 1655 nugae
1233 1613 1326 1644 sunt
1356 1618 1436 1645 eae.

368 1686 486 1725 quem
515 1680 559 1712 tu
588 1673 791 1712 adservare
822 1678 939 1717 recte,
973 1685 1022 1711 ne
1054 1673 1239 1724 aufugiat,
1271 1673 1388 1719 voles,

369 1753 456 1781 esea
487 1747 603 1791 atque
633 1740 796 1792 potione
828 1740 965 1779 vinciri
996 1740 1121 1779 decet.

368 1809 471 1860 apud
501 1811 676 1847 mensam
707 1808 864 1859 plenam
895 1808 1043 1847 homini
1074 1815 1248 1848 rostrum
1279 1809 1444 1861 deliges;

370 1879 463 1916 dum
495 1884 537 1916 tu
568 1876 622 1915 illi
654 1876 758 1927 quod
791 1876 869 1915 edit
898 1882 937 1915 et
967 1876 1072 1927 quod
1103 1884 1211 1927 potet
1242 1878 1442 1928 praebeas,

368 1958 439 1984 suo
471 1944 658 1983 arbitratu
688 1944 843 1983 adfatim
877 1944 1047 1991 cottidie,

372 2024 585 2063 numquam
617 2011 756 2063 edepol
786 2012 921 2063 fugiet,
951 2019 1028 2051 tam
1060 2012 1131 2052 etsi
1162 2013 1304 2064 capital
1335 2014 1482 2062 fecerit,

371 2080 481 2119 facile
512 2078 744 2127 adservabis,
775 2080 868 2119 dum
899 2092 944 2118 eo
977 2080 1103 2119 vinclo
1135 2081 1291 2121 vincies.

214 2205 255 2237 ’Π
280 2201 488 2237 ΡΕΝιοἮΝε
513 2202 714 2237 PARAsrrvs
739 2201 810 2236 BD
817 2214 832 2243 ;
859 2201 897 2236 in
921 2203 952 2236 A
977 2213 1090 2248 usqae
1114 2202 1163 2238 ad
1185 2214 1215 2238 v.
1235 2204 1278 2238 91
1304 2209 1441 2238 tantam
1459 2215 1663 2250 paucorum
1689 2215 1765 2239 ver-

100 2270 204 2295 suum
228 2262 410 2301 extrema,
444 2259 615 2293 99-108
638 2268 844 2304 paucorum
875 2258 980 2293 initia
1089 2269 1333 2305 personarum
1361 2264 1466 2295 notas
1488 2261 1570 2305 fere
1595 2270 1662 2295 om.
1691 2259 1763 2299 CI),

100 2315 309 2362 saepissime
332 2314 367 2349 B
481 2313 531 2359 cf.
560 2314 660 2359 Capt.
688 2315 735 2348 69
749 2324 802 2360 sq.
828 2313 939 2349 Stich.
965 2316 1034 2350 174
1053 2326 1106 2361 sq.
1133 2314 1236 2351 Cure.
1262 2316 1334 2350 415
1355 2327 1408 2362 sq.
1524 2316 1611 2352 fecit
1633 2326 1764 2352 nomen

101 2371 213 2407 schol.
239 2370 345 2417 Verq.
369 2381 494 2416 qeorq.
513 2370 544 2411 1,
561 2370 635 2405 137
720 2376 805 2416 post
828 2382 859 2406 v.
879 2374 896 2405 ἰ’
902 2373 920 2406 8
946 2371 1123 2417 quaedam
1145 2371 1370 2407 intercidisse
1381 2372 1622 2419 probabiliter
1636 2374 1766 2409 statuit

103 2426 321 2463 Ritsohelius
436 2429 477 2461 82
502 2426 647 2462 homoni
671 2437 775 2462 versa
807 2427 1050 2463 commendari
1080 2428 1177 2464 dixit
1201 2427 1388 2473 Ber-alcius
1412 2439 1471 2473 op.
1497 2430 1534 2468 1,
1558 2430 1632 2464 148
1654 2440 1707 2474 sq.
1733 2434 1767 2465 et

102 2482 268 2519 similiter
299 2493 331 2517 v.
357 2483 419 2517 89.
454 2483 515 2517 98.
546 2483 634 2516 223.
668 2484 755 2518 304.
791 2485 871 2518 316.
904 2485 992 2518 489.
1028 2485 1110 2520 709.
1146 2485 1221 2519 713.
1257 2485 1335 2520 744.
1370 2485 1456 2519 903.
1489 2486 1573 2520 958.
1607 2487 1675 2520 961

106 2541 148 2574 85
174 2538 366 2583 compediti
388 2537 555 2583 (autem)
588 2537 780 2581 Vahlenus,
805 2539 858 2584 cf.
884 2540 1007 2576 Herm.
1031 2541 1088 2582 17,
1115 2541 1184 2575 621
1300 2551 1408 2576 anum
1432 2541 1479 2582 B,
1505 2541 1649 2577 Nouius
1674 2543 1768 2577 333.-

105 2595 228 2631 ianum
252 2593 313 2630 OD
335 2594 555 2640 (compediti,
579 2595 606 2629 ii
630 2605 738 2630 anum
761 2595 925 2631 Havetus
947 2607 1020 2632 rev.
1046 2597 1091 2632 cle
1109 2596 1277 2643 plzilolol.
1302 2599 1415 2639 1892,
1442 2599 1497 2633 73»
1593 2600 1634 2633 88
1659 2599 1768 2635 debet

109 2650 170 2686 OD
284 2652 327 2684 89
351 2650 486 2686 homini
509 2649 545 2685 P
566 2655 601 2686 et
623 2656 664 2685 ut
688 2652 754 2687 vicl.
779 2653 828 2687 A:
851 2653 1005 2688 hominis
1032 2652 1173 2688 Aonius
1198 2654 1273 2688 455
1384 2654 1511 2698 deligis
1533 2653 1677 2690 Nonius

107 2710 151 2741 9ο
175 2706 261 2741 edat
280 2705 391 2740 ΟΙὶΒ2
482 2710 522 2741 91
550 2707 704 2743 coetidie
721 2709 774 2743 sio
791 2709 822 2744 A
916 2711 958 2743 92
984 2709 1112 2754 edepol
1137 2709 1250 2753 fugiet
1273 2710 1417 2746 tametsi
1432 2709 1613 2756 Pylades:
1638 2711 1768 2756 edepol

107 2766 144 2798 te
174 2760 290 2805 fugiet
318 2761 406 2796 tiam
436 2761 521 2804 (iam
547 2761 618 2805 CD)
651 2769 687 2799 et
718 2765 748 2799 si
772 2763 822 2806 P,
856 2765 888 2799 A
911 2776 946 2800 η.
973 2764 1014 2806 l„
1047 2765 1168 2800 hercle
1200 2764 1347 2810 effugiet
1377 2766 1521 2802 tametsi
1550 2766 1692 2803 Nonius
1717 2769 1767 2803 38

107 2817 323 2858 (Schoellius
346 2817 465 2864 leqere
486 2819 555 2854 sibi
577 2820 675 2854 visus
697 2824 751 2855 est
773 2831 882 2866 numq
901 2846 1014 2855 .....
1032 2821 1084 2866 iel
1103 2848 1110 2856 .
1130 2847 1138 2856 .
1155 2821 1188 2864 ff
1202 2842 1244 2847 -
1262 2823 1298 2857 in
1315 2825 1359 2865 A,
1384 2823 1444 2858 ubi
1467 2828 1552 2869 post
1573 2834 1768 2870 numquam

109 2874 202 2910 nihil
223 2874 314 2909 certi
336 2873 580 2910 Stuclemundo
605 2877 792 2923 apparuit)
886 2879 928 2911 93
953 2877 1100 2913 uinculo
1127 2878 1160 2912 B

176 2935 300 2963 Plautus
318 2935 341 2963 I.
1456 2938 1498 2970 25

1785 1210 1822 1241 80

1787 1551 1824 1582 85
