2018 3183
245 97 326 134 142
983 102 1164 138 PLAVTI
1704 109 1733 138 11
1744 111 1771 144 3,
1790 112 1909 141 98—129

244 213 338 262 quin
374 225 468 252 auro
500 213 638 252 11311031
669 215 793 254 soccis
824 215 1056 266 subpactum
1087 216 1244 256 solum?

242 279 335 319 Nm.
387 279 463 319 Cur
493 280 542 319 ita
574 280 746 320 fastidit?
805 282 963 323 Cnmvs.
1013 283 1156 323 Tantas
1187 285 1336 325 divitias
1366 286 1503 335 habet;

245 348 368 386 nescit
399 348 491 398 quid
523 348 637 386 faciat
667 361 776 387 auro.
835 350 929 390 Nm.
979 350 1071 390 Mihi
1102 352 1252 392 dederit
1284 354 1410 393 velim.

242 414 306 452 sed
341 415 405 464 qui
438 422 643 466 praesente
674 416 709 454 id
742 428 879 456 aurum
911 417 1116 457 Theotimo
1147 419 1344 460 datumst?

242 481 400 522 CHRYs.
452 483 600 534 Populo
633 491 860 534 praesente:
895 485 1044 525 nullust
1074 486 1218 538 Ephesi
1251 490 1345 540 quin
1377 491 1486 530 sciat.

241 549 334 590 Nm.
386 550 490 589 Istuc
520 551 720 602 sapienter
750 552 885 591 saltem
918 553 1009 592 fecit
1039 554 1154 602 filius,

242 630 330 656 cum
364 617 469 656 diviti
500 617 649 657 homini
681 619 718 658 id
750 632 886 660 aurum
919 622 1151 661 servandum
1184 623 1308 672 dedit;

241 684 288 723 31)
322 697 367 724 eo
398 685 532 725 licebit
563 687 737 737 quamvis
766 687 894 727 subito
927 701 1093 729 sumere.

241 752 398 792 CHRYS.
449 753 572 793 Immo
605 767 664 793 em
697 755 888 806 tantisper
921 769 1131 808 numquam
1164 765 1201 797 te
1232 760 1459 809 morabitur,

242 822 338 870 quin
371 820 513 860 habeas
544 822 638 861 illud
670 835 747 873 quo
779 823 840 862 die
871 823 962 863 111110
993 826 1158 865 veneris.

239 888 333 928 Nlo.
384 888 602 928 Censebam
635 902 697 928 me
727 890 909 941 effugisse
940 903 961 929 a
991 891 1065 930 vita
1097 894 1313 942 marituma,

241 969 291 995 ne
324 957 546 1007 navigarem
578 956 731 996 tandem
764 958 838 997 1100
869 959 1004 998 aetatis
1033 972 1174 1009 senex;
1216 991 1219 994 .

240 1024 276 1062 id
308 1024 359 1062 mi
391 1024 505 1069 haud,
538 1030 666 1064 utrum
698 1025 826 1072 velim,
856 1025 975 1065 licere
1006 1027 1211 1079 intellego:

238 1092 289 1130 ita
322 1091 445 1130 bellus
476 1092 619 1142 hospes
649 1092 741 1131 fecit
771 1093 1076 1133 Archidemides.

238 1158 305 1197 ubi
338 1171 444 1198 nunc
476 1165 533 1198 est
563 1171 656 1210 ergo
688 1172 798 1199 meus
829 1160 1093 1200 Mnesilochus
1126 1161 1257 1201 tilius?

237 1226 395 1267 Came.
445 1227 547 1266 Deos
577 1230 693 1278 atque
723 1229 868 1267 amicos
898 1229 941 1267 iit
970 1230 1176 1268 salutatum
1208 1230 1254 1269 ad
1286 1232 1426 1270 forum.

236 1294 330 1334 NIC.
381 1296 429 1333 At
459 1306 531 1346 ego
562 1295 656 1334 hinc
687 1296 732 1334 ad
764 1296 884 1343 illum,
917 1302 960 1335 ut
989 1309 1204 1337 convenam
1237 1305 1426 1349 quantum
1462 1307 1600 1352 potest.
1632 1323 1686 1329 -—-

237 1361 396 1402 Cnmrs.
448 1362 514 1401 llle
546 1368 604 1402 est
635 1369 820 1403 oneratus
852 1370 958 1403 recte
990 1371 1028 1404 et
1058 1366 1146 1416 plus
1177 1366 1278 1405 iusto
1309 1367 1424 1406 vehit.

237 1442 375 1469 exorsa
407 1430 503 1469 haec
534 1431 609 1469 tela
641 1444 721 1469 non
754 1431 851 1471 male
883 1433 1045 1471 omnino
1078 1434 1169 1472 1111111
1202 1440 1278 1473 est:

238 1504 279 1536 ut
309 1505 501 1537 amantem
535 1499 670 1537 erilem
701 1511 841 1550 copem
871 1500 1040 1539 facerem
1074 1501 1207 1547 filium,

236 1566 287 1604 ita
319 1566 405 1613 feci,
437 1572 480 1605 ut
511 1566 594 1605 auri
627 1573 816 1617 quantum
849 1567 963 1606 vellet
993 1576 1176 1615 sumeret,

236 1640 425 1684 quantum
458 1641 586 1673 autem
619 1634 751 1673 lubeat
781 1635 942 1675 reddere
974 1643 1015 1675 ut
1044 1636 1179 1676 reddat
1211 1638 1323 1688 patri.

235 1713 356 1740 senex
387 1701 425 1740 in
458 1701 658 1753 Ephesum
689 1702 760 1741 ibit
790 1715 928 1742 aurum
960 1716 1170 1752 arcessere,

236 1769 300 1808 hic
331 1775 464 1809 nostra
496 1778 632 1821 agetur
661 1777 766 1810 aetas
797 1771 835 1810 in
870 1772 1059 1811 malacum
1091 1773 1261 1821 modum,

235 1837 427 1888 siquidem
460 1838 523 1876 hic
555 1838 751 1889 relinquet
782 1851 910 1890 neque
941 1852 1074 1879 secum
1105 1840 1270 1880 abducet
1299 1854 1419 1881 senex

237 1905 325 1943 med
358 1912 396 1944 et
426 1905 720 1946 Mnesilochum.
772 1919 867 1958 quas
899 1920 969 1959 ego
1002 1908 1064 1947 1110
1095 1909 1229 1948 turbas
1260 1908 1379 1948 dahel

233 1972 302 2011 sed
334 1973 426 2024 quid
458 1974 682 2020 futurumst,
715 1986 803 2013 cum
835 1975 909 2014 hoc
941 1988 1060 2014 senex
1090 1977 1302 2022 resciverit,

235 2052 323 2079 cum
356 2052 397 2079 se
428 2042 698 2081 excucurrisse
729 2042 820 2081 illuc
852 2043 993 2082 frustra
1026 2044 1181 2083 sciverit

235 2120 387 2158 nosque
417 2121 554 2147 aurum
586 2108 760 2148 abusos?
791 2110 883 2161 quid
916 2111 1009 2149 mihi
1041 2113 1106 2151 fiet
1136 2111 1301 2164 postea?

233 2176 351 2215 credo
383 2177 512 2216 hercle
543 2176 754 2217 adveniens
785 2191 929 2218 nomen
963 2180 1128 2219 mutabit
1159 2181 1251 2219 mihi

233 2243 427 2294 facietque
459 2245 654 2296 extemplo
686 2245 925 2286 Crucisalum
959 2260 1020 2287 me
1051 2261 1096 2287 ex
1129 2248 1328 2300 Chrysalo.

233 2312 422 2362 aufugero
454 2313 597 2360 hercle,
629 2313 659 2352 si
692 2314 812 2365 magis
844 2327 937 2354 usus
971 2317 1130 2355 venerit.

345 2469 410 2502 332
436 2467 508 2512 qui,
533 2479 628 2503 corr.
655 2468 811 2504 Bothius
940 2471 1098 2506 habebat
1122 2470 1339 2517 Speroeqellus
1366 2470 1416 2505 ad
1440 2470 1519 2506 Ter.
1543 2470 1611 2506 Acl.
1636 2472 1728 2513 262,
1752 2471 1805 2515 cf.
1827 2470 1899 2507 Lo-

230 2524 377 2558 renzius
410 2524 459 2558 ad
481 2523 590 2560 Most.
620 2526 700 2567 733,
734 2525 810 2561 Mil.
834 2537 875 2572 p.
901 2528 980 2562 257
1113 2530 1177 2562 333
1204 2538 1271 2573 qur
1295 2526 1365 2562 BD
1454 2527 1544 2572 fort.
1570 2527 1614 2562 N.
1641 2527 1730 2563 eur?
1755 2527 1822 2563 Cu.
1846 2527 1899 2564 ita

231 2580 383 2625 fastidit,
407 2583 549 2625 tantam
574 2581 626 2627 cf.
651 2581 840 2617 Braunius
856 2582 931 2618 obs.
948 2595 1098 2629 yramm.
1115 2585 1163 2618 15
1172 2595 1225 2629 sq.
1364 2585 1430 2618 334
1454 2584 1514 2629 qui
1540 2582 1616 2619 CD¹
1754 2587 1820 2619 336
1844 2583 1898 2619 ef-

230 2637 298 2671 fesi
391 2640 455 2672 340
479 2638 561 2673 hem
654 2641 714 2673 341
742 2639 848 2674 illud:
873 2640 975 2675 illum
1002 2640 1092 2682 3¹0,
1116 2640 1202 2676 illue
1227 2639 1276 2675 D¹
1369 2642 1434 2675 344
1463 2640 1554 2685 fort.
1580 2640 1618 2675 id
1643 2642 1763 2676 utrum
1792 2639 1899 2677 uelim

229 2693 318 2727 mihi
341 2695 440 2729 haud
556 2697 621 2730 346
644 2696 894 2731 mneselochus
923 2696 964 2737 D,
988 2697 1238 2732 mnescloehus
1264 2696 1293 2732 C
1406 2698 1469 2731 348
1497 2696 1573 2741 (eo)
1597 2697 1645 2732 ad
1669 2695 1898 2740 Ritsclzelius,

229 2749 288 2784 ibo
306 2749 533 2785 Abrahamus
548 2751 642 2787 stud.
662 2751 717 2786 Pl.
735 2754 818 2786 208
911 2753 1134 2797 conueniam,
1154 2754 1203 2798 cf.
1217 2754 1288 2788 144
1380 2756 1441 2788 351
1463 2763 1616 2798 quopem
1635 2752 1716 2796 BD,
1733 2754 1899 2799 quiopem

232 2805 277 2846 C;
306 2806 352 2840 al.
387 2809 426 2842 ut
456 2807 592 2842 amanti
617 2808 696 2843 erili
722 2819 825 2853 opem
857 2809 1012 2844 facerem
1035 2809 1110 2845 filio
1138 2809 1187 2844 B²
1212 2810 1247 2843 in
1272 2820 1342 2855 my.
1439 2812 1505 2843 354
1529 2809 1659 2854 (hine)
1682 2809 1750 2845 ibit
1775 2809 1896 2845 Came-

229 2872 352 2896 νιινιιις
444 2873 610 2899 arcesere

1918 437 1974 469 335

1917 773 1976 806 340

1913 1111 1970 1144 345

1903 1429 1971 1482 '350

1910 1787 1968 1821 355

1910 2125 1967 2158 360
