2003 3188
187 86 237 122 12
925 79 1102 116 PLAVTI
1667 74 1681 101 1
1696 76 1722 109 1,
1740 74 1843 103 25-54

186 201 244 240 dis
273 200 541 239 advenientem
574 198 715 249 gratias
830 209 902 249 pro
933 196 1080 235 meritis
1110 206 1223 246 agere
1255 201 1370 244 atque
1400 190 1574 243 alloqui?

188 282 235 308 ne
267 269 319 308 illi
351 267 489 319 edepol
519 267 550 305 si
581 266 718 305 merito
752 277 836 304 meo
953 264 1100 303 referre
1130 262 1311 301 studeant
1340 261 1518 312 gratiam,

187 335 353 386 aliquem
385 335 581 373 bominem
613 334 779 384 allegent
810 332 876 383 qui
907 332 997 370 mihi
1030 330 1249 369 advenienti
1280 342 1323 368 os
1353 328 1507 368 occillet
1536 328 1672 379 probe,

187 404 369 454 quoniam
403 402 502 441 bene
534 414 631 452 quae
663 402 700 439 in
734 413 795 439 me
828 402 1005 438 fecerunt
1119 399 1266 449 ingrata
1299 410 1342 437 ea
1374 396 1488 435 habui
1519 402 1636 446 atque
1666 395 1792 434 inrita.

186 471 325 510 Mene.
377 470 480 508 Facit
503 470 563 508 ille
585 469 688 519 quod
712 468 821 519 volgo
844 467 944 506 baud
966 466 1106 512 solent,
1223 472 1265 504 ut
1286 465 1378 516 quid
1407 477 1449 503 se
1470 464 1520 504 sit
1540 464 1701 514 dignum
1732 462 1841 502 sciat.
1855 467 1911 502 185

186 538 274 578 Sos.
333 537 444 583 Quod
478 549 689 587 numquam
722 536 903 587 opinatus
935 535 988 573 fui
1106 546 1233 584 neque
1265 533 1361 572 alius
1391 533 1596 584 quisquam
1627 530 1766 569 civium

185 606 256 645 sibi
289 613 530 650 eventurum,
562 604 596 642 id
629 603 804 654 contigit,
922 609 963 641 ut
992 602 1083 642 salvi
1117 609 1343 653 poteremur
1372 600 1489 639 (lomi.

185 674 348 712 victores
379 673 485 711 victis
517 671 693 711 hostibus
808 671 980 721 legiones
1012 670 1218 709 reveniunt
1249 670 1421 715 domum,

185 741 311 780 duello
341 740 530 778 exstincto
562 739 728 777 maximo
759 745 873 789 atque
905 738 1157 777 internecatis
1187 737 1376 776 hostibus.

184 809 287 860 quod
320 808 437 847 multa
467 807 653 846 Thebano
685 807 802 858 poplo
918 806 1055 845 acerba
1088 805 1230 844 obiecit
1261 806 1409 851 funera,
1856 811 1911 845 190

184 877 220 915 id
250 877 284 915 vi
316 883 352 914 et
382 876 521 914 virtute
554 875 718 914 militum
838 874 979 913 rictum
1010 880 1125 924 atque
1157 879 1422 924 expugnatum
1454 873 1642 924 oppidum
1673 879 1731 912 est
1826 862 1829 865 ⁵

183 943 346 995 imperio
378 950 492 994 atque
523 943 695 994 auspicio
728 942 782 981 eri
898 942 971 980 mei
1004 941 1300 992 Amphitruonis
1330 941 1507 980 maxime.

183 1011 322 1063 praeda
352 1018 466 1061 atque
497 1022 589 1061 agro
621 1010 828 1060 adoriaque
860 1009 1001 1048 adfecit
1031 1009 1238 1060 populares
1268 1021 1361 1048 suos

183 1079 341 1129 regique
372 1078 556 1116 Thebano
590 1077 729 1116 Creoni
763 1089 927 1128 regnum
959 1076 1141 1116 stabilivit
1171 1089 1296 1115 suom.

183 1158 242 1183 me
274 1158 292 1183 a
323 1152 438 1196 portu
471 1145 668 1196 praemisit
697 1145 867 1191 domum,
899 1151 941 1183 ut
1056 1144 1150 1183 llaec
1182 1144 1358 1182 nuntiem
1389 1145 1501 1183 uxori
1530 1157 1634 1192 suae,
1854 1152 1909 1186 195

183 1219 223 1251 ut
253 1213 414 1264 gesserit
445 1225 525 1251 rem
559 1213 752 1263 publicam
869 1212 987 1251 ductu
1019 1212 1181 1263 imperio
1213 1212 1388 1263 auspicio
1417 1225 1502 1251 suo.

182 1293 223 1318 ea
258 1292 362 1318 nunc
394 1279 610 1319 meditabor
642 1293 719 1331 quo
751 1279 866 1318 modo
899 1279 951 1318 illi
984 1279 1120 1325 dicam,
1153 1291 1240 1318 cum
1273 1279 1337 1318 illo
1369 1280 1575 1319 advenero.

181 1349 210 1386 si
243 1348 375 1386 dixero
406 1348 664 1395 mendacium,
780 1348 910 1387 solens
942 1360 1028 1386 meo
1060 1359 1169 1386 more
1201 1348 1344 1386 fecero.

182 1428 269 1454 nam
300 1428 388 1454 cum
420 1416 647 1467 pugnabant
677 1428 868 1463 maxume,
985 1428 1056 1467 ego
1089 1423 1169 1454 tum
1201 1415 1396 1467 fugiebam
1429 1428 1628 1464 maxume3

182 1495 312 1521 verum
346 1484 453 1533 quasi
483 1484 670 1522 adfuerim
704 1491 831 1522 tamen
949 1483 1139 1522 simulabo
1171 1489 1286 1534 atque
1318 1483 1446 1522 audita
1477 1483 1649 1535 eloquar.
1853 1481 1909 1513 200

181 1551 247 1589 sed
279 1563 356 1602 quo
387 1551 503 1590 modo
535 1556 572 1589 et
604 1550 730 1589 verbis
761 1550 903 1602 quibus
1019 1563 1080 1589 me
1110 1550 1245 1590 deceat
1274 1551 1495 1598 sabularier,

182 1619 289 1669 prius
321 1619 402 1670 ipse
434 1631 584 1658 mecum
617 1619 730 1657 etiam
764 1619 847 1657 volo
880 1619 941 1657 hie
1057 1619 1246 1658 meditari.
1305 1619 1360 1658 sic
1390 1619 1465 1658 hoc
1495 1619 1719 1671 proloquar.

295 1686 490 1738 l'rincipio
524 1694 565 1725 ut
595 1687 660 1725 illo
693 1687 930 1731 advenimus,
1047 1686 1113 1725 ubi
1145 1687 1312 1738 primum
1344 1694 1486 1726 terram
1521 1688 1727 1739 tetigimus,

180 1754 368 1792 continuo
400 1754 630 1805 Amphitruo
662 1754 803 1806 delegit
917 1755 1019 1793 viros
1049 1755 1264 1806 primorum
1296 1755 1518 1806 principes;

180 1834 246 1859 eos
276 1820 387 1871 legat,
420 1821 601 1861 Telobois
632 1821 739 1861 iubet
854 1822 1087 1861 sententiam
1121 1829 1163 1861 ut
1192 1824 1323 1862 dicant
1353 1836 1481 1863 suam:
1852 1832 1908 1866 205

179 1887 209 1926 si
240 1888 325 1927 sine
357 1889 389 1927 vi
421 1896 458 1928 et
488 1889 572 1928 sine
604 1889 703 1928 bello
736 1890 855 1929 velint
971 1897 1077 1942 rapta
1109 1897 1145 1929 et
1178 1898 1354 1942 raptores
1385 1892 1550 1938 tradere,

178 1955 208 1994 si
241 1967 338 2006 quae
371 1963 636 2007 asportassent
666 1957 884 2003 redderent,
1000 1970 1040 1997 se
1072 1959 1286 1997 exercitum
1317 1959 1508 2010 extemplo
1540 1959 1697 1997 domum

178 2022 443 2069 reducturum,
475 2022 648 2063 abituros
680 2036 772 2074 agro
888 2025 1062 2076 Argivos,
1095 2038 1228 2076 pacem
1260 2033 1377 2078 atque
1408 2027 1529 2065 otium

179 2089 269 2128 dare
300 2090 396 2137 illis;
427 2090 485 2129 sin
518 2091 627 2130 aliter
657 2091 759 2130 sient
874 2093 1031 2132 animati
1065 2106 1192 2144 neque
1223 2095 1317 2133 dent
1348 2107 1445 2146 quae
1477 2102 1594 2146 petat,

292 2281 353 2313 182
378 2279 538 2314 studeam
556 2280 591 2314 B
614 2285 698 2315 aule
721 2291 815 2316 corr.
943 2283 1088 2325 gratias,
1115 2293 1210 2317 corr.
1237 2283 1386 2319 Heinius
1517 2287 1578 2320 183
1606 2294 1686 2320 c'GL.
1712 2286 1751 2326 2,
1769 2285 1837 2320 260

173 2332 405 2379 βωλοκόπος
429 2335 631 2379 occiliator3
655 2339 922 2383 ssw).oot901pa3
947 2348 1034 2372 occo
1060 2338 1184 2373 occilio
1211 2340 1353 2383 pastino
1377 2340 1559 2384 repastino
1687 2343 1749 2376 184
1774 2342 1834 2386 qui

172 2389 260 2425 BD¹
369 2393 429 2426 187
454 2392 659 2436 potiremur,
684 2393 765 2428 item
790 2393 933 2428 Nonius
957 2395 1023 2429 498
1126 2395 1218 2430 (1οωί
1243 2401 1395 2431 testatur
1418 2396 1579 2431 Nouius:
1603 2396 1745 2432 domum

179 2450 237 2482 159
255 2446 391 2482 hiatum
417 2459 489 2482 nou
506 2447 641 2484 hiatum
668 2449 704 2483 in
731 2449 885 2485 ablativo
911 2461 985 2484 uon
1009 2451 1142 2486 notabo
1159 2453 1370 2497 sinqillalim
1461 2453 1691 2488 internecatis
1723 2454 1834 2490 hosti-

172 2503 239 2538 bus
271 2504 458 2539 molestum
485 2508 570 2550 post
595 2516 623 2540 υ.
642 2506 704 2539 188
734 2506 839 2540 uictis
870 2506 1044 2542 hostibus.
1091 2508 1140 2552 cf.
1166 2507 1266 2542 Pers.
1293 2510 1367 2543 753.
1394 2509 1484 2553 fort.
1513 2521 1540 2544 υ.
1570 2510 1633 2544 188
1661 2515 1745 2545 ante
1771 2512 1833 2546 195

166 2559 359 2605 ponendus
498 2564 558 2595 190
594 2561 655 2606 qui
789 2562 920 2607 populo
1063 2565 1124 2598 192
1149 2565 1382 2610 ampytrionis
1411 2565 1463 2608 E,
1492 2566 1575 2601 item
1600 2570 1649 2610 (p)
1677 2568 1744 2601 242

176 2618 236 2650 199
261 2620 336 2650 tum
367 2627 435 2653 om.
461 2617 587 2652 B¹DE
721 2621 786 2652 202
818 2619 849 2654 si
876 2617 926 2663 E,
957 2619 1056 2655 ,Noui
1085 2622 1151 2654 351
1185 2621 1348 2656 codicum
1375 2633 1471 2668 pars
1501 2628 1587 2662 (uon
1612 2622 1743 2669 Luqcl.)

170 2671 259 2707 haec
283 2672 535 2709 Fleckeisenus
673 2677 736 2709 207
762 2685 850 2720 quas
878 2676 927 2710 Β1
1064 2677 1213 2712 reddere
1238 2678 1289 2713 B2
1426 2680 1456 2714 si
1482 2680 1516 2715 B
1655 2683 1719 2715 ‘208
1744 2682 1835 2717 mire

169 2728 325 2773 Aryl'vos
357 2735 557 2777 nuncupat,
594 2733 700 2776 qnasi
727 2731 867 2767 Helena
899 2744 921 2767 a
955 2732 1120 2768 Troianis
1153 2739 1331 2780 poscatur
1468 2738 1532 2771 209
1568 2737 1676 2772 sient:
1712 2740 1834 2773 essent

169 2782 314 2819 Nonius
347 2786 428 2828 128,
460 2786 593 2822 fuerint·
626 2788 790 2823 Donatus
820 2788 869 2824 acl
892 2788 985 2824 Eun.
1021 2793 1056 2832 1,
1089 2794 1125 2833 1,
1160 2794 1176 2825 l
1314 2795 1441 2836 petant
1464 2792 1531 2834 12¹,
1566 2793 1727 2836 Nonius,
1759 2793 1832 2830 Do-

171 2847 281 2875 natus
