2018 3183
251 94 331 132 334
995 87 1174 123 PLAVTI
1720 89 1749 117 v
1767 89 1794 124 2,
1807 89 1912 118 24-46

248 211 417 250 PHAED.
468 209 644 261 luppiter
673 213 724 254 te,
756 205 879 252 miles,
902 202 1048 256 perdat,
1080 202 1287 243 intestatus
1315 203 1431 243 vivito
1442 216 1452 252 ;

248 285 286 317 at
303 291 388 329 ego,
411 289 526 328 quem
545 276 646 322 licet,
668 281 719 313 te.
765 272 906 312 accede
921 271 1012 310 huc.
1057 270 1195 310 THER.
1226 271 1385 310 Servom
1401 269 1614 311 antestari?
1659 271 1786 312 Cvnc.
1803 271 1910 311 Vide.

249 357 308 384 em
332 351 376 384 ut
395 344 494 384 scias
515 355 576 382 me
598 341 765 381 liberum
788 331 885 379 esse.
936 350 1029 389 ergo
1052 337 1204 377 ambula
1227 338 1265 378 in
1288 339 1361 378 ius.
1409 339 1546 381 ΤΗΕΒ.
1587 339 1659 378 Em
1680 339 1763 379 tibi.
1840 346 1980 379 624.625

248 413 290 453 C.
343 412 374 451 Ο
406 411 520 455 cives,
553 410 668 449 cives.
726 408 772 449 T.
817 406 918 454 Quid
942 404 1112 446 clamas?
1170 405 1250 446 PH.
1300 405 1400 452 Quid
1431 406 1502 446 tibi
1530 407 1646 447 istum
1677 407 1793 446 tactio
1824 405 1912 448 est?

246 481 291 520 T.
342 479 440 525 Quia
463 478 556 518 mihi
578 477 745 517 lubitum
767 482 835 515 est.
867 476 946 514 ΡΗ.
978 474 1128 514 Accede
1152 474 1228 514 huc
1250 480 1303 521 tu,
1325 487 1397 526 ego
1420 475 1530 514 illum
1551 474 1620 515 tibi
1641 474 1791 523 dedam,
1813 481 1911 516 tace.

246 548 380 588 PLAN.
410 546 666 592 Phaedrome,
683 544 848 584 obsecro
865 555 972 583 serva
990 554 1066 581 me.
1111 542 1190 583 ΡΗ.
1220 541 1434 593 Tamquam
1460 554 1522 582 me
1538 549 1577 582 et
1591 543 1752 594 genium
1769 555 1912 584 meum.

248 615 369 663 miles,
401 627 546 666 quaeso
576 610 661 667 (te)
690 620 733 652 ut
763 611 857 650 mihi
889 610 993 650 dicas
1024 610 1128 649 unde
1160 609 1269 649 illum
1299 609 1442 650 habeas
1471 610 1646 657 anulum,

247 695 365 734 quem
395 682 589 735 parasitus
619 681 681 720 hic
713 686 749 719 te
781 679 906 719 elusit..
965 679 1099 719 PLAN.
1148 678 1224 717 Per
1255 684 1319 717 tua
1350 689 1479 729 genua
1510 683 1547 717 te
1578 678 1756 726 obsecro,

247 757 291 790 ut
321 763 394 790 nos
424 750 541 789 facias
571 748 771 789 certiores.
829 747 968 787 THER.
1019 746 1119 792 Quid
1151 746 1252 786 istuc
1281 745 1327 785 ad
1359 758 1426 785 vos
1456 744 1623 785 attinet?

248 819 444 869 quaeratis
475 817 718 869 chlamydem
750 821 788 855 et
818 815 1060 854 machaeram
1092 814 1192 853 hanc
1224 814 1328 852 unde
1359 814 1405 853 ad
1436 826 1498 853 me
1528 813 1764 865 pervenerit.

246 886 375 927 Cvnc.
427 886 473 924 Vt
502 885 646 924 fastidit
675 883 882 935 gloriosus.
940 882 1078 922 Tame.
1128 881 1236 920 Mitte
1267 881 1398 928 istum,
1429 892 1502 932 ego
1533 881 1657 921 dicam
1689 882 1832 921 omnia.

246 955 375 996 Cvsso.
424 953 527 993 Nihil
558 958 617 992 est
647 951 751 1003 quod
783 951 846 990 ille
877 951 981 990 dicit.
1039 950 1173 989 PLAN.
1224 949 1300 988 Fac
1331 961 1393 988 me
1425 949 1647 996 certiorem,
1679 949 1855 989 obsecro.

1925 685 1983 718 630

330 1089 467 1128 THER.
518 1088 600 1139 Ego
622 1086 759 1134 dicam,
790 1097 920 1137 surge.
979 1086 1080 1124 hanc
1110 1097 1192 1124 rem
1224 1084 1325 1136 agite
1356 1090 1472 1136 atque
1510 1084 1683 1123 animum
1714 1084 1912 1124 advortite.
1926 1091 1984 1123 635

332 1163 441 1209 pater
471 1168 583 1195 meus
613 1154 748 1194 habuit
778 1153 1004 1205 Periplanes
1036 1152 1287 1194 -t-Planesium

332 1226 364 1265 is
393 1224 503 1277 prius
534 1235 650 1275 quam
682 1222 850 1262 moritur
879 1221 973 1260 mihi
1004 1221 1109 1260 dedit
1140 1227 1336 1272 tamquam
1367 1232 1452 1267 suo,

334 1300 377 1332 nt
406 1305 571 1344 aequom
602 1292 740 1339 suerat,
773 1290 863 1330 filio.
922 1290 1056 1330 PLAN.
1106 1289 1181 1328 Pro
1214 1288 1402 1340 Iuppiter.

330 1362 467 1402 THER.
518 1360 568 1399 Et
596 1359 669 1399 isto
701 1371 762 1398 me
792 1358 978 1397 heredem
1008 1357 1112 1397 fecit.
1172 1357 1305 1397 PLAN.
1352 1353 1436 1411 (0)
1466 1356 1592 1396 Pietas
1622 1367 1719 1403 mea,

331 1441 439 1469 serva
471 1441 545 1476 me,
578 1427 734 1479 quando
766 1439 838 1476 ego
869 1432 907 1466 te
937 1426 1083 1465 servavi
1114 1426 1262 1465 sedulo.

332 1498 453 1536 frater
481 1497 549 1544 mi⁷
579 1496 694 1536 salve.
753 1495 891 1535 TnER.
942 1494 1015 1540 Qui
1047 1493 1201 1533 credam
1235 1505 1307 1544 ego
1339 1491 1468 1532 istuc?
1501 1492 1609 1539 cedo,

332 1565 364 1605 si
394 1577 483 1604 vera
516 1576 724 1609 memoras,
756 1575 855 1614 quae
887 1563 959 1602 suit
988 1568 1112 1602 mater
1144 1560 1239 1601 tua?

330 1634 464 1674 PLAN.
515 1633 712 1673 Cleobula.
771 1633 909 1672 THER.
958 1630 1096 1670 Nutrix
1128 1642 1226 1682 quae
1255 1628 1356 1670 fuit?
1414 1630 1548 1670 PLAN.
1577 1627 1838 1668 Archestrata.

333 1714 378 1742 ea
408 1714 470 1741 me
502 1706 720 1753 spectatum
752 1700 894 1739 tulerat
924 1710 997 1750 per
1027 1698 1222 1750 Dionysia.
1840 1701 1983 1734 644.615

333 1775 540 1822 postquam
573 1769 637 1808 illo
669 1774 827 1807 ventum
860 1773 929 1813 est,
962 1767 1048 1813 iam,
1081 1772 1123 1805 ut.
1153 1778 1214 1805 me
1245 1765 1514 1812 collocaverat,

360 1907 425 1940 622
450 1904 552 1939 miles
577 1902 638 1937 L..·
661 1902 773 1945 male3
805 1901 854 1946 cf.
884 1901 958 1936 720
985 1899 1087 1946 Capt.
1114 1900 1191 1935 909
1306 1901 1370 1934 623
1396 1898 1483 1933 Mn..
1503 1908 1667 1945 praem„
1695 1896 1920 1933 Phaedromi

245 1972 322 1999 esse
348 1961 598 1998 Curculionem
628 1958 879 2004 compellantis
910 1956 999 1993 vidit
1032 1955 1222 2002 Vssinqius
1338 1958 1372 1991 te
1403 1955 1479 1990 scil.
1511 1957 1674 1991 antestor
1790 1953 1859 1989 ΤΗ.
1886 1952 1915 1988 I.

246 2018 442 2054 Roberlus:
466 2017 576 2052 Cvnc.
669 2026 788 2050 serum
808 2013 885 2049 BV
976 2014 1086 2049 Cch.
1115 2012 1324 2058 Vssinqius:
1351 2012 1438 2047 Mn„
1532 2011 1614 2047 vide
1630 2011 1681 2056 cf.
1699 2009 1918 2046 Ribbeckius
1969 2059 1973 2065 Ι

244 2086 281 2121 p.
310 2076 358 2110 96
473 2076 550 2107 624.
585 2074 626 2106 25
662 2071 771 2107 Cvssc.
801 2082 941 2116 praem.
980 2069 1063 2112 VE,
1095 2070 1184 2104 M111.
1217 2079 1359 2104 erasum
1390 2068 1425 2104 B
1516 2069 1598 2103 hem
1712 2077 1817 2111 ergo:
1850 2077 1916 2111 age

247 2131 404 2167 Brioeius
427 2128 650 2165 Flcclcciscni
675 2139 761 2163 (ιηη.
786 2128 870 2168 123,
892 2128 952 2168 52,
977 2126 1027 2171 cf.
1048 2125 1243 2161 Not-denus
1265 2136 1354 2160 mus.
1382 2124 1494 2160 Rlicn.
1513 2125 1574 2166 49,
1591 2124 1672 2159 206
1764 2122 1833 2158 ΤΗ.
1860 2133 1916 2158 em

255 2187 288 2223 V
285 2186 464 2233 ssinqius:
483 2197 538 2222 em
609 2187 673 2219 626
688 2184 753 2219 Pa.
768 2194 910 2230 praem.
923 2182 958 2218 B
1029 2193 1049 2218 ο
1065 2194 1131 2218 om.
1146 2182 1180 2217 B
1249 2182 1317 2217 PH.
1336 2192 1404 2216 om.
1420 2180 1472 2216 B²
1540 2180 1607 2216 tibi
1623 2180 1733 2216 istum
1751 2178 1917 2216 Guietus:

245 2245 355 2280 istum
377 2243 462 2287 tibi;
487 2242 536 2288 cf.
569 2241 727 2277 Bachius
751 2241 786 2275 in
804 2239 1046 2275 Studcmmzcli
1067 2240 1158 2275 stud.
1183 2241 1221 2281 2,
1245 2239 1323 2274 243
1415 2240 1478 2273 627
1505 2236 1758 2272 Phaedromus
1784 2235 1916 2272 Curcu-

246 2301 339 2337 lioni
372 2300 479 2340 dicit,
511 2299 559 2342 cf.
593 2297 810 2333 Ribbeckz'us
837 2298 886 2331 95
895 2307 949 2342 sq.
1067 2299 1131 2331 628
1157 2296 1220 2331 PL.
1255 2295 1480 2341 Seyffertus:
1509 2294 1643 2338 (ἔπεος
1679 2293 1729 2338 cf.
1762 2290 1917 2328 Ribbelc-

245 2357 327 2392 lcius
418 2367 475 2391 me
492 2358 529 2391 et
550 2355 693 2399 genium
713 2353 745 2389 Β
752 2369 763 2388 .·
788 2353 1017 2398 metigenium
1040 2352 1080 2395 V,
1104 2354 1215 2389 metin
1231 2352 1374 2397 genium
1392 2350 1428 2386 Ε
1517 2352 1582 2385 629
1606 2350 1690 2395 (te)
1713 2347 1759 2384 E.
1779 2347 1916 2384 Beclce-

245 2425 310 2449 νας
403 2415 467 2447 630
492 2423 558 2457 per
574 2414 638 2448 tua
656 2410 760 2446 BE2:
783 2414 962 2456 perpetua
988 2409 1016 2444 V
1019 2409 1054 2444 E
1059 2411 1069 2431 ¹
1162 2412 1227 2445 632
1253 2408 1441 2444 clamidem
1534 2409 1601 2442 634
1616 2406 1680 2441 Pn.
1698 2404 1914 2440 Lambinus:

245 2472 313 2507 PH.
428 2471 513 2516 (te)
537 2468 686 2503 obsecro
713 2467 870 2502 Botliius
986 2469 1050 2502 635
1083 2477 1198 2502 novae
1226 2475 1380 2501 scaenae
1405 2463 1567 2499 inscribit
1589 2473 1700 2497 mnes
1728 2461 1773 2504 B,
1796 2471 1913 2496 mmm

256 2527 325 2564 VE
414 2530 479 2563 636
498 2526 721 2570 Periphanes
739 2523 831 2559 Pius
920 2523 1124 2566 planesium
1142 2521 1265 2558 codsa.-
1287 2521 1352 2556 ΡΒ.
1375 2522 1457 2556 hem
1474 2519 1698 2564 Periphanes
1715 2517 1914 2559 Acidalius,

251 2585 447 2627 Bentleius,
472 2582 749 2620 Flecloeisenus:
781 2581 915 2625 <istum
938 2579 1109 2623 anulum>
1133 2577 1362 2614 Abrahamus
1384 2577 1478 2613 stud.
1503 2576 1560 2611 Pl.
1593 2576 1690 2617 219;
1719 2575 1814 2620 fort.
1844 2573 1917 2609 tale

247 2641 353 2688 quid:
385 2641 449 2676 PL.
476 2640 562 2686 quid
593 2639 730 2675 audio?
761 2637 870 2685 Epicl.
896 2638 971 2672 434
1004 2636 1156 2672 contulit
1181 2634 1351 2671 Goelzias
1468 2635 1533 2668 639
1556 2632 1646 2677 iste,
1676 2631 1828 2667 correxi

246 2698 316 2744 <ο>
340 2710 358 2735 ς
471 2700 534 2732 641
563 2696 624 2741 qui
648 2706 713 2740 ego
736 2695 831 2730 istuc
857 2694 1002 2730 credam
1026 2692 1280 2728 Fleckeisenus
1387 2689 1475 2725 haec
1498 2690 1537 2724 in
1561 2689 1702 2725 brevius
1726 2691 1916 2723 contracta

246 2765 322 2790 esse
346 2758 503 2801 apparet
595 2756 658 2788 643
689 2751 856 2788 cleobula
884 2754 1031 2797 praeter
1056 2750 1110 2785 cle
1135 2760 1158 2783 α
1182 2759 1276 2784 corr.
1302 2747 1349 2789 B,
1373 2747 1412 2781 in
1435 2757 1505 2792 mq.
1530 2747 1550 2781 1
1574 2757 1619 2780 m.
1647 2745 1764 2781 cleobi
1787 2743 1916 2779 ceteris

247 2811 415 2846 abscissis
508 2811 731 2846 arthestrata
748 2809 783 2844 B
877 2811 953 2843 644.
972 2810 1038 2843 645
1060 2807 1152 2852 fort.
1169 2805 1302 2848 tetulit,
1326 2805 1377 2850 cf.
1396 2804 1508 2840 Poen.
1525 2803 1646 2845 1067‚·
1672 2802 1753 2838 Cist.
1775 2802 1825 2837 90

247 2867 403 2903 dionisia
491 2871 576 2913 post
600 2866 696 2901 hunc
719 2877 860 2902 versum
886 2865 1052 2900 lacunam
1077 2864 1205 2899 statuit
1228 2860 1482 2898 Fleckeisenus

1925 1429 1984 1462 610
