1998 3179
65 94 95 121 11
114 95 140 127 3,
155 94 258 122 32—56
479 112 484 118 ι
757 92 1029 129 MERCATOR
1644 95 1697 131 45
1707 97 1725 132 1

180 220 291 248 meus
307 209 417 259 pater
432 206 496 246 hic
512 207 667 258 quidem
684 213 743 247 est
759 219 876 258 quem
885 206 1010 246 video.
1042 207 1121 255 ibo,
1139 207 1339 258 adloquar.
1416 207 1506 256 quid
1525 208 1579 255 fit,
1590 207 1729 260 pater?

180 275 297 317 DEM.
346 275 456 314 Vnde
476 275 638 323 incedis,
669 275 761 326 quid
783 275 957 323 festinas,
988 281 1105 326 gnate
1126 273 1209 314 mi?
1268 275 1405 315 CHAR.
1445 274 1582 323 Recte,
1603 282 1727 328 pater.

179 342 297 384 DEM.
345 342 402 382 Ita
431 343 532 390 volo,
562 343 628 383 sed
659 343 759 382 istuc
791 342 885 394 quid
914 348 985 390 est,
1016 342 1085 382 tibi
1117 342 1221 394 quod
1253 348 1530 383 commutatust
1560 342 1700 383 color?

183 410 374 461 numquid
403 410 472 450 tibi
492 409 626 450 dolet?
684 410 821 451 CHAR.
861 411 1000 449 Nescio
1031 410 1124 461 quid
1156 422 1243 450 meo
1264 411 1433 450 animost
1454 423 1582 462 aegre,
1605 418 1728 464 pater.

181 483 293 528 poste
323 478 395 517 hac
425 484 542 517 nocte
569 491 652 517 -non
685 478 813 530 quievi
843 478 935 518 satis
964 489 1049 516 mea
1079 490 1126 516 ex
1157 478 1362 517 sententia.

179 544 297 584 DEM.
347 543 437 596 [Per
466 557 572 584 mare
602 551 646 584 ut
674 545 832 591 vectu’s‚
865 557 972 584 nunc
1002 544 1106 584 oculi
1136 550 1279 583 terram
1311 545 1506 585 mirantur
1535 546 1605 586 tui.

183 612 259 652 Cn.
291 612 412 663 Magis
436 612 579 664 opinor
595 635 649 641 -——
678 612 730 652 D.
753 611 794 651 ld
818 617 877 651 est
897 612 1097 663 profect0;
1118 624 1252 651 verum
1274 618 1446 651 actutum
1469 613 1730 666 abscesserit]

183 692 275 730 ergo
308 680 446 730 edepol
475 679 609 730 palles.
669 679 701 718 si
730 679 868 730 sapias,
900 691 964 718 eas
993 691 1037 718 ac
1067 679 1280 719 decumbas
1310 680 1427 719 domi.

181 746 318 787 CHAR.
369 746 501 786 Otium
533 759 614 785 non
646 752 723 786 est:
755 745 946 786 mandatis
975 746 1095 786 rebus
1124 747 1319 798 praevorti
1351 747 1452 787 volo.

1741 483 1797 516 370

182 814 299 854 DEM.
350 814 443 854 Cras
464 814 580 865 agito,
601 814 790 866 perendie
811 814 927 866 agito.
969 814 1107 854 CHAR.
1149 815 1271 866 Saepe
1302 827 1347 854 ex
1369 821 1407 854 te
1429 815 1567 863 audivi,
1598 821 1800 868 patert375

182 882 239 920 rei
270 881 474 921 mandatae
506 882 634 921 omnis
663 882 851 934 sapientis
879 882 1049 933 primum
1083 883 1277 932 praevorti
1308 883 1431 922 decet.

181 949 298 990 DEM.
346 949 427 1000 Age
457 950 594 1001 igitur3
627 950 718 989 nolo
748 949 945 989 advorsari
975 955 1081 989 tuam
1111 950 1316 990 advorsum
1345 951 1592 991 sententiam.

183 1017 320 1057 CHAR.
370 1017 504 1057 Salvos
534 1029 639 1065 sum,
679 1017 872 1068 siquidem
900 1017 964 1057 isti
1004 1018 1107 1057 dicto
1147 1017 1269 1057 solida
1300 1024 1338 1057 et
1367 1024 1595 1071 perpetuast
1623 1018 1731 1058 fides.

183 1084 302 1125 DEM.
352 1085 453 1131 Quid
485 1085 576 1124 illuc
606 1084 791 1136 estquod
821 1085 885 1124 ille
915 1087 936 1123 a
957 1097 1018 1123 me
1049 1085 1155 1125 solus
1176 1097 1218 1124 se
1248 1085 1288 1125 in
1311 1085 1518 1125 consilium
1549 1084 1733 1126 sevocat?

185 1151 288 1204 [iam]
321 1155 400 1191 non
432 1165 569 1192 vereor
598 1165 647 1192 ne
677 1153 780 1192 illam
812 1165 874 1192 me
904 1164 1034 1191 amare
1064 1153 1127 1192 hic
1156 1154 1329 1205 potuerit
1360 1155 1590 1203 resciscere;

184 1221 330 1271 quippe
360 1220 461 1259 haud
493 1221 608 1260 etiam
638 1221 848 1272 quicquam
878 1221 1010 1275 inepte
1041 1221 1126 1268 feci,
1158 1227 1332 1261 amantes
1363 1228 1407 1261 ut
1438 1223 1578 1261 solent.

185 1287 322 1328 CHAR.
361 1288 437 1327 Res
459 1288 586 1328 adhuc
607 1289 762 1340 quidem
784 1288 915 1327 hercle
937 1289 977 1327 in
1002 1294 1135 1335 tutost,
1160 1301 1248 1328 nam
1270 1289 1377 1328 hunc
1403 1290 1554 1329 nescire
1575 1295 1633 1329 sat
1654 1290 1734 1329 scio

186 1356 233 1394 de
263 1356 324 1394 illa
355 1356 496 1405 amica3
528 1356 632 1407 quod
663 1356 694 1395 si
725 1356 855 1403 sciret,
886 1363 988 1395 esset
1018 1356 1090 1395 alia
1123 1357 1261 1395 oratio.

185 1423 238 1462 D.
261 1422 363 1468 Quin
383 1435 455 1474 ego
470 1424 577 1462 hunc
592 1423 798 1473 adgredior
814 1424 861 1463 de
877 1422 968 1462 illa?
1018 1423 1095 1464 CH.
1131 1424 1234 1470 Quin
1253 1436 1325 1475 ego
1347 1424 1440 1463 hinc
1461 1437 1522 1463 me
1545 1421 1735 1463 amolior?

1746 1158 1802 1191 380

187 1502 233 1529 eo
256 1502 342 1541 ego,
373 1497 416 1530 ut
437 1503 534 1542 quae
556 1491 736 1530 mandata
757 1491 904 1530 amicus
933 1491 1066 1530 amicis
1088 1491 1248 1530 tradam.
1296 1492 1414 1532 DEM.
1454 1491 1577 1531 Immo
1601 1495 1805 1539 mane;385

185 1558 348 1609 paucula
380 1559 494 1598 etiam
526 1558 722 1598 sciscitare
751 1559 862 1610 prius
891 1559 990 1598 volo.
1050 1559 1187 1599 CHAR.
1238 1560 1306 1599 Dic
1337 1560 1428 1611 quid
1460 1559 1565 1598 velis.

187 1624 303 1665 DEnL
329 1625 510 1677 Vsquene
531 1625 711 1666 valuisti?
746 1626 883 1667 CHAR.
914 1626 1108 1678 Perpetuo
1131 1633 1248 1674 recte,
1270 1627 1361 1667 dum
1385 1627 1539 1678 quidem
1562 1627 1639 1666 illic
1660 1627 1736 1674 sui3

185 1705 319 1732 verum
350 1694 389 1732 in
413 1700 571 1745 portum
593 1694 670 1733 huc
701 1701 743 1733 ut
764 1706 850 1734 sum
871 1694 1065 1742 advectus,
1090 1695 1222 1734 neseio
1245 1695 1309 1746 qui
1331 1696 1484 1735 animus
1505 1695 1599 1734 mihi
1620 1695 1736 1734 dolet.

186 1760 304 1800 DEM.
353 1762 502 1801 Nausea
534 1761 673 1813 edepol
704 1763 847 1801 factum
879 1763 1018 1810 credo;
1048 1774 1183 1801 verum
1215 1769 1388 1802 actutum
1421 1762 1665 1803 abscesserit.

189 1829 255 1867 sed
287 1829 377 1879 quid
409 1828 495 1869 ais?
527 1841 689 1880 ecquam
720 1836 762 1869 tu
795 1829 944 1868 advexti
976 1836 1063 1869 tuae
1096 1831 1207 1869 matri
1239 1831 1416 1870 ancillam
1450 1843 1470 1869 e
1501 1828 1671 1869 Rhodo?

190 2007 256 2039 366
282 2010 321 2040 ut
343 2015 370 2040 S.
397 2005 452 2040 B:
483 2010 596 2051 me]us
621 2010 782 2051 pa]‘ger—
806 2009 857 2049 Α,
887 2018 988 2042 meus
1018 2007 1161 2052 quidem
1190 2007 1249 2043 hie
1282 2011 1386 2053 pater
1418 2010 1473 2043 est
1506 2007 1568 2042 CD
1680 2006 1740 2041 ibo

76 2070 143 2095 om.
161 2060 197 2095 B
267 2063 331 2096 368
350 2063 463 2106 quod:
489 2063 573 2107 quid
591 2054 631 2098 Β
695 2064 781 2108 quid
798 2063 892 2099 istuc
910 2063 1074 2098 Bacln'as
1091 2064 1128 2097 in
1145 2062 1383 2099 Studemundi
1406 2065 1501 2100 stud.
1519 2065 1556 2105 2,
1574 2063 1651 2097 234

77 2119 142 2151 370
167 2119 295 2162 postea
321 2117 382 2153 OD
463 2129 520 2154 me
605 2121 670 2154 3ῖῖ
695 2124 779 2154 ante
800 2120 839 2155 id
856 2130 957 2166 pers.
973 2131 1029 2165 sp.
1048 2130 1117 2155 om.
1135 2121 1166 2154 A
1182 2123 1222 2154 ut
1238 2119 1307 2155 vid.
1392 2124 1584 2165 utrumque
1600 2130 1741 2154 versum

77 2174 215 2208 notavit
240 2172 430 2220 Vssinqius
453 2178 589 2215 (versus
606 2176 805 2210 387—389
821 2175 1065 2218 Ritsclzele'us).
1104 2175 1241 2212 scilicet
1257 2177 1322 2221 qui
1336 2186 1461 2211 versus
1478 2177 1556 2211 371.
1576 2177 1651 2210 372
1668 2186 1742 2222 pro

77 2239 106 2263 υ.
132 2229 206 2263 389
234 2229 366 2274 finxit,
402 2231 513 2267 totius
544 2232 618 2267 loci
645 2233 842 2267 373—389
871 2232 1120 2278 compendium
1150 2233 1189 2266 in
1221 2233 1363 2268 actione
1395 2232 1478 2276 fieri
1511 2232 1652 2268 volebat

78 2286 258 2320 373—388
280 2297 482 2331 paucorum
500 2298 664 2323 versuum
681 2289 804 2324 exitus
820 2293 1003 2335 apparent
1018 2290 1049 2323 A
1142 2291 1205 2322 373
1224 2288 1320 2334 palle
1339 2287 1399 2323 CI)
1492 2291 1555 2323 375
1574 2289 1743 2333 agiopere

78 2341 136 2376 die
153 2340 189 2375 Β
282 2344 346 2377 378
371 2343 483 2379 dicito
506 2343 537 2378 B
630 2348 694 2380 379
717 2345 782 2380 illa.
804 2355 860 2380 me
880 2344 953 2386 OD,
979 2356 1060 2380 mea
1082 2355 1139 2380 me
1157 2345 1203 2387 B,
1228 2356 1320 2380 corr.
1346 2344 1520 2390 Anqelius
1544 2346 1618 2385 (hic
1641 2356 1664 2381 a
1686 2355 1743 2380 me

77 2397 306 2443 Anspaclzius
330 2399 374 2434 de
398 2399 534 2434 Bacch.
558 2401 621 2443 255
714 2401 777 2436 sed
803 2401 838 2436 B
931 2405 1079 2437 seuocat
1102 2401 1154 2436 P:
1179 2405 1278 2444 -ecat
1301 2402 1333 2436 A
1358 2402 1561 2446 (segregati)
1595 2401 1741 2436 Schoel—

79 2452 160 2491 lius)
265 2457 329 2490 380
357 2455 452 2501 [iam]
477 2455 636 2492 Brixius
728 2467 837 2492 uereo
865 2457 924 2493 CD
1028 2460 1087 2493 331
1117 2461 1182 2494 aut
1285 2458 1418 2494 faciam
1442 2460 1527 2493 ante
1551 2460 1592 2493 ut
1617 2457 1651 2492 B

79 2510 145 2542 382
170 2510 241 2544 huc
265 2510 302 2545 B
395 2515 460 2547 385
485 2514 620 2549 amicus
647 2513 726 2549 CD:
758 2514 912 2549 amicum
939 2514 973 2548 B
1065 2514 1237 2549 mandata
1265 2514 1401 2549 scilicet
1417 2514 1570 2560 pereqri
1593 2518 1743 2560 accepta

73 2575 148 2610 pro
182 2566 362 2602 amicitiae
392 2568 466 2613 fide
496 2571 622 2605 amicis
654 2569 780 2605 tradet
829 2570 966 2605 amicus
1000 2570 1126 2605 amicis
1159 2581 1268 2616 quam
1300 2570 1582 2616 explicationem
1613 2568 1742 2604 habeat

81 2620 169 2655 alibi
182 2624 344 2667 exposui
410 2627 475 2661 386
499 2626 704 2661 scisscitare
724 2625 783 2668 9¹,
801 2626 977 2662 suscitare
996 2626 1051 2667 B,·
1072 2627 1198 2672 potius
1214 2625 1393 2661 sciscitari
1409 2625 1652 2668 (Bitscleelius)

82 2678 145 2711 387
171 2688 286 2722 usque
309 2678 346 2713 Β
437 2684 502 2717 388
527 2683 611 2726 quia.
633 2682 739 2717 nimis
765 2681 800 2717 B
893 2685 958 2718 389
985 2693 1100 2717 nause
1125 2682 1160 2717 Β
1252 2683 1301 2727 cs.
1328 2683 1413 2717 372.
1460 2682 1594 2728 optime
1616 2681 1743 2727 incipit

81 2732 358 2770 sciscitationem
382 2747 405 2770 a
428 2737 631 2773 valetudine
663 2738 725 2783 qni
755 2739 893 2773 incerto
918 2739 1015 2784 pede
1047 2739 1141 2774 viam
1171 2738 1220 2773 ad
1250 2739 1366 2784 ipsam
1395 2749 1470 2774 rem
1494 2737 1655 2782 adfectet

83 2791 262 2824 390—406
279 2801 405 2836 pauca
428 2792 466 2826 in
489 2804 654 2828 versuum
679 2793 793 2829 initiis
815 2796 972 2830 servavit
994 2796 1026 2830 Α
1135 2797 1200 2830 390
1225 2795 1375 2830 aduexit
1403 2794 1446 2837 Β,
1470 2794 1602 2830 adnexi
1629 2793 1658 2829 C

83 2855 103 2880 e
126 2856 195 2880 om.
222 2845 257 2881 B
286 2847 349 2891 (cfl
372 2858 402 2882 e.
425 2859 461 2893 9.
487 2848 623 2884 Bacch.
650 2850 732 2892 574)
823 2850 938 2886 rohdo
962 2849 999 2884 B

1403 2908 1474 2942 29*

1750 1833 1807 1866 390
