1998 3179
88 90 139 124 11,
156 91 259 118 38—64
784 89 1055 126 BACCHIDES
1663 94 1741 131 133

88 216 159 256 pro
191 205 297 244 hasta
326 204 436 252 talos,
467 217 539 256 pro
569 205 689 244 lorica
719 205 908 244 malacum
939 205 1086 256 capiam
1115 205 1285 256 pallium,

88 271 155 310 uhi
186 271 280 310 mihi
310 276 382 322 pro
413 284 513 323 equo
545 273 668 311 lectus
699 272 824 319 detur,
855 278 1026 312 scortum
1059 285 1129 324 pro
1161 280 1271 312 scuto
1301 273 1491 313 accubet?

88 351 208 391 apage
224 352 245 378 a
260 352 334 385 me,
352 352 485 391 apage.
506 340 552 380 B.
570 340 640 387 Ah,
659 340 822 378 nimium
836 340 944 379 ferus
959 353 1012 380 es.
1033 341 1078 380 P.
1096 341 1296 380 Mihisum.
1318 341 1364 381 B.
1382 341 1681 381 Malacissandus
1692 354 1744 381 es.

88 406 268 457 equidem
298 406 367 446 tibi
398 408 445 446 do
477 407 579 446 hanc
610 419 780 458 operam.
830 407 939 447 PIST.
984 408 1055 454 Ah,
1087 408 1250 447 nimium
1282 409 1450 460 pretiosa
1483 422 1522 448 es
1554 410 1744 461 operaria.

87 474 247 514 BACCH.
263 474 450 514 Simulato
462 487 523 513 me
534 486 677 513 amare.
698 474 808 514 PIST.
825 474 959 513 Vtrum
974 476 1044 525 ego
1062 475 1161 514 istuc
1178 476 1292 514 iocon
1311 476 1537 515 adsimulem
1548 489 1596 516 an
1615 474 1745 517 serio?
1775 483 1812 516 75

87 542 246 582 BACCH.
296 542 402 589 Heia,
433 542 508 581 hoc
539 554 653 593 agere
684 541 851 580 meliust.
902 541 1011 580 miles
1043 554 1161 592 quom
1192 543 1269 581 huc
1299 544 1487 590 adveniat,
1520 551 1557 583 te
1586 546 1673 585 volo

87 622 149 648 me
171 609 392 661 amplexari.
432 610 541 649 PIST.
580 609 680 655 Quid
703 621 748 648 eo
770 609 822 647 mi
844 622 943 660 opus
965 608 1049 648 est?
1089 609 1248 650 BACCH.
1294 610 1342 649 Vt
1362 611 1424 650 ille
1446 618 1483 650 te
1506 612 1629 652 videat
1645 615 1744 653 volo.

87 677 168 716 scio
186 677 278 727 quid
295 689 380 727 ago.
419 676 528 716 Plstr.
559 676 608 715 Et
623 677 689 728 pol
706 679 777 728 ego
794 676 874 716 scio
893 676 984 727 quid
1004 684 1146 716 metuo.
1164 678 1231 716 sed
1249 678 1339 728 quid
1358 677 1439 717 ais?
1471 678 1519 719 B.
1541 679 1642 725 Quid
1660 680 1746 720 est?

30 782 35 785 χ
86 743 196 784 PIST.
246 743 346 789 Quid
377 745 408 783 si
439 744 540 795 apud
571 751 609 783 te
641 744 792 783 eveniat
821 744 999 784 desubito
1031 745 1237 795 prandium
1269 753 1334 785 aut
1364 747 1509 797 potatio

89 812 188 851 forte
219 818 285 851 aut
315 824 424 859 cena,
454 818 498 850 ut
527 812 626 851 solet
655 812 695 850 in
726 811 809 851 istis
838 812 922 851 fieri
955 812 1235 859 conciliabulis,
1775 819 1813 852 80

87 878 153 918 ubi
184 891 255 930 ego
287 885 368 918 tum
391 878 647 919 accumbam?
704 879 865 920 BACCH.
915 864 1027 931 Apud
1058 892 1131 927 me,
1165 880 1214 918 mi
1242 880 1382 928 anime,
1414 887 1457 920 ut
1487 881 1637 932 lepidus
1659 895 1746 922 cum

490 947 616 999 lepida
648 947 822 986 accubet.

88 1014 196 1053 locus
226 1014 289 1053 hic
320 1014 421 1065 apud
454 1028 539 1062 nos,
571 1015 743 1066 quamvis
774 1015 903 1054 subito
934 1015 1080 1062 venias,
1111 1028 1266 1066 semper
1297 1015 1396 1055 liber
1428 1022 1497 1056 est.

87 1082 153 1121 ubi
183 1089 225 1121 tu
255 1082 382 1134 lepide
413 1082 517 1121 voles
548 1095 630 1122 esse
661 1082 743 1130 tibi,
774 1085 859 1121 mea
891 1094 990 1130 rosa,
1023 1082 1116 1121 mihi
1143 1083 1259 1121 dicito

84 1144 190 1188 ‘dato
221 1150 287 1201 qui
317 1150 419 1188 bene
448 1143 539 1189 sit³z
573 1162 643 1201 ego
676 1149 743 1189 ubi
774 1150 875 1189 bene
907 1150 956 1189 sit
985 1149 1054 1188 tibi
1086 1150 1215 1188 locum
1247 1150 1416 1201 lepidum
1451 1150 1562 1190 dabo.

86 1217 196 1257 PIST.
246 1217 418 1268 Rapidus
448 1217 586 1257 fluvius
617 1224 675 1257 est
704 1218 780 1265 hic,
813 1230 893 1256 non
926 1218 998 1256 hac
1030 1224 1174 1256 temere
1205 1219 1362 1257 transiri
1393 1224 1534 1269 potest.
1580 1224 1581 1227 ’
1776 1224 1814 1257 85

85 1284 246 1324 BACCH.
295 1286 422 1335 Atque
452 1291 603 1324 ecastor
633 1285 735 1336 apud
765 1285 871 1324 hunc
902 1285 1059 1324 fluvium
1092 1285 1233 1335 aliquid
1266 1286 1550 1336 perdundumst
1579 1286 1661 1325 tibi.

88 1364 247 1390 manum
258 1352 535 1403 daetsequere.
552 1353 597 1393 P.
609 1353 885 1399 Aha‚minime.
903 1352 949 1392 Β,
969 1351 1163 1398 Quidita‘?
1184 1353 1228 1393 P.
1247 1353 1748 1399 Quiaistocinlecebrosius

88 1420 171 1458 fieri
203 1420 257 1458 nil
288 1426 437 1470 potest:
472 1433 549 1459 nox
579 1421 720 1459 mulier
750 1421 883 1459 vinum
915 1420 1064 1458 homini
1096 1421 1400 1460 adulescentulo.

85 1486 246 1528 BACOH.
296 1488 376 1538 Age
407 1487 538 1538 igitur,
569 1487 748 1538 equidem
780 1487 846 1539 pol
879 1487 987 1526 nihili
1020 1488 1118 1525 facio
1151 1488 1224 1527 nisi
1256 1499 1371 1527 causa
1401 1495 1479 1527 tua.

87 1554 151 1594 ille
181 1554 338 1606 quidem
368 1555 470 1594 hanc
501 1554 690 1604 abducet3
721 1558 765 1594 tu
797 1555 927 1594 nullus
958 1555 1139 1598 adfueris,
1171 1556 1202 1594 si
1235 1568 1314 1594 non
1348 1555 1469 1595 lubet.
1776 1560 1814 1593 90

86 1621 195 1662 Pmr.
246 1622 393 1661 Sumne
424 1628 552 1662 autem
586 1623 707 1669 nihili,
739 1624 805 1674 qui
837 1635 1030 1674 nequeam
1062 1623 1221 1674 ingenio
1254 1623 1444 1662 moderari
1478 1622 1594 1662 meo?

85 1689 134 1730 B.
166 1689 266 1735 Quid
289 1696 346 1729 est
367 1691 468 1740 quod
492 1688 668 1729 metuas?
707 1690 752 1730 P.
782 1691 887 1730 Nihil
909 1696 979 1736 est,
1002 1702 1140 1740 nugae.
1164 1690 1314 1737 mulier,
1336 1691 1404 1730 tibi
1428 1704 1488 1730 me
1511 1704 1748 1743 emancupo:

86 1763 174 1797 tuos
203 1770 301 1805 sum,
334 1757 401 1797 tibi
433 1758 530 1797 dedo
563 1770 731 1809 operam.
785 1758 831 1798 Β.
872 1758 1066 1809 Lepidu's.
1099 1770 1207 1797 nunc
1238 1770 1309 1809 ego
1341 1766 1377 1798 te
1406 1759 1534 1798 facere
1555 1760 1629 1798 hoc
1649 1759 1749 1798 volo.

87 1837 158 1877 ego
189 1825 317 1865 sorori
346 1837 455 1864 meae
486 1837 620 1864 cenam
652 1826 766 1865 hodie
797 1826 887 1864 dare
919 1826 1005 1864 volo
1038 1825 1231 1864 viaticam:

87 1905 132 1932 eo
163 1892 232 1931 tihi
263 1899 467 1944 argentum
498 1893 641 1932 iubebo
674 1894 747 1933 iam
780 1895 886 1933 intus
917 1893 1054 1932 ecferri
1086 1894 1210 1940 foras;
1777 1901 1814 1934 95

86 1967 128 1999 tu
159 1961 274 2000 facito
307 1967 538 2013 opsonatum
570 1961 684 2001 nobis
715 1962 763 2001 sit
794 1962 1025 2014 opulentum
1058 1962 1280 2013 opsonium.

87 2027 196 2069 ΡΙεΤ,
246 2028 330 2080 Ego
361 2029 577 2080 opsonabo,
610 2041 697 2068 nam
731 2030 767 2069 id
799 2030 985 2081 flagitium
1018 2041 1146 2069 meum
1178 2029 1237 2076 sit,
1270 2042 1352 2068 mea
1385 2036 1421 2068 te
1451 2029 1572 2081 gratia

201 2173 239 2204 71
266 2170 373 2212 talus,
397 2180 494 2205 corr.
520 2170 765 2206 Buechelerus
859 2173 899 2205 72
923 2181 989 2216 pro
1014 2181 1106 2216 equo
1123 2170 1288 2206 Merula:
1312 2172 1470 2216 pr(a)eco
1563 2170 1752 2206 accumbet

87 2225 203 2265 (·bent
228 2225 266 2269 C)
360 2228 400 2260 73
426 2227 533 2262 etae'am
551 2231 639 2273 post
664 2238 692 2262 v.
715 2228 761 2261 64
853 2238 875 2262 a
898 2238 954 2262 me
970 2228 1097 2273 priore
1115 2227 1214 2262 loco:
1237 2237 1318 2262 mea
1409 2226 1676 2262 malacisandus
1694 2226 1751 2261 hic

87 2284 130 2316 74
142 2283 190 2317 ah
203 2281 256 2317 B:
273 2284 311 2318 at
327 2282 408 2324 CD;
421 2283 582 2318 imitatur
595 2283 792 2319 Bacchidis
803 2284 910 2319 verba
925 2295 954 2319 υ.
974 2285 1017 2318 73
1109 2287 1150 2318 75
1166 2283 1319 2319 similate
1337 2283 1386 2318 Βι
1477 2283 1595 2318 istunc
1610 2282 1661 2316 B¹

87 2341 104 2371 7
110 2340 130 2372 6
150 2338 277 2374 melius
303 2337 378 2374 CD¹
473 2350 578 2384 quam
671 2343 714 2374 79
736 2339 872 2382 ueniat,
896 2350 989 2374 corr.
1020 2339 1248 2374 Camerarius
1340 2339 1504 2374 desubito
1523 2349 1590 2373 om.
1609 2338 1660 2372 B¹

85 2394 177 2438 fort.
203 2395 290 2439 quid
313 2395 344 2430 si
360 2396 458 2440 apud
481 2399 529 2436 te,
554 2396 585 2431 si
601 2396 741 2432 veniam
763 2396 894 2437 subito,
918 2407 954 2441 p.
980 2407 1013 2431 a.
1038 2396 1225 2442 potatiost,
1250 2396 1299 2441 cf.
1322 2397 1372 2430 82
1464 2398 1504 2430 80
1529 2394 1608 2429 fieri
1630 2394 1749 2429 inistis

86 2450 165 2486 fieri
188 2450 223 2485 B
315 2453 353 2486 81
382 2453 591 2488 accumbam
607 2452 677 2487 B¹.·
700 2453 874 2488 accubam
901 2452 991 2495 013²,
1015 2453 1202 2488 accubiam
1218 2453 1263 2493 D,
1289 2452 1340 2497 cf.
1367 2451 1478 2486 Stich.
1501 2453 1570 2486 752
1662 2452 1751 2495 aput

87 2506 171 2543 B¹C
189 2508 264 2549 (82,
293 2508 342 2542 86
365 2507 433 2553 B¹)
536 2509 726 2544 accumbet
830 2511 871 2544 85
896 2508 980 2544 item
1009 2508 1191 2544 Charisius
1215 2510 1289 2543 221
1314 2511 1395 2549 (om.
1420 2518 1492 2542 non
1516 2509 1610 2550 hac),
1634 2506 1748 2542 schol.

88 2564 173 2598 Aen.
193 2564 226 2605 9,
253 2564 344 2599 373:
367 2574 516 2609 magnus
542 2568 597 2601 est
621 2565 679 2600 hic
703 2565 849 2609 fluuius,
875 2575 948 2600 non
973 2576 1000 2600 e.
1020 2576 1054 2610 q.
1073 2576 1100 2600 s.
1119 2564 1231 2599 schol.
1248 2566 1335 2599 Aen.
1362 2566 1396 2605 9,
1415 2564 1492 2598 327
1595 2562 1750 2598 transire

88 2616 190 2652 B¹D¹
281 2622 322 2654 90
347 2620 398 2665 cf.
422 2621 519 2656 vind.
544 2620 666 2657 Plaut.
696 2623 736 2664 7‚·
758 2622 857 2657 Asin.
876 2623 955 2656 408
979 2621 1074 2657 Rud.
1091 2622 1172 2656 143.
1199 2622 1274 2655 323
1301 2620 1396 2655 Trin.
1424 2621 1500 2654 606
1523 2623 1557 2654 et
1584 2617 1660 2654 Cas.
1682 2619 1754 2654 795

89 2673 182 2709 Rud.
205 2675 300 2710 1135
401 2680 443 2711 92
469 2677 501 2712 Ε
530 2678 563 2712 Β
665 2678 762 2713 P1sm.
788 2679 834 2720 (G
860 2678 906 2719 B)
925 2683 1014 2724 post
1037 2678 1129 2712 nihil
1154 2680 1220 2720 est,
1244 2688 1338 2712 corr.
1362 2675 1506 2711 Merula
1604 2678 1647 2710 94
1672 2674 1751 2709 dari

91 2729 151 2766 CD
287 2734 328 2766 95
360 2743 401 2768 eo
432 2733 683 2769 Hermannus:
716 2745 780 2779 ego
812 2734 938 2776 codd„
970 2734 1155 2769 Charisius
1179 2735 1254 2768 201
1391 2732 1521 2768 iubebo
1548 2730 1753 2767 Charisius.-

91 2786 201 2822 iubeo
332 2789 374 2822 96
398 2788 509 2825 facito
534 2790 639 2826 nobis
664 2791 878 2826 obsonatum
902 2790 1037 2831 (obsen.
1066 2788 1105 2832 C)
1129 2790 1175 2824 sit
1202 2788 1276 2825 CD²
1395 2791 1434 2824 97
1461 2798 1578 2824 meum
1601 2787 1649 2823 sit
1674 2785 1754 2822 CD:

89 2841 137 2878 sit
160 2852 288 2887 meum,
312 2843 439 2881 deinde
461 2856 554 2881 eras.
580 2846 626 2882 sit
650 2846 685 2881 B
709 2846 773 2891 (cf.
798 2845 847 2880 ud
872 2847 931 2888 55)
