1998 3179
64 114 325 164 vvem-eae
517 102 525 118 *
593 129 595 134 <
680 92 706 101 ”
780 114 1080 151 MENAECHMI
1236 130 1238 133 -
1672 113 1752 149 421

95 229 212 271 ΜΕΝ.
262 229 367 269 Abiit
396 241 568 276 socerus,
597 229 690 268 abiit
720 230 905 269 medicus.
966 226 1103 284 [nuuc]
1135 229 1240 269 solus
1270 241 1369 269 sum.
1428 241 1500 280 pro
1534 228 1721 280 luppiter,

96 297 189 348 quid
220 296 312 336 illuc
343 303 400 336 est
430 296 535 347 quod
566 297 653 336 med
682 294 789 352 hisce
818 297 998 336 homines
1028 298 1202 337 insanire
1233 295 1487 349 praedicant?

96 376 188 404 nam
220 364 413 415 equidem,
444 369 649 414 postquam
682 349 824 415 gri'aitus
855 376 953 412 sum,
987 377 1201 415 numquam
1233 365 1424 416 aegrotavi
1458 376 1580 403 unum
1612 363 1726 410 diem,

95 440 226 483 neque
257 443 330 483 ego
361 431 516 471 insanio
549 444 677 482 neque
708 444 861 483 pugnas
892 445 1021 483 neque
1052 445 1124 484 ego
1156 433 1233 472 litis
1265 432 1416 483 eoepio.
1535 472 1539 475 ,
1579 466 1581 469 ,
1636 437 1639 464 ἰ
1767 436 1824 469 960

26 530 30 533 -
94 499 222 539 salvus
251 499 375 538 salvos
406 499 501 538 alios
530 499 653 545 video,
686 499 775 538 novi
806 499 1000 545 homines,
1030 500 1233 551 adloquor.

96 579 145 605 an
178 566 231 605 illi
262 558 471 617 perperam
502 566 674 605 insanire
706 578 766 604 me
797 566 918 613 aiunt,
950 566 1024 618 ipsi
1056 565 1286 606 insaniunt?

96 633 190 684 quid
221 645 294 684 ego
327 645 434 673 nunc
464 632 631 673 faciam?
662 634 820 672 domum
853 634 909 672 ire
940 634 1077 685 cupio:
1113 637 1213 673 uxor
1244 647 1323 673 non
1357 635 1470 683 sinit;

94 701 173 740 huc
202 707 330 740 autem
362 713 478 740 nemo
509 701 745 740 intromittit.
806 701 921 741 nimis
952 708 1185 753 proventum
1219 708 1277 741 est
1308 703 1502 753 nequiter.

94 768 158 807 hic
189 780 257 807 ero
289 780 434 819 usque:
467 768 511 807 ad
546 775 700 807 noctem
732 768 881 815 saltem,
913 769 1044 816 credo,
1076 769 1313 809 intromittar
1344 770 1515 809 domum.
1768 773 1825 805 965

775 857 1063 898 MESSENIO
1537 873 1540 879 ¹
1667 858 1707 898 V
1732 861 1754 898 6

152 925 384 976 Spectanien
418 924 523 964 bono
555 938 666 964 servo
697 925 736 964 id
766 928 835 973 est,
868 926 934 976 qui
965 938 1048 965 rem
1080 926 1213 965 erssem

151 1000 348 1044 procurat,
379 992 492 1037 videt,
525 993 689 1032 collocat
719 993 952 1044 cogitatque,

153 1067 196 1100 ut
226 1060 387 1100 absente
419 1062 486 1099 ero
516 1072 600 1099 rem
631 1063 687 1099 eri
718 1061 925 1112 diligenter

207 1130 368 1175 tutetur,
399 1139 514 1179 quam
545 1128 574 1167 si
606 1131 690 1180 ipse
720 1129 819 1168 adsit
848 1131 915 1168 aut
944 1129 1101 1183 rectilis.

151 1199 306 1247 tergum
338 1207 452 1246 quam
484 1195 627 1246 gulam,
660 1208 773 1235 crura
805 1208 919 1247 quam
952 1189 1127 1236 ventrem
1160 1204 1315 1248 oportet
1767 1201 1823 1233 971)

209 1264 360 1315 potiere
394 1276 492 1310 esse⁷
524 1266 586 1302 cui
618 1276 687 1303 cor
717 1264 890 1303 modeste
921 1265 1088 1304 situiust.

152 1331 383 1370 recordetur
414 1331 464 1379 id,
581 1332 647 1382 qui
679 1332 788 1371 nihili
819 1338 923 1379 sunt,
955 1332 1048 1383 quid
1079 1333 1134 1371 eis
1165 1333 1265 1383 preti

95 1399 209 1438 detur
239 1398 286 1437 ab
319 1399 398 1438 suis
429 1399 518 1446 eris,
550 1399 709 1450 ignavis,
741 1399 930 1451 improbis
962 1400 1072 1439 viris:

209 1465 370 1505 verbera
401 1467 610 1518 compedes

153 1533 290 1581 molae,
323 1530 491 1588 [magna]
522 1533 707 1573 lassitudo
738 1534 857 1573 fames
889 1534 1011 1585 frigus
1042 1534 1196 1581 durum,
1764 1540 1821 1572 975

207 1601 303 1639 haec
335 1601 459 1651 pretia
489 1607 583 1640 sunt
612 1602 798 1653 ignaviae.

42 1694 44 1696 v
93 1668 130 1707 id
140 1680 212 1719 ego
221 1668 320 1707 male
332 1669 475 1708 malum
487 1675 617 1708 metuo
629 1683 637 1707 :
650 1675 858 1721 propterea
868 1669 1017 1709 bonum
1030 1682 1114 1709 esse
1127 1676 1315 1709 certumst
1328 1670 1456 1721 potius
1466 1681 1580 1721 quam
1591 1669 1734 1708 malum
1746 1681 1755 1715 ;

97 1748 186 1775 nam
217 1736 338 1787 magis
368 1737 491 1776 multo
524 1737 650 1789 patior
680 1738 830 1776 facilius
861 1737 995 1777 verba:
1027 1737 1194 1795 verbera
1221 1751 1293 1789 ego
1324 1738 1400 1784 odi,

95 1803 295 1854 nimioque
325 1805 398 1843 edo
429 1804 627 1844 lubentius
660 1805 849 1852 molit1'1m‚
882 1818 997 1857 quam
1029 1796 1218 1845 molitum·
1239 1806 1462 1857 praehibeo.

93 1873 302 1923 propterea
333 1872 389 1911 eri
420 1872 629 1924 imperium
660 1875 864 1924 exsequor,
896 1874 996 1912 bene
1028 1876 1066 1912 et
1096 1874 1226 1913 sedate
1257 1886 1387 1937 8611οΧ
1396 1875 1458 1933 id;
1766 1882 1823 1915 980

209 1942 324 1990 atque
356 1940 449 1979 mihi
480 1940 516 1979 id
548 1940 721 1992 prodest.
1285 1932 1320 1943 ’ς
1389 1931 1399 1939 ’

207 2085 269 2117 957
297 2084 416 2124 [1111116]
444 2082 592 2117 Guiecus
683 2085 748 2117 958
773 2093 829 2117 me
856 2084 919 2128 (cf.
945 2084 994 2118 acl
1020 2085 1083 2127 82)
1175 2084 1235 2119 hic
1259 2085 1281 2118 i.
1308 2095 1336 2118 e.
1362 2084 1480 2127 hisce,
1512 2084 1563 2129 cf.
1594 2085 1669 2119 997

93 2141 158 2173 959
184 2149 251 2174 om.
279 2138 339 2174 CD
455 2141 519 2173 960
550 2148 688 2183 pugnas
711 2149 757 2174 ne
780 2139 856 2174 litis
880 2139 1022 2175 Nonius
1048 2141 1098 2175 89
1212 2140 1339 2185 coepio
1365 2140 1524 2175 Nonius:
1556 2141 1663 2186 cupio

93 2196 156 2229 961
182 2194 344 2230 homines
362 2189 439 2231 οἷπὸ
464 2197 596 2231 κοινοῦ
617 2195 666 2229 ad
682 2195 863 2230 inconcoea
880 2195 986 2231 uideo
1004 2197 1090 2232 noui
1106 2197 1300 2242 adloquor3
1326 2207 1420 2242 quae
1436 2196 1566 2242 auqeri
1581 2197 1756 2232 mutarive

92 2254 275 2296 nequeunt
297 2250 384 2295 quin
401 2250 582 2286 deteriora
595 2250 690 2294 fiant
759 2254 824 2286 962
848 2252 1037 2297 perderam
1107 2253 1208 2288 aiunt
1228 2252 1260 2286 B
1276 2264 1325 2288 ex
1341 2264 1436 2288 corr.
1448 2265 1460 2287 .·
1482 2253 1585 2288 alunt
1604 2252 1664 2287 ΟΒ

93 2308 157 2342 963
181 2306 259 2353 (at.)
282 2316 375 2342 uxor
401 2307 646 2348 Camerarius,
676 2307 748 2352 (id)
774 2306 912 2343 Onions
932 2320 968 2354 p.
997 2310 1043 2343 72
1136 2312 1202 2344 964
1230 2308 1399 2353 nequitur
1423 2307 1475 2342 Β1
1568 2311 1632 2342 965
1658 2318 1755 2352 ergo,

92 2373 188 2398 corr.
206 2361 296 2396 Pius
380 2373 466 2398 usce
487 2361 600 2398 3¹61)
686 2365 751 2398 966
770 2374 905 2399 smwvs
930 2364 999 2399 BD
1081 2365 1203 2400 seruid
1221 2367 1275 2400 est
1292 2365 1353 2410 qui
1369 2375 1408 2399 re
1426 2364 1477 2399 B¹
1559 2366 1623 2399 968
1647 2363 1756 2408 <tam>

92 2428 167 2453 rem
191 2417 418 2461 Ritsclzcle‘us‚
453 2418 642 2464 Vssinqius
734 2423 799 2455 969
825 2431 931 2465 quam
955 2420 1026 2466 ipsi
1050 2421 1129 2466 ipse
1153 2421 1270 2456 adscit
1294 2420 1329 2455 Β
1353 2426 1437 2456 ante
1460 2430 1554 2456 corr.
1648 2429 1752 2464 quam

94 2475 126 2510 si
148 2474 172 2508 i.
198 2485 226 2510 e.
253 2475 356 2519 quasi
447 2478 512 2510 972
537 2476 688 2511 recorde
713 2477 884 2512 cordetur
908 2477 943 2512 Β
1035 2477 1080 2512 iis
1104 2476 1188 2519 BD,
1217 2477 1272 2512 uis
1298 2477 1326 2513 C
1411 2480 1497 2523 post
1522 2476 1604 2511 dim.
1631 2476 1753 2512 bucon.

92 2530 201 2566 catal.
226 2530 376 2566 dimeter
399 2530 583 2573 iambicus,
607 2531 659 2577 cf.
688 2533 770 2567 974.
799 2534 872 2568 976
963 2535 1027 2568 973
1052 2535 1281 2579 septenarius
1374 2536 1439 2568 974
1455 2544 1507 2578 sq.
1534 2533 1696 2578 disponit
1719 2531 1754 2566 Β

92 2586 255 2623 Verbera
270 2606 315 2613 —
327 2597 456 2631 magna
477 2588 482 2632 Ι
501 2587 606 2624 Lass.
624 2608 668 2613 -
683 2588 860 2633 ignaviae,
877 2589 941 2624 sed
956 2589 1053 2625 Mole
1065 2594 1099 2625 et
1116 2589 1216 2624 Haec
1308 2591 1372 2623 975
1389 2599 1519 2633 magna
1531 2592 1681 2634 practer
1696 2598 1755 2622 ma

93 2653 142 2678 ex
166 2652 261 2677 corr.
288 2641 362 2684 B²;
385 2642 513 2679 delevit
537 2643 767 2686 Ritscllelius,
792 2656 863 2680 non
890 2645 1073 2680 commode
1097 2645 1267 2691 dispescit
1291 2645 1383 2679 duas
1405 2646 1589 2680 nominum
1614 2643 1755 2679 triados

92 2698 237 2743 qeneris
260 2697 394 2734 diversi
505 2701 569 2734 978
595 2701 699 2744 egodi
726 2700 775 2735 B¹
890 2701 1042 2736 duorum
1073 2711 1238 2736 versuum
1269 2702 1364 2742 (977.
1393 2701 1479 2743 978)
1503 2701 1645 2736 numeri
1666 2711 1754 2735 ana-

91 2757 240 2799 paestos
262 2753 425 2791 indicant
447 2756 654 2800 (propterea
677 2756 891 2792 delendum?
915 2757 966 2802 cf.
987 2758 1077 2800 980)
1182 2760 1246 2792 979
1273 2767 1378 2801 quam
1402 2757 1577 2793 mollitum
1605 2755 1664 2792 01)

93 2809 269 2855 prohibeo
303 2809 419 2845 CDB²
532 2814 608 2846 980.
642 2814 703 2848 981
740 2824 812 2848 uno
845 2824 948 2849 versu
978 2813 1013 2848 Β
1128 2815 1192 2849 980
1225 2823 1375 2849 exsecor
1406 2814 1451 2848 B¹
1566 2823 1672 2848 seruo
1698 2812 1752 2847 id:

94 2876 197 2902 seru*
225 2865 276 2900 B¹
391 2869 453 2902 981
480 2867 518 2902 id
541 2867 629 2903 mihi
655 2867 715 2904 CD
807 2868 971 2905 clausula
988 2869 1166 2905 Reiziana
