2018 3183
229 94 307 131 296
970 91 1151 127 PLAVTI
1703 93 1731 121 11
1748 92 1776 125 3.
1787 92 1890 120 31-56

227 209 366 249 Pam.
417 209 574 248 Servate
605 206 642 245 di
672 207 760 245 med
793 206 970 246 obsecro.
1030 205 1143 245 MEL.
1192 206 1241 244 At
1269 216 1331 244 me
1361 204 1533 256 perditis.

228 277 367 316 PHAN.
418 276 519 322 Quoi
550 275 653 314 illam
685 273 854 313 dedisset
884 273 1098 324 exquisisse
1132 273 1318 324 oportuit.

226 344 366 383 LAMP.
417 342 610 389 Quaesivi,
643 348 681 380 et
710 341 805 380 dixit
834 341 1031 380 meretrici
1062 339 1281 380 Melaenidi.
1897 347 1953 380 575

226 411 338 450 Mm..
417 410 544 449 Meum
577 409 774 448 elocutust
804 420 962 455 nomen,
994 408 1125 447 interii
1154 405 1359 461 <oppido>.

225 479 365 518 LAMP.
415 477 485 516 Vbi
517 477 668 516 elocuta
700 482 769 523 est,
800 488 873 527 ego
904 476 1094 515 continuo
1126 474 1274 527 [anum]
1305 475 1526 525 interrog03

222 541 305 584 ‘ubi
338 537 528 584 habitat?'
565 544 724 595 iuquam
751 538 846 583 ‘duc
876 556 921 583 ac
951 543 1174 582 demonstra
1206 535 1322 581 mihi?

221 608 369 652 ‘avecta
400 608 475 652 est'
501 612 630 663 inquit
654 608 839 663 ‘peregre
871 612 962 651 hinc
994 603 1230 650 habitatum?
1292 609 1405 649 MEL.
1456 608 1621 660 Obsipat

226 680 389 719 aculam.
449 679 589 720 LAMP.
635 676 741 726 ‘Quo
773 685 904 718 avecta
936 685 1010 726 est,
1051 691 1096 717 eo
1128 690 1351 728 sequemur.
1411 676 1534 716 sicine
1901 682 1958 715 580

227 748 308 799 agis
341 746 493 799 nugas?
525 748 674 799 periisti
704 747 850 794 hercle,
883 747 923 786 ni
956 761 977 784 *
1041 759 1061 781 *

345 830 364 852 *
645 830 665 852 *
698 812 828 868 (non)
858 815 933 854 hoc
963 814 1080 865 longe
1110 812 1238 852 destiti

229 883 385 929 instare,
418 895 541 933 usque
573 882 669 921 adeo
701 882 827 920 donec
857 894 899 921 se
929 881 1079 920 adiurat
1110 893 1209 920 anus

227 949 300 989 iam
334 950 428 989 mihi
459 957 692 989 monstrare.
752 949 892 989 PHAN.
945 935 992 988 Ᾰῑ
1024 961 1104 987 non
1137 948 1292 987 missam
1325 946 1514 997 oportuit.

226 1017 366 1058 LAMP.
418 1017 613 1056 Servatur.
676 1015 742 1056 sed
775 1016 885 1056 illaec
915 1029 956 1056 se
988 1015 1182 1066 quandam
1216 1013 1318 1052 aibat
1350 1013 1551 1052 mulierem
1903 1021 1960 1054 585

229 1097 338 1124 suam
371 1084 473 1124 bene
506 1085 699 1124 volentem
733 1083 946 1123 convenire
977 1083 1091 1121 etiam
1123 1082 1246 1133 prius,

228 1164 438 1191 commune
469 1164 637 1203 quacum
668 1151 705 1191 id
738 1158 841 1190 esset
870 1150 943 1190 sibi
975 1149 1188 1201 negotium.
2008 1134 2018 1198 Ι

228 1226 265 1258 et
295 1220 375 1258 scio
406 1226 624 1260 venturam.
684 1219 796 1259 MEL.
848 1219 909 1258 Me
939 1217 1138 1263 indicabit,
1171 1223 1209 1256 et
1238 1229 1327 1256 suas
2009 1202 2018 1323 1

227 1288 274 1326 ad
304 1300 411 1327 meas
442 1288 618 1327 miserias
645 1296 670 1328 -ι-
698 1287 790 1326 alias
821 1287 959 1326 faciem
993 1285 1203 1325 consciam.
1825 1290 1893 1324 589.
1906 1291 1964 1324 590
2011 1326 2018 1335 ,

226 1355 365 1396 PHAN.
406 1356 507 1401 Quid
532 1368 640 1395 nune
661 1355 716 1394 vis
737 1356 866 1394 facere
888 1352 979 1393 me?
1029 1354 1170 1392 LAMP.
1213 1352 1322 1391 Intro
1346 1351 1408 1390 abi
1425 1358 1540 1402 atque
1558 1351 1687 1391 animo
1711 1350 1816 1390 bono
1840 1364 1893 1392 es.
2014 1346 2018 1367 ¹

226 1423 285 1462 vir
315 1429 403 1462 tuos
434 1424 464 1462 si
496 1423 643 1469 veniet,
685 1422 776 1462 iube
817 1422 922 1460 domi
954 1421 1196 1473 opperirier,
2009 1371 2018 1471 i

228 1503 277 1529 ne
309 1491 346 1529 in
383 1491 611 1542 quaestione
641 1490 735 1529 mihi
768 1490 829 1537 sit,
861 1491 892 1529 si
925 1489 1017 1541 quid
1049 1501 1137 1529 eum
1169 1487 1295 1527 velim.
2009 1475 2018 1535 ζ

227 1570 299 1609 ego
331 1559 377 1597 ad
409 1562 529 1598 anum
560 1569 722 1597 recurro
754 1569 924 1596 rursum.
984 1557 1124 1596 PHAN.
1178 1555 1403 1607 Lampadio,
1424 1554 1602 1601 obsecro,
2010 1542 2018 1553 ⁶

227 1638 331 1665 cura.
390 1626 530 1666 LAMP.
582 1626 801 1664 Perfectum
835 1637 908 1675 ego
940 1625 1013 1663 hoc
1045 1623 1145 1662 dabo
1179 1623 1394 1674 negotium.
1908 1629 1964 1662 595

226 1693 365 1733 PHAN.
416 1694 519 1733 Deos
550 1696 666 1744 teque
698 1705 826 1744 spero.
858 1714 913 1720 —
972 1692 1112 1731 LAMP.
1141 1690 1330 1729 Eosdem
1362 1703 1457 1742 ego,
1489 1690 1545 1729 uti
1576 1689 1691 1730 abeas
1722 1690 1892 1729 domum.

226 1761 341 1801 MEL.
392 1762 645 1809 Adulescens,
676 1767 756 1800 asta
788 1766 903 1811 atque
934 1759 1035 1798 audi.
1097 1759 1237 1798 LAMP.
1290 1758 1394 1804 Men,
1427 1758 1580 1805 mulier,
1609 1756 1755 1798 vocas?

226 1828 339 1869 MEL.
391 1829 457 1868 Te.
518 1830 659 1869 LAMP.
711 1828 811 1874 Quid
847 1827 977 1879 negoti
1011 1825 1097 1866 est?
1131 1838 1218 1865 nam
1253 1832 1467 1877 occupatus
1498 1838 1582 1866 sum
1614 1826 1808 1878 ampliter.

226 1896 338 1936 MEL.
392 1896 488 1942 Quis
519 1897 604 1936 istie
635 1894 811 1935 habitat?
872 1896 1012 1934 LAMP.
1064 1894 1254 1946 Demipho
1290 1894 1473 1933 dominus
1505 1906 1627 1933 meus.

227 1963 340 2003 MEL.
393 1964 541 2016 Nempe
573 1964 658 2004 istic
690 1970 759 2011 est,
792 1963 859 2014 qui
890 1962 1178 2001 Alcesimarcho
1209 1962 1325 2001 filiam
1628 2002 1630 2005 ,
1908 1968 1966 2001 600

341 2122 404 2154 573
423 2131 509 2155 ΡΗΑ.
528 2119 599 2154 B2:
623 2131 690 2155 om.
784 2120 821 2154 di
845 2130 901 2154 me
927 2118 1010 2163 VE,
1033 2129 1090 2154 me
1108 2118 1145 2153 di
1162 2117 1196 2153 B
1288 2128 1369 2152 LEN.
1391 2117 1458 2152 B2:
1481 2121 1577 2164 spat.
1670 2120 1736 2152 574
1761 2127 1832 2162 quo

229 2180 293 2211 575
313 2176 468 2222 quesiluj
489 2176 558 2212 VE'
649 2177 749 2211 dixi*
768 2177 817 2211 B¹
913 2179 976 2211 576
995 2176 1159 2211 elocutus
1173 2177 1229 2210 est
1242 2174 1287 2212 Β,
1303 2175 1484 2210 elocutum
1497 2176 1554 2209 est
1575 2172 1644 2208 VE
1719 2173 1901 2220 supplevit

227 2233 388 2278 Pylades
497 2235 560 2267 577
589 2235 721 2274 [anum]
746 2232 933 2267 Ace'dalz'us
1040 2234 1105 2267 578
1131 2231 1189 2266 dic
1214 2230 1401 2266 Beckerus
1424 2241 1497 2265 non
1522 2235 1619 2266 recte
1725 2232 1792 2265 579
1814 2240 1899 2274 pro-

227 2300 377 2334 peregre
410 2288 479 2324 VE
570 2292 634 2324 580
660 2289 802 2324 aculam
827 2289 877 2332 cf.
905 2288 1006 2323 Curc.
1030 2289 1104 2323 160
1191 2287 1290 2323 scine
1316 2286 1445 2322 B¹VE
1533 2289 1610 2322 581.
1637 2287 1702 2321 582
1726 2285 1900 2332 peristine

228 2346 351 2381 hercle
374 2347 443 2381 hoc
471 2345 577 2390 longe
607 2345 739 2381 dedisti
771 2344 909 2387 (destiti
934 2347 963 2386 ς)
987 2344 1065 2380 sine
1091 2345 1244 2379 lacunae
1269 2343 1418 2385 indicio,
1450 2354 1558 2389 quam
1591 2342 1732 2378 detexit
1754 2341 1902 2378 Schoel-

229 2402 318 2444 lius,
352 2403 538 2447 corriqens
570 2402 692 2437 hercle
721 2402 759 2436 ni
791 2406 826 2436 et
857 2400 1012 2446 eoeplens
1041 2402 1079 2435 in
1108 2400 1204 2436 hunc
1234 2400 1400 2435 modum:
1432 2400 1470 2434 ni
1499 2399 1611 2444 (mihi
1642 2398 1778 2434 dixeris
1806 2401 1811 2440 Ι
1839 2398 1902 2434 ubi

227 2459 370 2494 habitet
392 2468 500 2494 nunc.
548 2469 623 2494 nou
646 2457 789 2502 hercle>
812 2458 883 2493 hoc
990 2460 1055 2492 584
1080 2468 1159 2492 eam
1183 2455 1356 2502 Pylades,
1377 2457 1505 2502 potius
1528 2456 1600 2491 iam
1623 2455 1749 2500 (eam)
1771 2454 1900 2497 (Muel-

227 2515 336 2555 lerus)
429 2525 526 2550 anon
553 2513 646 2558 VE²‚
670 2524 791 2550 annon
809 2513 871 2556 E¹‚
896 2515 942 2549 ah
966 2524 1040 2548 non
1057 2526 1075 2550 ς
1169 2515 1233 2548 585
1258 2512 1381 2548 aiebat
1474 2514 1538 2547 586
1566 2522 1659 2547 uene
1684 2511 1777 2547 B¹V
1779 2510 1815 2546 Ε

227 2571 308 2616 pius
339 2570 408 2606 VE
499 2573 563 2606 588
588 2570 777 2614 indicauit,
802 2581 896 2606 corr.
920 2569 1149 2605 Camerarius
1243 2571 1320 2604 589.
1347 2571 1423 2603 590.
1449 2566 1538 2603 Ilaec
1555 2578 1700 2613 quoque
1725 2567 1899 2603 lacunosa

230 2638 306 2663 esse
327 2627 569 2674 probabiliter
591 2628 719 2663 statuit
735 2626 940 2662 Sclzoellius
964 2627 1016 2661 sio
1037 2627 1120 2672 fere
1144 2624 1346 2671 explenda:
1370 2624 1461 2660 alias
1485 2624 1677 2670 <adiunget
1691 2623 1788 2660 mala
1808 2629 1812 2666 Ι
1835 2623 1898 2660 Se-

228 2684 432 2729 leniumque
457 2683 620 2729 fraudis>
648 2684 757 2720 faciet
783 2683 967 2718 consciam
1060 2685 1125 2718 592
1151 2682 1326 2727 operirier
1419 2683 1484 2715 593
1510 2680 1774 2725 quaestionem,
1801 2689 1897 2715 corr.

230 2739 458 2776 Camerarius
527 2739 614 2784 quid
637 2741 673 2782 (i.
691 2751 720 2775 c.
739 2739 895 2785 quidem>
929 2738 1006 2781 VE,
1032 2744 1069 2774 ut
1086 2750 1196 2785 saepe
1265 2740 1328 2773 596
1354 2738 1407 2772 uti
1432 2747 1496 2779 ego
1524 2736 1605 2771 VE¹
1675 2730 1812 2772 habeas

227 2796 270 2830 de
295 2797 564 2832 constructione
580 2797 630 2842 cf.
649 2795 783 2832 Bacch.
803 2797 878 2831 370
963 2798 1028 2831 599
1044 2796 1140 2831 istuc
1157 2794 1191 2830 B
1199 2797 1205 2815 ¹
1219 2793 1287 2830 VE
1362 2793 1529 2838 dephimo
1550 2792 1620 2828 VE
1697 2796 1763 2828 600
1781 2792 1900 2829 alche-

224 2852 402 2888 simarcho
