2018 3183
241 99 322 137 448
980 99 1162 136 PLAVTI
1722 101 1750 130 11
1769 101 1908 137 2,14-41

442 215 542 254 LYs.
561 214 604 253 Di
617 214 753 254 melius
770 213 902 253 faxint.
933 214 1050 253 Dm.
1069 214 1198 254 Dihoc
1214 214 1368 265 quidem
1388 215 1547 255 faciunt.
1579 216 1678 257 LYs.
1697 216 1798 263 Quid
1817 218 1973 260 est?285

443 283 560 322 DEM.
611 282 754 329 Dicam,
786 282 818 321 si
849 281 997 320 videam
1029 281 1098 320 tibi
1129 293 1214 321 esse
1247 286 1408 334 operam
1439 290 1505 323 aut
1532 282 1672 323 otium.

441 349 540 390 LYS.
592 349 835 400 Quamquam
868 349 1118 400 negotiumst‚
1149 350 1181 389 si
1213 350 1306 401 quid
1338 351 1403 398 vis,
1438 351 1641 404 Demipho,

444 430 523 456 non
556 429 642 456 sum
674 423 888 468 occupatus
919 429 1105 468 umquam
1137 418 1260 457 amico
1293 431 1453 470 operam
1484 419 1589 459 dare.

440 485 557 525 DEM.
607 485 894 537 Benignitatem
924 491 1029 525 tuam
1061 486 1113 525 mi
1144 492 1305 537 experto
1336 487 1548 539 praedicas.

441 553 533 604 quid
567 553 634 592 tibi
667 565 738 604 ego
771 553 904 594 aetatis
936 552 1097 592 videor?
1155 553 1254 593 LYs.
1305 554 1605 603 Acherunticus,

442 633 562 661 senex
594 628 713 666 vetus,
746 621 981 673 decrepitus.
1041 622 1157 661 DEM.
1210 622 1397 662 Pervorse
1428 623 1545 664 vides.

440 701 540 741 puer
570 691 668 736 sum,
700 689 941 742 Lysimacho,
973 690 1218 741 septuennis.
1278 690 1377 730 LYs.
1429 690 1564 731 Sanun
1598 704 1651 738 65,

442 757 509 808 qui
533 770 707 809 puerum
738 763 775 796 te
807 770 891 797 esse
924 757 1058 798 dicas?
1116 758 1233 799 DEM.
1285 759 1380 798 Vera
1413 760 1610 811 praedico,

440 825 539 865 LYs.
590 826 704 865 Modo
737 825 867 865 hercle
898 826 935 864 iu
969 831 1141 865 mentem
1173 827 1290 874 venit,
1323 827 1413 878 quid
1446 834 1487 866 tu
1519 827 1684 867 diceres:

440 905 560 933 senex
593 906 712 944 quom
744 894 938 945 extemplo
971 900 1041 941 est,
1073 895 1147 933 iam
1181 907 1253 933 nec
1284 895 1402 934 sentit
1436 907 1509 934 nec
1540 896 1651 947 sapit,

439 962 549 1000 aiunt
579 961 705 1000 solere
737 974 825 1000 eum
857 973 991 1001 rusum
1025 974 1318 1014 repuerascere.

440 1029 557 1070 DEM.
608 1029 730 1068 Immo
763 1029 821 1068 bis
852 1035 961 1068 tanto
992 1030 1099 1069 valeo
1132 1043 1247 1081 quam
1280 1030 1378 1070 valui
1412 1030 1531 1082 prius.

438 1097 537 1138 LYs.
589 1097 694 1136 Bene
725 1097 854 1136 hercle
887 1099 1044 1145 sactum,
1076 1105 1114 1137 et
1143 1098 1306 1150 gaudeo.
1367 1099 1483 1138 DEM.
1534 1098 1656 1137 Immo
1687 1098 1718 1138 si
1749 1098 1861 1143 scias,

441 1165 566 1204 oculis
598 1178 755 1216 quoque
786 1166 900 1205 ctiam
932 1166 1020 1217 plus
1051 1166 1123 1206 iam
1157 1166 1265 1206 video
1298 1179 1413 1218 quam
1444 1167 1567 1218 prius.

1916 899 2018 933 295.

438 1233 538 1273 LYs.
576 1233 730 1273 Benest.
776 1234 893 1275 DEM.
930 1234 1050 1274 Malae
1074 1235 1127 1274 rei
1150 1235 1250 1274 dico.
1295 1235 1395 1275 LYs.
1431 1234 1508 1274 lam
1530 1234 1630 1274 istuc
1648 1246 1728 1273 non
1750 1232 1971 1272 benest.300
2002 1269 2016 1278 ,

437 1301 552 1341 DEM.
605 1301 680 1340 Sed
711 1302 887 1341 ausimne
919 1315 991 1354 ego
1024 1302 1092 1342 tibi
1124 1303 1254 1354 eloqui
1286 1301 1479 1342 fideliter?

435 1368 535 1409 LYs.
587 1369 793 1408 Audacter.
861 1370 978 1411 DEM.
1029 1370 1212 1410 Animum
1252 1370 1421 1410 advorte.
1482 1370 1580 1410 LYs.
1631 1369 1715 1409 Fiet
1753 1369 1902 1410 sedulo.

437 1437 554 1477 DEM.
605 1437 728 1476 Hodie
760 1437 815 1476 ire
848 1438 886 1476 in
920 1438 1053 1477 ludum
1087 1439 1221 1490 occepi
1253 1439 1498 1485 litterarium,

436 1505 677 1556 Lysimache.
730 1513 860 1545 ternas
881 1505 962 1545 scio
995 1506 1082 1545 iam.
1142 1507 1241 1547 LYs.
1284 1506 1385 1553 Quid
1413 1504 1574 1545 ternas?
1623 1506 1739 1545 DEM.
1789 1506 1900 1544 Amo.

436 1573 534 1613 LYs.
586 1573 672 1612 Tun
707 1574 832 1624 capite
863 1587 961 1613 cano
993 1587 1110 1620 amas,
1141 1587 1260 1614 senex
1291 1572 1560 1625 nequissime?

434 1640 551 1680 DEM.
603 1641 642 1680 Si
674 1654 814 1680 canum
835 1654 915 1681 ‘seu
946 1642 1045 1682 istuc
1078 1642 1235 1681 rutilum
1267 1643 1346 1682 sive
1378 1647 1555 1688 atrumst,
1586 1653 1688 1680 amo,

435 1708 536 1748 LYs.
590 1708 781 1748 Ludificas
814 1722 920 1749 nunc
951 1716 993 1749 tu
1026 1722 1086 1749 me
1118 1710 1194 1758 hic,
1226 1710 1381 1761 opinor,
1412 1709 1617 1760 Demipho.

433 1775 549 1816 DEM.
601 1776 742 1816 Decide
773 1777 917 1816 collum
948 1778 1076 1825 stanti,
1108 1778 1140 1817 si
1172 1778 1311 1817 falsum
1341 1778 1504 1828 loquor;

434 1844 505 1891 vel,
537 1850 580 1883 ut
609 1845 708 1884 scias
737 1858 799 1884 me
830 1857 972 1892 amare,
1004 1858 1099 1898 cape
1130 1845 1299 1885 cultrum
1330 1858 1373 1884 ac
1404 1857 1491 1884 seca

433 1911 595 1962 digitum
626 1911 686 1951 vel
716 1924 848 1951 aurem
880 1913 938 1952 vel
969 1920 1010 1952 tu
1045 1926 1182 1953 nasum
1213 1913 1272 1952 vel
1303 1913 1473 1952 labrum:

433 1979 463 2018 si
496 1991 653 2018 movero
687 1992 747 2018 me
778 1993 848 2019 seu
877 1982 1001 2020 secari
1032 1993 1206 2029 senser0‚

434 2047 676 2100 Lysimache,
709 2052 847 2088 auctor
877 2061 961 2088 sum
995 2055 1038 2088 ut
1068 2062 1128 2088 me
1160 2049 1325 2088 amando
1357 2049 1502 2088 enices.

343 2149 406 2182 285
433 2147 492 2182 dei
516 2148 547 2182 A
655 2148 766 2183 faxim
796 2148 838 2190 B,
863 2148 998 2185 facient
1022 2150 1053 2184 A
1156 2151 1217 2193 dei
1241 2150 1272 2185 A
1376 2149 1498 2195 quidst
1521 2149 1553 2184 A
1661 2148 1727 2182 286
1752 2155 1899 2191 operam

227 2214 306 2239 esse
331 2203 551 2239 Ritsclaelius
664 2203 884 2240 audiendum
910 2216 1056 2252 operam
1081 2209 1201 2252 (quam
1224 2206 1313 2242 mihi
1336 2206 1424 2242 dare
1448 2205 1591 2251 possis),
1615 2203 1667 2249 of.
1687 2203 1782 2244 288,
1805 2201 1898 2236 mira

227 2260 516 2301 constructionc,-
549 2271 680 2306 operae
712 2264 776 2296 aut
806 2262 919 2297 otium
950 2262 1170 2305 Muellerus,
1202 2263 1252 2308 cf.
1287 2262 1395 2298 Poen.
1422 2262 1495 2297 145
1527 2260 1560 2296 T
1557 2262 1626 2296 rin.
1655 2260 1732 2295 628
1754 2269 1808 2305 sq.

227 2319 290 2351 287
318 2316 395 2352 ueis
413 2317 444 2351 A
538 2319 602 2351 289
628 2320 779 2362 exporto
804 2320 835 2354 A
928 2321 992 2355 292
1017 2319 1214 2355 lusimache
1239 2319 1287 2362 B,
1312 2320 1395 2354 item
1421 2319 1498 2354 304
1591 2319 1657 2353 294
1683 2315 1778 2351 ercle
1802 2315 1898 2357 (item

225 2374 317 2416 298)
343 2377 376 2408 et
401 2373 562 2408 deiceres
587 2376 619 2408 A
728 2377 791 2409 295
818 2378 873 2411 est
897 2375 964 2412 del.
990 2375 1210 2411 Ritschelius
1319 2378 1383 2410 296
1407 2386 1551 2410 rursum
1575 2372 1670 2409 ACD
1777 2373 1841 2406 298
1868 2369 1899 2405 si

226 2440 294 2464 om.
318 2429 354 2464 P
445 2431 510 2465 299
535 2430 670 2476 oculeis
695 2432 725 2465 A
819 2433 883 2465 300
909 2431 1025 2467 malae
1049 2433 1103 2467 rei
1129 2433 1194 2475 (sic
1229 2432 1430 2478 Vssinqius)
1454 2431 1543 2476 fort.
1570 2431 1606 2465 in
1630 2432 1663 2463 A
1684 2428 1780 2475 fuit:
1802 2428 1899 2463 mala

226 2496 286 2521 ere
305 2485 351 2528 B,
369 2485 465 2521 mala
480 2496 520 2520 re
539 2485 600 2521 CD
668 2487 802 2522 bonum
817 2490 873 2523 est
891 2486 925 2521 P
993 2491 1055 2524 301
1076 2489 1258 2524 aussimne
1274 2490 1306 2524 A
1375 2487 1531 2524 fideliter
1546 2486 1578 2522 A
1593 2486 1657 2532 (cf.
1675 2485 1777 2521 Cure.
1792 2485 1897 2527 333).-

224 2543 344 2587 siquid
360 2543 469 2578 uelim
486 2541 522 2577 P
600 2544 665 2578 303
691 2543 765 2578 eire
782 2544 813 2579 A
889 2544 1014 2590 occepi
1031 2545 1069 2579 in
1085 2545 1209 2580 ludum
1226 2546 1257 2580 A
1334 2545 1520 2581 literarum
1544 2542 1579 2579 P
1658 2544 1725 2577 304
1749 2552 1829 2578 amo
1848 2539 1897 2576 P:

225 2599 301 2635 scio
325 2599 357 2634 A
472 2602 537 2635 305
563 2609 673 2636 senex
696 2600 914 2646 nequissime
938 2601 1045 2637 homo
1070 2602 1101 2636 A
1218 2604 1282 2637 306
1307 2601 1480 2637 rutilunst
1504 2601 1582 2636 siue
1606 2602 1750 2636 atrunst
1773 2600 1805 2634 A

226 2658 291 2690 307
316 2656 398 2691 heic
422 2657 454 2692 A
558 2659 624 2691 308
649 2657 761 2693 stanti
786 2657 816 2693 si
840 2656 974 2693 falsum
997 2659 1048 2694 A:
1074 2658 1105 2694 si
1129 2658 1261 2694 falsum
1285 2659 1372 2694 stati
1398 2657 1444 2699 B,
1469 2656 1500 2692 si
1524 2656 1657 2692 falsum
1680 2655 1728 2692 ad
1751 2657 1788 2691 te
1815 2653 1896 2695 OD,-

225 2712 275 2757 cf.
301 2711 420 2748 Varro
438 2724 510 2749 rer.
536 2717 624 2748 rust.
648 2715 680 2756 1,
700 2715 762 2756 50,
777 2715 804 2748 2
874 2714 1002 2760 loquar
1019 2713 1054 2749 P
1144 2717 1209 2750 309
1233 2725 1278 2751 ac
1303 2726 1369 2750 om.
1394 2713 1430 2749 P
1519 2717 1584 2751 310
1609 2722 1758 2749 nassum
1773 2713 1805 2748 A

226 2770 286 2803 311
317 2769 370 2805 sei
393 2771 426 2805 A
519 2772 583 2804 312
609 2771 765 2806 secando
791 2770 1037 2818 Niemeyerus,
1066 2772 1286 2818 amputando
1312 2770 1529 2807 Ribbeck-ius
1545 2781 1589 2817 p.
1614 2771 1676 2814 24,
1700 2769 1766 2805 sed
1788 2782 1893 2816 παρα

224 2827 463 2871 προσδοκίαν
486 2828 648 2873 infertur
672 2828 836 2864 amando.
887 2828 1047 2875 tetigisse
1071 2828 1211 2864 videtur
1228 2827 1391 2864 Philemo
1410 2826 1566 2874 Epicure·
1588 2827 1800 2863 sententiam
1823 2823 1895 2864 κᾶν

225 2884 452 2929 στρεβλωθῇ
478 2881 499 2920 ὁ
526 2882 650 2929 σοφὸς
675 2881 770 2921 εἶναι
795 2881 914 2922 αὐτὸν
938 2882 1143 2931 εὐδαίμονα
1167 2887 1210 2929 (υ.
1242 2884 1395 2922 Vseneri
1418 2884 1569 2932 Epicur.
1596 2884 1684 2927 338)

1913 1576 1968 1610 305
2011 1575 2016 1578 ’

1910 1917 1966 1951 310
