2018 3183
210 99 291 136 408
950 95 1130 132 PLAVTI
1509 94 1512 96 ·
1671 96 1715 124 1v
1731 97 1756 129 2,
1769 96 1870 126 ser-81

212 214 328 254 ΜΕΝ.
379 214 570 264 Numquis
600 224 801 253 servorum
833 209 1026 261 deliquit?
1058 221 1152 248 num
1185 209 1347 249 ancillae
1377 216 1444 249 aut
1473 211 1571 250 servi
1605 209 1674 249 tibi
1880 218 1938 252 620

214 279 479 332 responsant?
510 281 707 331 eloquere.
769 280 930 331 impune
962 290 1042 316 non
1075 277 1160 316 erit.
1221 277 1334 317 MAT.
1385 277 1515 327 Nugas
1545 278 1638 328 agis.

213 350 328 390 ΜΕΝ.
379 349 517 388 Tristis
538 347 749 387 admodum
771 359 824 385 es.
872 358 951 384 non
976 345 1027 383 mi
1050 345 1149 384 istuc
1171 344 1262 383 satis
1283 344 1421 396 placet.
1466 345 1580 385 MAT.
1629 346 1759 397 Nugas
1780 347 1874 397 agis.

212 417 328 456 ΜΕΝ.
378 415 491 456 Certe
522 415 768 454 familiarium
802 414 946 465 aliquoi
976 416 1072 451 irata
1105 424 1157 452 es.
1217 412 1330 452 MAT.
1379 411 1516 463 Nugas·
1541 413 1634 464 agis.

211 484 327 524 ΜΕΝ.
378 484 479 522 Num
512 483 605 522 mihi
637 495 677 522 es
708 483 801 522 irata
832 479 996 521 saltem‘.>
1055 480 1168 520 ΜΑΤ.
1220 480 1334 519 Nunc
1367 486 1407 519 tu
1440 493 1519 519 non
1552 493 1675 532 nugas
1705 481 1798 533 agis.

211 551 328 591 ΜΕΝ.
378 551 464 590 Non
490 551 630 602 edepol
651 549 795 601 deliqui
819 550 1040 600 quicquam.
1071 548 1185 588 ΜΑΤ.
1222 547 1292 586 Em
1315 559 1473 587 rursum
1500 560 1607 587 nunc
1634 561 1756 600 nugas
1779 549 1872 600 agis.
1883 555 1954 589 625·

212 619 328 659 ΜΕΝ.
379 619 461 665 Dic,
495 631 577 657 mea
610 631 722 664 uxor,
751 617 842 669 quid
875 616 943 656 tibi
975 628 1090 667 aegre
1121 613 1206 655 est?
1265 615 1370 656 ΡΕΝ.
1421 616 1551 656 Bellus
1581 616 1778 655 blanditur
1794 615 1876 655 tibi.

212 687 328 728 ΜΕΝ.
365 687 479 727 Potin
498 694 541 726 ut
558 687 649 726 mihi
666 686 854 725 molestus
872 697 920 723 ne
936 683 1017 723 sis?
1050 696 1145 722 num
1162 691 1199 722 te
1217 682 1401 735 appello?
1431 683 1545 724 MAT.
1569 685 1687 723 Auser
1705 696 1877 723 manum.

211 756 316 796 ΡΕΝ.
367 756 431 795 Sic
452 755 577 794 datur.
631 760 841 806 properato
874 752 1035 791 absente
1069 764 1129 790 me
1161 763 1336 791 comesse
1368 753 1589 803 prandium,

212 831 301 875 post
332 830 422 862 ante
454 823 559 862 aedis
590 835 679 861 cum
712 833 858 860 corona
892 833 951 859 me
991 819 1165 859 derideto
1196 819 1342 859 ebrius.

212 891 328 931 ΜΕΝ.
379 891 514 942 Neque
546 889 681 941 edepol
715 902 786 939 ego
819 888 957 940 prandi
990 900 1118 938 neque
1148 887 1263 927 hodie
1295 888 1372 926 huc
1402 887 1506 925 intro
1538 887 1647 926 tetuli
1680 887 1831 938 pedem.
1892 894 1948 927 630

211 960 315 999 ΡΕΝ.
338 959 424 998 Tun
446 957 594 1009 negas?
634 958 750 997 ΜΕΝ.
772 957 880 1007 Nego
897 956 1027 995 hercle
1038 968 1144 994 vero.
1185 955 1289 996 ΡΕΝ.
1311 954 1413 994 Nihil
1430 954 1880 994 hocliomineaudacius.

212 1040 293 1066 non
327 1039 399 1078 ego
431 1034 468 1065 te
499 1026 614 1065 modo
647 1026 708 1064 liic
741 1031 831 1063 ante
863 1024 967 1062 aedis
999 1036 1087 1062 cum
1121 1035 1267 1062 corona
1298 1022 1415 1061 florea

212 1095 288 1133 vidi
321 1092 474 1134 astare?
508 1106 624 1144 quom
659 1092 829 1143 negabas
861 1092 912 1130 mi
945 1104 1030 1130 esse
1061 1102 1199 1130 sanum
1231 1089 1416 1141 sinciput,

214 1170 253 1202 et
283 1163 453 1214 negabas
483 1173 544 1200 me
579 1161 744 1207 novisse,
775 1159 1029 1211 peregrinum
1061 1158 1166 1197 aibas
1197 1170 1281 1197 esse
1314 1156 1379 1196 te?

213 1231 330 1271 ΜΕΝ.
380 1229 482 1276 Quin
516 1236 558 1267 ut
587 1229 733 1268 dudum
765 1227 905 1266 divorti
937 1227 1005 1265 abs
1035 1234 1085 1273 te,
1117 1226 1234 1265 redeo
1268 1237 1375 1264 nunc
1407 1225 1561 1263 demum
1593 1225 1765 1264 domum.
1891 1233 1949 1266 635

213 1299 318 1338 ΡΕΝ.
370 1298 465 1337 Novi
497 1309 568 1348 ego
602 1304 651 1335 te.
714 1308 792 1335 non
826 1295 920 1333 mihi
952 1294 1142 1333 censebas
1173 1305 1270 1340 esse,
1304 1294 1368 1344 qui
1400 1299 1438 1331 te
1470 1292 1694 1332 ulciscerer.

215 1367 346 1406 omnia
377 1366 509 1405 hercle
541 1365 652 1404 uxori
684 1364 774 1403 dixi.
835 1363 952 1403 ΜΕΝ.
1003 1361 1104 1408 Quid
1135 1359 1294 1401 dixisti?
1353 1361 1457 1401 ΡΕΝ.
1508 1361 1661 1407 Nescio,

215 1448 301 1475 eam
331 1435 441 1486 ipsus
472 1446 578 1485 roga.
638 1433 755 1472 ΜΕΝ.
797 1431 895 1478 Quid
928 1432 1003 1471 hoc
1024 1437 1095 1478 est,
1127 1428 1254 1470 uxor?
1287 1429 1471 1480 quidnam
1502 1429 1566 1468 hic
1589 1429 1760 1468 narravit
1789 1426 1885 1468 tibi?

216 1503 309 1555 quid
341 1503 376 1542 id
410 1501 496 1542 est?
528 1502 619 1553 quid
653 1499 787 1540 taces?
819 1500 913 1551 quin
947 1499 1042 1538 dicis
1074 1498 1164 1550 quid
1196 1496 1273 1537 sit?
1332 1497 1446 1538 MAT.
1497 1497 1617 1544 Quasi
1648 1504 1690 1536 tu
1722 1497 1887 1536 nescias.

868 1571 888 1593 ak

217 1617 332 1669 [palla
363 1617 415 1656 mi
446 1622 505 1656 est
535 1616 650 1654 domo
682 1620 875 1665 surrepta.
936 1613 1051 1651 ΜΕΝ.
1105 1611 1205 1651 Palla
1238 1617 1418 1662 surrepta
1451 1617 1509 1650 est
1539 1609 1651 1663 tibi?]
1881 1614 1953 1652 639·

217 1685 331 1726 MAT.
371 1684 430 1724 Me
448 1682 590 1736 rogas?
650 1682 766 1722 ΜΕΝ.
798 1681 867 1720 Pol
890 1680 989 1719 haud
1012 1692 1147 1730 rogem
1169 1686 1219 1726 te,
1251 1679 1435 1718 sisciam.
1496 1678 1601 1718 ΡΕΝ.
1634 1678 1664 1718 Ο
1688 1678 1886 1717 hominem

1458 1747 1617 1793 malum,
1898 1742 1956 1776 640

217 1828 262 1861 ut
292 1820 521 1860 dissimulat.
583 1832 662 1858 non
697 1825 807 1871 potes
839 1817 986 1856 celare:
1018 1829 1098 1855 rem
1133 1816 1240 1855 novit
1270 1815 1408 1867 probe.

219 1889 350 1929 omnia
375 1888 506 1928 hercle
529 1900 601 1939 ego
626 1886 802 1926 edictavi.
860 1885 980 1925 ΜΕΝ.
1021 1884 1123 1931 Quid
1154 1883 1190 1923 id
1215 1881 1298 1923 est?
1348 1883 1462 1923 MAT.
1504 1882 1670 1929 Quando
1695 1882 1748 1922 nil
1770 1882 1891 1934 pudet

220 1970 350 2008 neque
381 1956 437 1996 vis
467 1962 532 1996 tua
563 1956 764 1995 voluntate
796 1954 879 2006 ipse
913 1952 1102 2004 profiteri,
1134 1952 1223 1991 audi
1255 1958 1370 2003 atque
1403 1952 1506 1990 ades.

220 2033 258 2065 et
289 2025 382 2076 quid
414 2024 536 2063 tristis
565 2020 689 2077 (sim)
720 2029 758 2062 et
789 2021 880 2072 quid
913 2021 977 2060 hic
1008 2021 1103 2059 mihi
1135 2019 1290 2065 dixerit,
1324 2019 1410 2058 faxo
1442 2019 1554 2058 scias.

218 2135 448 2179 iuterr09at;
481 2133 687 2179 parasitus,
719 2133 784 2177 qui
815 2135 901 2176 post
935 2131 1091 2176 primam
1123 2130 1202 2164 eius
1236 2129 1449 2164 mentionem
1487 2129 1564 2174 ipse
1600 2129 1706 2164 verba
1737 2129 1892 2173 fecerat,

219 2200 315 2226 nuuc
340 2201 432 2225 novo
465 2188 570 2224 modo
595 2188 776 2222 mulierem
802 2187 952 2228 iucitat;
983 2186 1047 2221 illa
1073 2186 1209 2232 qemitu
1232 2196 1299 2221 suo
1324 2185 1387 2230 (cf.
1413 2183 1462 2220 ad
1488 2184 1569 2226 614)
1593 2195 1722 2220 rursus
1745 2195 1768 2219 a
1790 2183 1894 2231 palla

219 2257 416 2283 sermonem
442 2245 598 2290 deflectit
688 2243 727 2278 P.
756 2243 1027 2278 Sclimleclerus:
1060 2254 1128 2277 om.
1221 2241 1366 2277 memini
1391 2239 1506 2276 B¹CD
1600 2243 1663 2276 620
1688 2240 1849 2286 deliquid

221 2307 358 2347 seruet,
384 2313 477 2338 corr.
505 2300 681 2336 Gruterus
705 2300 850 2339 (seruei)
943 2301 1003 2333 621
1034 2299 1214 2343 responde
1239 2301 1324 2334 ante
1347 2298 1494 2342 loquere
1518 2297 1568 2332 B'
1663 2299 1729 2331 622
1754 2307 1793 2332 es
1822 2296 1895 2332 B2:

221 2367 276 2397 est
365 2359 487 2405 perqit
511 2358 615 2403 loqui
629 2357 735 2402 quasi
761 2357 810 2391 att
831 2366 870 2391 se
884 2357 1069 2402 pertinere
1085 2366 1158 2390 uon
1173 2355 1292 2400 possit
1385 2357 1449 2388 623
1475 2353 1596 2398 aliquo
1616 2353 1650 2388 B
1742 2355 1807 2388 625
1832 2363 1892 2388 ru-

219 2429 299 2453 rum
328 2415 441 2452 B¹CD
533 2416 598 2448 626
618 2419 707 2459 post
730 2412 839 2448 cerba
863 2423 935 2447 uon
959 2412 1130 2457 efficacia
1141 2411 1296 2457 palpari
1319 2411 1459 2456 incipit,
1483 2410 1673 2445 intercedit
1691 2409 1893 2456 parasitus.

220 2474 285 2509 illa
313 2483 458 2508 manum
488 2470 630 2517 repellit
639 2481 651 2511 ,·
686 2468 812 2504 laudat
834 2469 1040 2515 parasitus.
1088 2467 1138 2511 cf.
1163 2466 1275 2502 Stich.
1305 2467 1376 2501 766
1490 2467 1556 2500 629
1581 2476 1717 2502 corona
1739 2477 1795 2502 me
1821 2465 1897 2501 32.-

221 2540 391 2566 coronam
484 2530 548 2563 630
566 2526 680 2562 detuli
697 2525 751 2561 Β2
847 2527 913 2560 632
937 2524 1028 2559 flora
1045 2522 1160 2559 B¹CD
1252 2525 1316 2558 633
1334 2533 1417 2567 qum
1510 2524 1576 2557 634
1593 2523 1717 2558 alebas
1735 2522 1851 2558 B¹CD

221 2589 286 2621 635
311 2586 449 2621 devorti
467 2584 501 2620 D
593 2584 697 2619 adsta
715 2581 776 2618 CD
869 2583 934 2616 636
959 2580 1178 2617 uolciscerer
1195 2578 1312 2615 B¹CD
1403 2581 1468 2614 638
1493 2589 1572 2614 eam
1596 2579 1699 2624 ipsus
1718 2579 1792 2615 B2:
1817 2589 1895 2615 eam

222 2644 304 2688 plus
330 2641 393 2684 B¹‚
418 2651 587 2686 eampsus
613 2640 646 2676 ei
665 2638 746 2680 CD,·
770 2649 914 2684 eampse
939 2638 1041 2683 ipsus
1069 2636 1205 2672 Ouious
1298 2638 1379 2670 639⁸
1404 2635 1453 2680 cf.
1475 2636 1556 2669 645.
1606 2635 1664 2671 laic
1688 2635 1896 2671 interiectus

221 2709 298 2734 esse
321 2698 462 2733 videtur
485 2697 534 2732 ad
557 2697 725 2732 lacunam
748 2694 975 2730 sarciendam
1067 2695 1132 2728 640
1157 2693 1198 2728 P.
1224 2705 1261 2730 5:
1291 2703 1345 2727 mv
1370 2691 1405 2727 B
1497 2693 1544 2728 ho
1571 2691 1632 2727 ct)
1724 2695 1788 2728 641
1813 2694 1894 2737 pot-

223 2759 278 2791 est
302 2754 355 2790 B²
469 2754 568 2797 noui,
593 2763 687 2788 corr.
713 2750 900 2787 Acidalius
1017 2752 1081 2785 642
1105 2760 1152 2784 PE
1176 2759 1318 2795 praem.
1348 2748 1380 2783 B
1490 2750 1554 2783 643
1580 2748 1666 2784 audi
1690 2751 1800 2793 atque
1827 2746 1896 2782 15².-

223 2811 350 2847 audiat
376 2811 437 2855 qui
464 2810 506 2851 D,
532 2809 657 2845 audiat·
681 2808 767 2853 quid
793 2806 855 2849 13¹,
881 2807 1014 2842 audeat
1039 2805 1100 2850 qui
1128 2806 1155 2841 C
1233 2805 1336 2840 adest
1365 2804 1413 2839 Βι
1505 2807 1571 2839 644
1596 2803 1698 2849 <sim>
1722 2802 1895 2850 Pylades,

224 2867 421 2903 Lambinus
