<?xml version="1.0" encoding="UTF-8"?>
<!DOCTYPE html PUBLIC "-//W3C//DTD XHTML 1.0 Transitional//EN"
    "http://www.w3.org/TR/xhtml1/DTD/xhtml1-transitional.dtd">
<html xmlns="http://www.w3.org/1999/xhtml" xml:lang="en" lang="en">
 <head>
  <title>
</title>
<meta http-equiv="Content-Type" content="text/html;charset=utf-8" />
  <meta name='ocr-system' content='tesseract 3.04.00' />
  <meta name='ocr-capabilities' content='ocr_page ocr_carea ocr_par ocr_line ocrx_word'/>
</head>
<body>
  <div class='ocr_page' id='page_1' title='image "./comoediaerecensu01plauuoft_0461.png"; bbox 0 0 1998 3179; ppageno 0'>
   <div class='ocr_carea' id='block_1_1' title="bbox 101 121 1760 169">
    <p class='ocr_par' dir='ltr' id='par_1_1' title="bbox 101 121 1760 169">
     <span class='ocr_line' id='line_1_1' title="bbox 101 121 1760 169; baseline 0.011 -19"><span class='ocrx_word' id='word_1_1' title='bbox 101 121 130 150; x_wconf 86' lang='lat'>11</span> <span class='ocrx_word' id='word_1_2' title='bbox 148 122 175 155; x_wconf 85' lang='lat'>2.</span> <span class='ocrx_word' id='word_1_3' title='bbox 188 124 283 157; x_wconf 83' lang='lat'><strong>42—3,</strong></span> <span class='ocrx_word' id='word_1_4' title='bbox 297 126 314 153; x_wconf 88' lang='lat'><strong>3</strong></span> <span class='ocrx_word' id='word_1_5' title='bbox 791 126 1062 162; x_wconf 83' lang='lat' dir='ltr'><strong>MERCATOR</strong></span> <span class='ocrx_word' id='word_1_6' title='bbox 1680 131 1760 169; x_wconf 80' lang='lat'>449</span> 
     </span>
    </p>
   </div>
   <div class='ocr_carea' id='block_1_2' title="bbox 301 240 1757 628">
    <p class='ocr_par' dir='ltr' id='par_1_2' title="bbox 303 240 1617 292">
     <span class='ocr_line' id='line_1_2' title="bbox 303 240 1617 292; baseline 0.003 -12"><span class='ocrx_word' id='word_1_7' title='bbox 303 241 402 280; x_wconf 78' lang='lat' dir='ltr'>LYs.</span> <span class='ocrx_word' id='word_1_8' title='bbox 453 240 493 279; x_wconf 94' lang='lat' dir='ltr'>Si</span> <span class='ocrx_word' id='word_1_9' title='bbox 523 252 705 291; x_wconf 87' lang='lat' dir='ltr'>umquam</span> <span class='ocrx_word' id='word_1_10' title='bbox 736 240 882 280; x_wconf 80' lang='lat' dir='ltr'>vidistis</span> <span class='ocrx_word' id='word_1_11' title='bbox 912 241 1059 292; x_wconf 80' lang='lat' dir='ltr'>pictum</span> <span class='ocrx_word' id='word_1_12' title='bbox 1091 248 1315 290; x_wconf 82' lang='lat' dir='ltr'>amatorem,</span> <span class='ocrx_word' id='word_1_13' title='bbox 1347 255 1407 282; x_wconf 87' lang='lat' dir='ltr'>em</span> <span class='ocrx_word' id='word_1_14' title='bbox 1438 242 1516 283; x_wconf 84' lang='lat' dir='ltr'>illic</span> <span class='ocrx_word' id='word_1_15' title='bbox 1548 250 1617 284; x_wconf 91' lang='lat' dir='ltr'>est.</span> 
     </span>
    </p>

    <p class='ocr_par' dir='ltr' id='par_1_3' title="bbox 303 308 1444 361">
     <span class='ocr_line' id='line_1_3' title="bbox 303 308 1444 361; baseline 0.003 -14"><span class='ocrx_word' id='word_1_16' title='bbox 303 320 393 347; x_wconf 84' lang='lat' dir='ltr'>nam</span> <span class='ocrx_word' id='word_1_17' title='bbox 425 320 511 348; x_wconf 91' lang='lat' dir='ltr'>meo</span> <span class='ocrx_word' id='word_1_18' title='bbox 544 308 700 359; x_wconf 90' lang='lat' dir='ltr'>quidem</span> <span class='ocrx_word' id='word_1_19' title='bbox 730 308 861 347; x_wconf 92' lang='lat' dir='ltr'>animo</span> <span class='ocrx_word' id='word_1_20' title='bbox 892 309 1044 348; x_wconf 85' lang='lat' dir='ltr'>vetulus</span> <span class='ocrx_word' id='word_1_21' title='bbox 1074 308 1295 361; x_wconf 85' lang='lat' dir='ltr'>decrepitus</span> <span class='ocrx_word' id='word_1_22' title='bbox 1325 322 1444 350; x_wconf 81' lang='lat' dir='ltr'>senex</span> 
     </span>
    </p>

    <p class='ocr_par' dir='ltr' id='par_1_4' title="bbox 302 375 1365 428">
     <span class='ocr_line' id='line_1_4' title="bbox 302 375 1365 428; baseline 0.002 -14"><span class='ocrx_word' id='word_1_23' title='bbox 302 375 526 415; x_wconf 78' lang='lat' dir='ltr'>tantidemst</span> <span class='ocrx_word' id='word_1_24' title='bbox 556 376 665 426; x_wconf 80' lang='lat' dir='ltr'>quasi</span> <span class='ocrx_word' id='word_1_25' title='bbox 694 375 743 415; x_wconf 91' lang='lat' dir='ltr'>sit</span> <span class='ocrx_word' id='word_1_26' title='bbox 771 375 925 427; x_wconf 87' lang='lat' dir='ltr'>signum</span> <span class='ocrx_word' id='word_1_27' title='bbox 956 376 1102 427; x_wconf 85' lang='lat' dir='ltr'>pictum</span> <span class='ocrx_word' id='word_1_28' title='bbox 1133 376 1174 415; x_wconf 91' lang='lat' dir='ltr'>in</span> <span class='ocrx_word' id='word_1_29' title='bbox 1204 377 1365 428; x_wconf 85' lang='lat' dir='ltr'>pariete.</span> 
     </span>
    </p>

    <p class='ocr_par' dir='ltr' id='par_1_5' title="bbox 301 443 1332 495">
     <span class='ocr_line' id='line_1_5' title="bbox 301 443 1332 495; baseline 0.001 -13"><span class='ocrx_word' id='word_1_30' title='bbox 301 443 417 482; x_wconf 81' lang='lat' dir='ltr'>DEM.</span> <span class='ocrx_word' id='word_1_31' title='bbox 466 443 581 482; x_wconf 80' lang='lat' dir='ltr'>Nunc</span> <span class='ocrx_word' id='word_1_32' title='bbox 610 449 652 482; x_wconf 92' lang='lat' dir='ltr'>tu</span> <span class='ocrx_word' id='word_1_33' title='bbox 683 455 756 488; x_wconf 83' lang='lat' dir='ltr'>me,</span> <span class='ocrx_word' id='word_1_34' title='bbox 789 443 926 490; x_wconf 84' lang='lat' dir='ltr'>credo,</span> <span class='ocrx_word' id='word_1_35' title='bbox 958 443 1145 495; x_wconf 82' lang='lat' dir='ltr'>castigare</span> <span class='ocrx_word' id='word_1_36' title='bbox 1175 444 1332 495; x_wconf 84' lang='lat' dir='ltr'>cogitas.</span> 
     </span>
    </p>

    <p class='ocr_par' dir='ltr' id='par_1_6' title="bbox 301 509 1757 628">
     <span class='ocr_line' id='line_1_6' title="bbox 301 509 1757 562; baseline 0.003 -13"><span class='ocrx_word' id='word_1_37' title='bbox 301 511 400 550; x_wconf 79' lang='lat' dir='ltr'>LYs.</span> <span class='ocrx_word' id='word_1_38' title='bbox 450 510 562 561; x_wconf 84' lang='lat' dir='ltr'>Egon</span> <span class='ocrx_word' id='word_1_39' title='bbox 588 509 657 551; x_wconf 76' lang='lat' dir='ltr'>te?</span> <span class='ocrx_word' id='word_1_40' title='bbox 715 511 832 550; x_wconf 74' lang='lat' dir='ltr'>DEM.</span> <span class='ocrx_word' id='word_1_41' title='bbox 879 510 983 549; x_wconf 83' lang='lat' dir='ltr'>Nihil</span> <span class='ocrx_word' id='word_1_42' title='bbox 1013 516 1071 549; x_wconf 86' lang='lat' dir='ltr'>est</span> <span class='ocrx_word' id='word_1_43' title='bbox 1101 510 1173 549; x_wconf 89' lang='lat' dir='ltr'>iam</span> <span class='ocrx_word' id='word_1_44' title='bbox 1196 511 1301 562; x_wconf 88' lang='lat' dir='ltr'>quod</span> <span class='ocrx_word' id='word_1_45' title='bbox 1331 517 1374 550; x_wconf 85' lang='lat' dir='ltr'>tu</span> <span class='ocrx_word' id='word_1_46' title='bbox 1394 512 1487 551; x_wconf 87' lang='lat' dir='ltr'>mihi</span> <span class='ocrx_word' id='word_1_47' title='bbox 1508 525 1757 554; x_wconf 84' lang='lat' dir='ltr'>suscenseas:</span> 
     </span>
     <span class='ocr_line' id='line_1_7' title="bbox 302 577 1051 628; baseline 0 -13"><span class='ocrx_word' id='word_1_48' title='bbox 302 579 429 617; x_wconf 85' lang='lat' dir='ltr'>fecere</span> <span class='ocrx_word' id='word_1_49' title='bbox 458 577 533 617; x_wconf 87' lang='lat' dir='ltr'>tale</span> <span class='ocrx_word' id='word_1_50' title='bbox 563 583 653 616; x_wconf 90' lang='lat' dir='ltr'>ante</span> <span class='ocrx_word' id='word_1_51' title='bbox 684 577 746 616; x_wconf 87' lang='lat' dir='ltr'>alii</span> <span class='ocrx_word' id='word_1_52' title='bbox 775 577 938 628; x_wconf 85' lang='lat' dir='ltr'>spectati</span> <span class='ocrx_word' id='word_1_53' title='bbox 968 577 1051 616; x_wconf 84' lang='lat' dir='ltr'>viri.</span> 
     </span>
    </p>
   </div>
   <div class='ocr_carea' id='block_1_3' title="bbox 1769 386 1827 420">
    <p class='ocr_par' dir='ltr' id='par_1_7' title="bbox 1769 386 1827 420">
     <span class='ocr_line' id='line_1_8' title="bbox 1769 386 1827 420; baseline 0.017 -1"><span class='ocrx_word' id='word_1_54' title='bbox 1769 386 1827 420; x_wconf 86' lang='lat'>315</span> 
     </span>
    </p>
   </div>
   <div class='ocr_carea' id='block_1_4' title="bbox 300 644 1828 696">
    <p class='ocr_par' dir='ltr' id='par_1_8' title="bbox 300 644 1828 696">
     <span class='ocr_line' id='line_1_9' title="bbox 300 644 1828 696; baseline 0.005 -13"><span class='ocrx_word' id='word_1_55' title='bbox 300 645 515 684; x_wconf 88' lang='lat' dir='ltr'>humanum</span> <span class='ocrx_word' id='word_1_56' title='bbox 546 652 724 692; x_wconf 88' lang='lat' dir='ltr'>amarest‚</span> <span class='ocrx_word' id='word_1_57' title='bbox 756 645 970 684; x_wconf 88' lang='lat' dir='ltr'>humanum</span> <span class='ocrx_word' id='word_1_58' title='bbox 1001 650 1129 683; x_wconf 90' lang='lat' dir='ltr'>autem</span> <span class='ocrx_word' id='word_1_59' title='bbox 1160 644 1421 696; x_wconf 82' lang='lat' dir='ltr'>ignoscerest:</span> <span class='ocrx_word' id='word_1_60' title='bbox 1688 655 1828 690; x_wconf 80' lang='lat'>319.320</span> 
     </span>
    </p>
   </div>
   <div class='ocr_carea' id='block_1_5' title="bbox 295 711 1757 1305">
    <p class='ocr_par' dir='ltr' id='par_1_9' title="bbox 303 711 1446 765">
     <span class='ocr_line' id='line_1_10' title="bbox 303 711 1446 765; baseline 0.002 -15"><span class='ocrx_word' id='word_1_61' title='bbox 303 724 352 750; x_wconf 89' lang='lat' dir='ltr'>ne</span> <span class='ocrx_word' id='word_1_62' title='bbox 381 715 433 751; x_wconf 91' lang='lat' dir='ltr'>sis</span> <span class='ocrx_word' id='word_1_63' title='bbox 463 723 524 750; x_wconf 87' lang='lat' dir='ltr'>me</span> <span class='ocrx_word' id='word_1_64' title='bbox 555 711 731 763; x_wconf 83' lang='lat' dir='ltr'>obiurga,</span> <span class='ocrx_word' id='word_1_65' title='bbox 762 712 837 750; x_wconf 86' lang='lat' dir='ltr'>hoc</span> <span class='ocrx_word' id='word_1_66' title='bbox 870 724 947 750; x_wconf 91' lang='lat' dir='ltr'>non</span> <span class='ocrx_word' id='word_1_67' title='bbox 980 711 1159 751; x_wconf 81' lang='lat' dir='ltr'>voluntas</span> <span class='ocrx_word' id='word_1_68' title='bbox 1189 724 1250 751; x_wconf 90' lang='lat' dir='ltr'>me</span> <span class='ocrx_word' id='word_1_69' title='bbox 1281 712 1446 765; x_wconf 88' lang='lat' dir='ltr'>impulit.</span> 
     </span>
    </p>

    <p class='ocr_par' dir='ltr' id='par_1_10' title="bbox 295 778 1663 897">
     <span class='ocr_line' id='line_1_11' title="bbox 295 778 1663 830; baseline 0.002 -12"><span class='ocrx_word' id='word_1_70' title='bbox 295 779 396 819; x_wconf 67' lang='lat' dir='ltr'>LYs.</span> <span class='ocrx_word' id='word_1_71' title='bbox 447 778 551 824; x_wconf 90' lang='lat' dir='ltr'>Quin</span> <span class='ocrx_word' id='word_1_72' title='bbox 584 791 665 818; x_wconf 91' lang='lat' dir='ltr'>non</span> <span class='ocrx_word' id='word_1_73' title='bbox 698 778 878 830; x_wconf 87' lang='lat' dir='ltr'>obiurgo.</span> <span class='ocrx_word' id='word_1_74' title='bbox 938 778 1054 819; x_wconf 75' lang='lat' dir='ltr'>DEM.</span> <span class='ocrx_word' id='word_1_75' title='bbox 1104 780 1152 818; x_wconf 88' lang='lat' dir='ltr'>At</span> <span class='ocrx_word' id='word_1_76' title='bbox 1185 792 1234 818; x_wconf 83' lang='lat' dir='ltr'>ne</span> <span class='ocrx_word' id='word_1_77' title='bbox 1266 780 1502 819; x_wconf 83' lang='lat' dir='ltr'>deteriorem</span> <span class='ocrx_word' id='word_1_78' title='bbox 1533 787 1663 821; x_wconf 87' lang='lat' dir='ltr'>tamen</span> 
     </span>
     <span class='ocr_line' id='line_1_12' title="bbox 299 845 1536 897; baseline 0.002 -12"><span class='ocrx_word' id='word_1_79' title='bbox 299 847 373 885; x_wconf 85' lang='lat' dir='ltr'>hoo</span> <span class='ocrx_word' id='word_1_80' title='bbox 404 846 505 885; x_wconf 81' lang='lat' dir='ltr'>facto</span> <span class='ocrx_word' id='word_1_81' title='bbox 537 846 667 885; x_wconf 84' lang='lat' dir='ltr'>ducas.</span> <span class='ocrx_word' id='word_1_82' title='bbox 726 846 825 885; x_wconf 77' lang='lat' dir='ltr'>LYs.</span> <span class='ocrx_word' id='word_1_83' title='bbox 878 846 989 897; x_wconf 83' lang='lat' dir='ltr'>Egon</span> <span class='ocrx_word' id='word_1_84' title='bbox 1021 845 1088 885; x_wconf 79' lang='lat' dir='ltr'>te?</span> <span class='ocrx_word' id='word_1_85' title='bbox 1119 847 1180 893; x_wconf 85' lang='lat' dir='ltr'>ah,</span> <span class='ocrx_word' id='word_1_86' title='bbox 1215 860 1263 887; x_wconf 83' lang='lat' dir='ltr'>ne</span> <span class='ocrx_word' id='word_1_87' title='bbox 1295 848 1332 887; x_wconf 87' lang='lat' dir='ltr'>di</span> <span class='ocrx_word' id='word_1_88' title='bbox 1363 849 1536 887; x_wconf 75' lang='lat' dir='ltr'>siverint.</span> 
     </span>
    </p>

    <p class='ocr_par' dir='ltr' id='par_1_11' title="bbox 296 913 1749 1034">
     <span class='ocr_line' id='line_1_13' title="bbox 296 913 1749 957; baseline 0.002 -4"><span class='ocrx_word' id='word_1_89' title='bbox 296 914 348 953; x_wconf 91' lang='lat' dir='ltr'>D.</span> <span class='ocrx_word' id='word_1_90' title='bbox 365 913 458 952; x_wconf 76' lang='lat' dir='ltr'>Vide</span> <span class='ocrx_word' id='word_1_91' title='bbox 479 916 531 953; x_wconf 88' lang='lat' dir='ltr'>sis</span> <span class='ocrx_word' id='word_1_92' title='bbox 551 913 668 952; x_wconf 90' lang='lat' dir='ltr'>modo</span> <span class='ocrx_word' id='word_1_93' title='bbox 690 913 818 952; x_wconf 87' lang='lat' dir='ltr'>etiam.</span> <span class='ocrx_word' id='word_1_94' title='bbox 848 914 896 954; x_wconf 92' lang='lat' dir='ltr'>L.</span> <span class='ocrx_word' id='word_1_95' title='bbox 918 913 1099 954; x_wconf 64' lang='lat' dir='ltr'>visumst.</span> <span class='ocrx_word' id='word_1_96' title='bbox 1129 915 1181 955; x_wconf 92' lang='lat' dir='ltr'>D.</span> <span class='ocrx_word' id='word_1_97' title='bbox 1204 915 1374 955; x_wconf 75' lang='lat' dir='ltr'>Certen?</span> <span class='ocrx_word' id='word_1_98' title='bbox 1404 916 1502 957; x_wconf 71' lang='lat' dir='ltr'>LYs.</span> <span class='ocrx_word' id='word_1_99' title='bbox 1529 916 1659 956; x_wconf 82' lang='lat' dir='ltr'>Perdis</span> <span class='ocrx_word' id='word_1_100' title='bbox 1674 928 1749 956; x_wconf 89' lang='lat' dir='ltr'>me.</span> 
     </span>
     <span class='ocr_line' id='line_1_14' title="bbox 298 981 1619 1034; baseline 0.002 -14"><span class='ocrx_word' id='word_1_101' title='bbox 298 982 361 1020; x_wconf 86' lang='lat' dir='ltr'>hic</span> <span class='ocrx_word' id='word_1_102' title='bbox 391 982 509 1021; x_wconf 86' lang='lat' dir='ltr'>homo</span> <span class='ocrx_word' id='word_1_103' title='bbox 541 993 587 1020; x_wconf 79' lang='lat' dir='ltr'>ex</span> <span class='ocrx_word' id='word_1_104' title='bbox 624 993 756 1020; x_wconf 90' lang='lat' dir='ltr'>amore</span> <span class='ocrx_word' id='word_1_105' title='bbox 787 981 944 1021; x_wconf 85' lang='lat' dir='ltr'>insanit.</span> <span class='ocrx_word' id='word_1_106' title='bbox 1004 983 1194 1034; x_wconf 86' lang='lat' dir='ltr'>numquid</span> <span class='ocrx_word' id='word_1_107' title='bbox 1223 982 1307 1023; x_wconf 76' lang='lat' dir='ltr'>vis?</span> <span class='ocrx_word' id='word_1_108' title='bbox 1364 984 1480 1025; x_wconf 69' lang='lat' dir='ltr'>Dm.</span> <span class='ocrx_word' id='word_1_109' title='bbox 1518 983 1619 1023; x_wconf 83' lang='lat' dir='ltr'>Vale.</span> 
     </span>
    </p>

    <p class='ocr_par' dir='ltr' id='par_1_12' title="bbox 296 1048 1509 1101">
     <span class='ocr_line' id='line_1_15' title="bbox 296 1048 1509 1101; baseline 0.002 -13"><span class='ocrx_word' id='word_1_110' title='bbox 296 1049 396 1088; x_wconf 75' lang='lat' dir='ltr'>LYs.</span> <span class='ocrx_word' id='word_1_111' title='bbox 432 1049 490 1088; x_wconf 87' lang='lat' dir='ltr'>Ad</span> <span class='ocrx_word' id='word_1_112' title='bbox 510 1055 666 1100; x_wconf 89' lang='lat' dir='ltr'>portum</span> <span class='ocrx_word' id='word_1_113' title='bbox 689 1061 874 1101; x_wconf 84' lang='lat' dir='ltr'>propero,</span> <span class='ocrx_word' id='word_1_114' title='bbox 897 1061 985 1088; x_wconf 90' lang='lat' dir='ltr'>nam</span> <span class='ocrx_word' id='word_1_115' title='bbox 1016 1048 1070 1088; x_wconf 92' lang='lat' dir='ltr'>ibi</span> <span class='ocrx_word' id='word_1_116' title='bbox 1091 1050 1185 1089; x_wconf 88' lang='lat' dir='ltr'>mihi</span> <span class='ocrx_word' id='word_1_117' title='bbox 1208 1051 1409 1101; x_wconf 84' lang='lat' dir='ltr'>negotium</span> <span class='ocrx_word' id='word_1_118' title='bbox 1439 1057 1509 1091; x_wconf 90' lang='lat' dir='ltr'>est.</span> 
     </span>
    </p>

    <p class='ocr_par' dir='ltr' id='par_1_13' title="bbox 296 1116 1757 1238">
     <span class='ocr_line' id='line_1_16' title="bbox 296 1116 1757 1160; baseline 0.003 -4"><span class='ocrx_word' id='word_1_119' title='bbox 296 1118 413 1157; x_wconf 71' lang='lat' dir='ltr'>Dm.</span> <span class='ocrx_word' id='word_1_120' title='bbox 448 1117 555 1156; x_wconf 88' lang='lat' dir='ltr'>Bene</span> <span class='ocrx_word' id='word_1_121' title='bbox 576 1116 785 1156; x_wconf 87' lang='lat' dir='ltr'>ambulato.</span> <span class='ocrx_word' id='word_1_122' title='bbox 829 1117 929 1157; x_wconf 78' lang='lat' dir='ltr'>LYs.</span> <span class='ocrx_word' id='word_1_123' title='bbox 969 1117 1076 1156; x_wconf 88' lang='lat' dir='ltr'>Bene</span> <span class='ocrx_word' id='word_1_124' title='bbox 1106 1118 1274 1157; x_wconf 83' lang='lat' dir='ltr'>vale.—</span> <span class='ocrx_word' id='word_1_125' title='bbox 1303 1119 1419 1160; x_wconf 67' lang='lat' dir='ltr'>Dm.</span> <span class='ocrx_word' id='word_1_126' title='bbox 1470 1120 1576 1159; x_wconf 90' lang='lat' dir='ltr'>Bene</span> <span class='ocrx_word' id='word_1_127' title='bbox 1607 1120 1654 1160; x_wconf 91' lang='lat' dir='ltr'>sit</span> <span class='ocrx_word' id='word_1_128' title='bbox 1676 1120 1757 1160; x_wconf 86' lang='lat' dir='ltr'>tibi.</span> 
     </span>
     <span class='ocr_line' id='line_1_17' title="bbox 300 1184 1409 1238; baseline 0.002 -14"><span class='ocrx_word' id='word_1_129' title='bbox 300 1186 396 1237; x_wconf 85' lang='lat' dir='ltr'>quin</span> <span class='ocrx_word' id='word_1_130' title='bbox 427 1185 522 1224; x_wconf 89' lang='lat' dir='ltr'>mihi</span> <span class='ocrx_word' id='word_1_131' title='bbox 552 1196 711 1236; x_wconf 89' lang='lat' dir='ltr'>quoque</span> <span class='ocrx_word' id='word_1_132' title='bbox 742 1184 895 1224; x_wconf 87' lang='lat' dir='ltr'>etiamst</span> <span class='ocrx_word' id='word_1_133' title='bbox 926 1185 972 1224; x_wconf 91' lang='lat' dir='ltr'>ad</span> <span class='ocrx_word' id='word_1_134' title='bbox 1003 1192 1163 1237; x_wconf 89' lang='lat' dir='ltr'>portum</span> <span class='ocrx_word' id='word_1_135' title='bbox 1195 1187 1409 1238; x_wconf 86' lang='lat' dir='ltr'>negotium.</span> 
     </span>
    </p>

    <p class='ocr_par' dir='ltr' id='par_1_14' title="bbox 298 1252 1436 1305">
     <span class='ocr_line' id='line_1_18' title="bbox 298 1252 1436 1305; baseline 0.002 -13"><span class='ocrx_word' id='word_1_136' title='bbox 298 1266 406 1293; x_wconf 82' lang='lat' dir='ltr'>nuno</span> <span class='ocrx_word' id='word_1_137' title='bbox 437 1253 531 1292; x_wconf 89' lang='lat' dir='ltr'>adeo</span> <span class='ocrx_word' id='word_1_138' title='bbox 562 1252 627 1292; x_wconf 92' lang='lat' dir='ltr'>ibo</span> <span class='ocrx_word' id='word_1_139' title='bbox 658 1253 762 1293; x_wconf 87' lang='lat' dir='ltr'>illuc.</span> <span class='ocrx_word' id='word_1_140' title='bbox 823 1253 891 1292; x_wconf 75' lang='lat' dir='ltr'>sed</span> <span class='ocrx_word' id='word_1_141' title='bbox 923 1260 1082 1305; x_wconf 88' lang='lat' dir='ltr'>optume</span> <span class='ocrx_word' id='word_1_142' title='bbox 1114 1261 1275 1304; x_wconf 78' lang='lat' dir='ltr'>gnatum</span> <span class='ocrx_word' id='word_1_143' title='bbox 1307 1267 1436 1294; x_wconf 88' lang='lat' dir='ltr'>meum</span> 
     </span>
    </p>
   </div>
   <div class='ocr_carea' id='block_1_6' title="bbox 1768 994 1826 1027">
    <p class='ocr_par' dir='ltr' id='par_1_15' title="bbox 1768 994 1826 1027">
     <span class='ocr_line' id='line_1_19' title="bbox 1768 994 1826 1027; baseline 0 -1"><span class='ocrx_word' id='word_1_144' title='bbox 1768 994 1826 1027; x_wconf 81' lang='lat'>325</span> 
     </span>
    </p>
   </div>
   <div class='ocr_carea' id='block_1_7' title="bbox 296 1321 1830 1375">
    <p class='ocr_par' dir='ltr' id='par_1_16' title="bbox 296 1321 1830 1375">
     <span class='ocr_line' id='line_1_20' title="bbox 296 1321 1830 1375; baseline 0.002 -15"><span class='ocrx_word' id='word_1_145' title='bbox 296 1321 406 1361; x_wconf 90' lang='lat' dir='ltr'>video</span> <span class='ocrx_word' id='word_1_146' title='bbox 439 1333 586 1360; x_wconf 84' lang='lat' dir='ltr'>eccum.</span> <span class='ocrx_word' id='word_1_147' title='bbox 647 1321 829 1372; x_wconf 86' lang='lat' dir='ltr'>opperiar</span> <span class='ocrx_word' id='word_1_148' title='bbox 866 1321 1079 1360; x_wconf 90' lang='lat' dir='ltr'>hominem.</span> <span class='ocrx_word' id='word_1_149' title='bbox 1138 1322 1215 1361; x_wconf 84' lang='lat' dir='ltr'>hoc</span> <span class='ocrx_word' id='word_1_150' title='bbox 1246 1335 1354 1362; x_wconf 82' lang='lat' dir='ltr'>nunc</span> <span class='ocrx_word' id='word_1_151' title='bbox 1386 1323 1479 1362; x_wconf 91' lang='lat' dir='ltr'>mihi</span> <span class='ocrx_word' id='word_1_152' title='bbox 1509 1323 1589 1362; x_wconf 77' lang='lat' dir='ltr'>viso</span> <span class='ocrx_word' id='word_1_153' title='bbox 1630 1328 1830 1375; x_wconf 75' lang='lat' dir='ltr'>opust,330</span> 
     </span>
    </p>
   </div>
   <div class='ocr_carea' id='block_1_8' title="bbox 297 1387 1456 1643">
    <p class='ocr_par' dir='ltr' id='par_1_17' title="bbox 297 1387 1185 1440">
     <span class='ocr_line' id='line_1_21' title="bbox 297 1387 1185 1440; baseline -0.001 -11"><span class='ocrx_word' id='word_1_154' title='bbox 297 1389 388 1429; x_wconf 87' lang='lat' dir='ltr'>huic</span> <span class='ocrx_word' id='word_1_155' title='bbox 418 1387 656 1440; x_wconf 85' lang='lat' dir='ltr'>persuadere</span> <span class='ocrx_word' id='word_1_156' title='bbox 688 1400 765 1438; x_wconf 89' lang='lat' dir='ltr'>quo</span> <span class='ocrx_word' id='word_1_157' title='bbox 796 1388 911 1426; x_wconf 84' lang='lat' dir='ltr'>modo</span> <span class='ocrx_word' id='word_1_158' title='bbox 943 1389 1046 1440; x_wconf 88' lang='lat' dir='ltr'>potis</span> <span class='ocrx_word' id='word_1_159' title='bbox 1076 1389 1185 1435; x_wconf 84' lang='lat' dir='ltr'>siem,</span> 
     </span>
    </p>

    <p class='ocr_par' dir='ltr' id='par_1_18' title="bbox 297 1454 1153 1505">
     <span class='ocr_line' id='line_1_22' title="bbox 297 1454 1153 1505; baseline 0 -9"><span class='ocrx_word' id='word_1_160' title='bbox 297 1464 339 1496; x_wconf 87' lang='lat' dir='ltr'>ut</span> <span class='ocrx_word' id='word_1_161' title='bbox 369 1456 470 1495; x_wconf 88' lang='lat' dir='ltr'>illam</span> <span class='ocrx_word' id='word_1_162' title='bbox 502 1455 643 1494; x_wconf 81' lang='lat' dir='ltr'>vendat</span> <span class='ocrx_word' id='word_1_163' title='bbox 673 1467 770 1494; x_wconf 86' lang='lat' dir='ltr'>neve</span> <span class='ocrx_word' id='word_1_164' title='bbox 801 1454 864 1494; x_wconf 88' lang='lat' dir='ltr'>det</span> <span class='ocrx_word' id='word_1_165' title='bbox 896 1456 1009 1495; x_wconf 88' lang='lat' dir='ltr'>matri</span> <span class='ocrx_word' id='word_1_166' title='bbox 1039 1468 1153 1505; x_wconf 82' lang='lat' dir='ltr'>suae3</span> 
     </span>
    </p>

    <p class='ocr_par' dir='ltr' id='par_1_19' title="bbox 297 1522 1456 1643">
     <span class='ocr_line' id='line_1_23' title="bbox 297 1522 1456 1576; baseline 0 -13"><span class='ocrx_word' id='word_1_167' title='bbox 297 1536 386 1563; x_wconf 87' lang='lat' dir='ltr'>nam</span> <span class='ocrx_word' id='word_1_168' title='bbox 418 1524 453 1562; x_wconf 87' lang='lat' dir='ltr'>ei</span> <span class='ocrx_word' id='word_1_169' title='bbox 483 1523 588 1562; x_wconf 91' lang='lat' dir='ltr'>dono</span> <span class='ocrx_word' id='word_1_170' title='bbox 619 1522 760 1562; x_wconf 86' lang='lat' dir='ltr'>advexe</span> <span class='ocrx_word' id='word_1_171' title='bbox 791 1522 930 1562; x_wconf 85' lang='lat' dir='ltr'>audivi.</span> <span class='ocrx_word' id='word_1_172' title='bbox 990 1524 1056 1563; x_wconf 87' lang='lat' dir='ltr'>sed</span> <span class='ocrx_word' id='word_1_173' title='bbox 1087 1530 1295 1576; x_wconf 83' lang='lat' dir='ltr'>praecauto</span> <span class='ocrx_word' id='word_1_174' title='bbox 1328 1530 1456 1576; x_wconf 86' lang='lat' dir='ltr'>opust,</span> 
     </span>
     <span class='ocr_line' id='line_1_24' title="bbox 297 1591 1437 1643; baseline 0 -12"><span class='ocrx_word' id='word_1_175' title='bbox 297 1605 346 1631; x_wconf 91' lang='lat' dir='ltr'>ne</span> <span class='ocrx_word' id='word_1_176' title='bbox 378 1591 441 1630; x_wconf 80' lang='lat' dir='ltr'>hie</span> <span class='ocrx_word' id='word_1_177' title='bbox 471 1591 574 1630; x_wconf 87' lang='lat' dir='ltr'>illam</span> <span class='ocrx_word' id='word_1_178' title='bbox 606 1603 668 1630; x_wconf 91' lang='lat' dir='ltr'>me</span> <span class='ocrx_word' id='word_1_179' title='bbox 700 1591 873 1630; x_wconf 85' lang='lat' dir='ltr'>animum</span> <span class='ocrx_word' id='word_1_180' title='bbox 906 1591 1092 1631; x_wconf 82' lang='lat' dir='ltr'>adiecisse</span> <span class='ocrx_word' id='word_1_181' title='bbox 1123 1592 1252 1643; x_wconf 87' lang='lat' dir='ltr'>aliqua</span> <span class='ocrx_word' id='word_1_182' title='bbox 1283 1592 1437 1632; x_wconf 90' lang='lat' dir='ltr'>sentiat.</span> 
     </span>
    </p>
   </div>
   <div class='ocr_carea' id='block_1_9' title="bbox 297 1692 1758 1949">
    <p class='ocr_par' dir='ltr' id='par_1_20' title="bbox 297 1692 1758 1949">
     <span class='ocr_line' id='line_1_25' title="bbox 774 1692 1758 1734; baseline 0.001 -2"><span class='ocrx_word' id='word_1_183' title='bbox 774 1692 1071 1733; x_wconf 77' lang='lat' dir='ltr'><strong>CHARINVS</strong></span> <span class='ocrx_word' id='word_1_184' title='bbox 1666 1694 1712 1733; x_wconf 90' lang='grc' dir='ltr'>Π</span> <span class='ocrx_word' id='word_1_185' title='bbox 1735 1696 1758 1734; x_wconf 88' lang='lat'><strong>3</strong></span> 
     </span>
     <span class='ocr_line' id='line_1_26' title="bbox 297 1760 1256 1812; baseline -0.001 -11"><span class='ocrx_word' id='word_1_186' title='bbox 297 1761 423 1801; x_wconf 83' lang='lat' dir='ltr'>Homo</span> <span class='ocrx_word' id='word_1_187' title='bbox 453 1774 515 1800; x_wconf 91' lang='lat' dir='ltr'>me</span> <span class='ocrx_word' id='word_1_188' title='bbox 547 1760 724 1800; x_wconf 80' lang='lat' dir='ltr'>miserior</span> <span class='ocrx_word' id='word_1_189' title='bbox 755 1760 903 1799; x_wconf 63' lang='lat' dir='ltr'>nullast</span> <span class='ocrx_word' id='word_1_190' title='bbox 933 1773 1067 1812; x_wconf 78' lang='lat' dir='ltr'>aeque,</span> <span class='ocrx_word' id='word_1_191' title='bbox 1101 1764 1256 1812; x_wconf 78' lang='lat' dir='ltr'>opinor,</span> 
     </span>
     <span class='ocr_line' id='line_1_27' title="bbox 298 1828 1250 1881; baseline -0.001 -12"><span class='ocrx_word' id='word_1_192' title='bbox 298 1841 425 1880; x_wconf 83' lang='lat' dir='ltr'>neque</span> <span class='ocrx_word' id='word_1_193' title='bbox 457 1828 618 1868; x_wconf 76' lang='lat' dir='ltr'>advorsa</span> <span class='ocrx_word' id='word_1_194' title='bbox 647 1831 710 1867; x_wconf 87' lang='lat' dir='ltr'>cui</span> <span class='ocrx_word' id='word_1_195' title='bbox 742 1828 854 1880; x_wconf 90' lang='lat' dir='ltr'>plura</span> <span class='ocrx_word' id='word_1_196' title='bbox 883 1831 961 1867; x_wconf 90' lang='lat' dir='ltr'>sint</span> <span class='ocrx_word' id='word_1_197' title='bbox 990 1829 1250 1881; x_wconf 74' lang='lat' dir='ltr'>sempiterna3</span> 
     </span>
     <span class='ocr_line' id='line_1_28' title="bbox 365 1896 1369 1949; baseline 0 -14"><span class='ocrx_word' id='word_1_198' title='bbox 365 1897 465 1936; x_wconf 90' lang='lat' dir='ltr'>satin</span> <span class='ocrx_word' id='word_1_199' title='bbox 498 1896 685 1947; x_wconf 88' lang='lat' dir='ltr'>quidquid</span> <span class='ocrx_word' id='word_1_200' title='bbox 716 1902 786 1943; x_wconf 81' lang='lat' dir='ltr'>est,</span> <span class='ocrx_word' id='word_1_201' title='bbox 817 1908 932 1947; x_wconf 85' lang='lat' dir='ltr'>quam</span> <span class='ocrx_word' id='word_1_202' title='bbox 962 1909 1044 1935; x_wconf 87' lang='lat' dir='ltr'>rem</span> <span class='ocrx_word' id='word_1_203' title='bbox 1076 1909 1191 1949; x_wconf 86' lang='lat' dir='ltr'>agere</span> <span class='ocrx_word' id='word_1_204' title='bbox 1222 1897 1369 1948; x_wconf 73' lang='lat' dir='ltr'>occepi,</span> 
     </span>
    </p>
   </div>
   <div class='ocr_carea' id='block_1_10' title="bbox 105 1991 1617 1998">
    <p class='ocr_par' dir='ltr' id='par_1_21' title="bbox 105 1991 1617 1998">
     <span class='ocr_line' id='line_1_29' title="bbox 105 1991 1617 1998; baseline 0 0"><span class='ocrx_word' id='word_1_205' title='bbox 105 1991 1617 1998; x_wconf 95' lang='lat' dir='ltr'> </span> 
     </span>
    </p>
   </div>
   <div class='ocr_carea' id='block_1_11' title="bbox 92 2038 1763 2974">
    <p class='ocr_par' dir='ltr' id='par_1_22' title="bbox 92 2038 1763 2927">
     <span class='ocr_line' id='line_1_30' title="bbox 207 2038 1670 2088; baseline 0.002 -15"><span class='ocrx_word' id='word_1_206' title='bbox 207 2042 271 2074; x_wconf 76' lang='lat'>314</span> <span class='ocrx_word' id='word_1_207' title='bbox 296 2039 440 2075; x_wconf 80' lang='lat' dir='ltr'>uetulus</span> <span class='ocrx_word' id='word_1_208' title='bbox 465 2038 512 2074; x_wconf 90' lang='lat' dir='ltr'>P:</span> <span class='ocrx_word' id='word_1_209' title='bbox 537 2039 645 2084; x_wconf 88' lang='lat' dir='ltr'>plane</span> <span class='ocrx_word' id='word_1_210' title='bbox 669 2041 700 2074; x_wconf 81' lang='grc' dir='ltr'><em>Α</em></span> <span class='ocrx_word' id='word_1_211' title='bbox 724 2039 838 2084; x_wconf 80' lang='lat' dir='ltr'>(quod</span> <span class='ocrx_word' id='word_1_212' title='bbox 862 2039 910 2074; x_wconf 85' lang='lat' dir='ltr'>ad</span> <span class='ocrx_word' id='word_1_213' title='bbox 933 2039 1143 2076; x_wconf 83' lang='lat' dir='ltr'>tantidemst:</span> <span class='ocrx_word' id='word_1_214' title='bbox 1165 2040 1337 2086; x_wconf 80' lang='lat' dir='ltr'>pertinet)</span> <span class='ocrx_word' id='word_1_215' title='bbox 1349 2053 1363 2081; x_wconf 94' lang='lat'>,·</span> <span class='ocrx_word' id='word_1_216' title='bbox 1386 2040 1437 2085; x_wconf 79' lang='lat' dir='ltr'>cf.</span> <span class='ocrx_word' id='word_1_217' title='bbox 1464 2040 1574 2088; x_wconf 79' lang='lat' dir='ltr'>Epid.</span> <span class='ocrx_word' id='word_1_218' title='bbox 1596 2042 1670 2076; x_wconf 80' lang='lat'>666</span> 
     </span>
     <span class='ocr_line' id='line_1_31' title="bbox 95 2095 1761 2143; baseline 0.002 -12"><span class='ocrx_word' id='word_1_219' title='bbox 95 2099 158 2132; x_wconf 87' lang='lat'>315</span> <span class='ocrx_word' id='word_1_220' title='bbox 190 2096 364 2132; x_wconf 80' lang='lat' dir='ltr'>tantidest</span> <span class='ocrx_word' id='word_1_221' title='bbox 388 2097 438 2137; x_wconf 88' lang='grc' dir='ltr'>Α,</span> <span class='ocrx_word' id='word_1_222' title='bbox 471 2097 544 2130; x_wconf 81' lang='lat' dir='ltr'>tam</span> <span class='ocrx_word' id='word_1_223' title='bbox 575 2095 670 2130; x_wconf 82' lang='lat' dir='ltr'>idem</span> <span class='ocrx_word' id='word_1_224' title='bbox 703 2098 757 2131; x_wconf 84' lang='lat' dir='ltr'>est</span> <span class='ocrx_word' id='word_1_225' title='bbox 781 2095 816 2130; x_wconf 89' lang='lat' dir='ltr'><em>B</em></span> <span class='ocrx_word' id='word_1_226' title='bbox 933 2097 997 2130; x_wconf 81' lang='lat'>318</span> <span class='ocrx_word' id='word_1_227' title='bbox 1030 2095 1114 2131; x_wconf 86' lang='lat' dir='ltr'>aliei</span> <span class='ocrx_word' id='word_1_228' title='bbox 1147 2100 1182 2131; x_wconf 85' lang='lat' dir='ltr'>et</span> <span class='ocrx_word' id='word_1_229' title='bbox 1213 2096 1305 2132; x_wconf 89' lang='lat' dir='ltr'>uirei</span> <span class='ocrx_word' id='word_1_230' title='bbox 1329 2097 1379 2138; x_wconf 81' lang='grc' dir='ltr'>Α,</span> <span class='ocrx_word' id='word_1_231' title='bbox 1413 2101 1576 2143; x_wconf 84' lang='lat' dir='ltr'>spectate</span> <span class='ocrx_word' id='word_1_232' title='bbox 1609 2098 1644 2132; x_wconf 89' lang='lat' dir='ltr'><em>B</em></span> <span class='ocrx_word' id='word_1_233' title='bbox 1677 2102 1761 2134; x_wconf 81' lang='lat' dir='ltr'>ante</span> 
     </span>
     <span class='ocr_line' id='line_1_32' title="bbox 93 2150 1760 2198; baseline 0.001 -11"><span class='ocrx_word' id='word_1_234' title='bbox 93 2163 187 2188; x_wconf 86' lang='lat' dir='ltr'>corr.</span> <span class='ocrx_word' id='word_1_235' title='bbox 211 2153 231 2187; x_wconf 91' lang='lat'><strong><em>1</em></strong></span> <span class='ocrx_word' id='word_1_236' title='bbox 256 2163 299 2186; x_wconf 88' lang='lat' dir='ltr'>m.</span> <span class='ocrx_word' id='word_1_237' title='bbox 393 2154 469 2186; x_wconf 81' lang='lat'>319.</span> <span class='ocrx_word' id='word_1_238' title='bbox 496 2153 560 2186; x_wconf 81' lang='lat'>320</span> <span class='ocrx_word' id='word_1_239' title='bbox 586 2152 783 2186; x_wconf 85' lang='lat' dir='ltr'>humanum</span> <span class='ocrx_word' id='word_1_240' title='bbox 808 2154 928 2186; x_wconf 86' lang='lat' dir='ltr'>autem</span> <span class='ocrx_word' id='word_1_241' title='bbox 952 2150 1139 2196; x_wconf 86' lang='lat' dir='ltr'>ignoscere</span> <span class='ocrx_word' id='word_1_242' title='bbox 1163 2154 1220 2187; x_wconf 84' lang='lat' dir='ltr'>est</span> <span class='ocrx_word' id='word_1_243' title='bbox 1244 2152 1294 2186; x_wconf 83' lang='lat' dir='ltr'>P:</span> <span class='ocrx_word' id='word_1_244' title='bbox 1317 2155 1427 2197; x_wconf 80' lang='lat' dir='ltr'>atque</span> <span class='ocrx_word' id='word_1_245' title='bbox 1451 2153 1489 2188; x_wconf 88' lang='lat' dir='ltr'>id</span> <span class='ocrx_word' id='word_1_246' title='bbox 1513 2154 1571 2198; x_wconf 72' lang='lat' dir='ltr'>uel</span> <span class='ocrx_word' id='word_1_247' title='bbox 1595 2154 1664 2196; x_wconf 79' lang='lat' dir='ltr'>(vel</span> <span class='ocrx_word' id='word_1_248' title='bbox 1687 2154 1760 2198; x_wconf 87' lang='lat' dir='ltr'>uei)</span> 
     </span>
     <span class='ocr_line' id='line_1_33' title="bbox 93 2207 1762 2256; baseline 0.001 -12"><span class='ocrx_word' id='word_1_249' title='bbox 93 2208 249 2253; x_wconf 73' lang='lat' dir='ltr'>optingit</span> <span class='ocrx_word' id='word_1_250' title='bbox 271 2209 379 2243; x_wconf 86' lang='lat' dir='ltr'>deum</span> <span class='ocrx_word' id='word_1_251' title='bbox 401 2209 455 2250; x_wconf 77' lang='grc' dir='ltr'>Α;</span> <span class='ocrx_word' id='word_1_252' title='bbox 485 2212 677 2253; x_wconf 84' lang='lat' dir='ltr'>utrumque</span> <span class='ocrx_word' id='word_1_253' title='bbox 701 2207 804 2242; x_wconf 80' lang='lat' dir='ltr'>attici</span> <span class='ocrx_word' id='word_1_254' title='bbox 824 2212 956 2253; x_wconf 79' lang='lat' dir='ltr'>poetae</span> <span class='ocrx_word' id='word_1_255' title='bbox 980 2217 1055 2242; x_wconf 81' lang='lat' dir='ltr'>esse</span> <span class='ocrx_word' id='word_1_256' title='bbox 1078 2212 1218 2253; x_wconf 83' lang='lat' dir='ltr'>potest:</span> <span class='ocrx_word' id='word_1_257' title='bbox 1250 2207 1471 2254; x_wconf 78' lang='lat' dir='ltr'>E&#39;pt&#39;cureum</span> <span class='ocrx_word' id='word_1_258' title='bbox 1496 2211 1683 2256; x_wconf 76' lang='lat' dir='ltr'>iqnoscere</span> <span class='ocrx_word' id='word_1_259' title='bbox 1707 2215 1762 2246; x_wconf 83' lang='lat' dir='ltr'>est</span> 
     </span>
     <span class='ocr_line' id='line_1_34' title="bbox 92 2256 1762 2311; baseline 0.001 -12"><span class='ocrx_word' id='word_1_260' title='bbox 92 2256 184 2311; x_wconf 55' lang='grc' dir='ltr'>(ἧς.</span> <span class='ocrx_word' id='word_1_261' title='bbox 202 2265 285 2300; x_wconf 78' lang='lat'>594.</span> <span class='ocrx_word' id='word_1_262' title='bbox 313 2266 413 2307; x_wconf 80' lang='lat'><strong><em>585),</em></strong></span> <span class='ocrx_word' id='word_1_263' title='bbox 437 2263 599 2300; x_wconf 80' lang='lat' dir='ltr'>Stoicum</span> <span class='ocrx_word' id='word_1_264' title='bbox 616 2274 689 2298; x_wconf 80' lang='lat' dir='ltr'>non</span> <span class='ocrx_word' id='word_1_265' title='bbox 714 2263 902 2309; x_wconf 76' lang='lat' dir='ltr'>iqnoscere</span> <span class='ocrx_word' id='word_1_266' title='bbox 924 2263 1035 2305; x_wconf 82' lang='lat' dir='ltr'>(Stob.</span> <span class='ocrx_word' id='word_1_267' title='bbox 1054 2263 1152 2299; x_wconf 85' lang='lat' dir='ltr'>Flor.</span> <span class='ocrx_word' id='word_1_268' title='bbox 1171 2264 1232 2305; x_wconf 76' lang='lat'>46,</span> <span class='ocrx_word' id='word_1_269' title='bbox 1251 2265 1324 2305; x_wconf 86' lang='lat'><strong><em>50,·</em></strong></span> <span class='ocrx_word' id='word_1_270' title='bbox 1346 2264 1430 2300; x_wconf 78' lang='lat' dir='ltr'>Sen.</span> <span class='ocrx_word' id='word_1_271' title='bbox 1457 2265 1502 2301; x_wconf 82' lang='lat' dir='ltr'>de</span> <span class='ocrx_word' id='word_1_272' title='bbox 1526 2265 1625 2302; x_wconf 79' lang='lat' dir='ltr'>clem.</span> <span class='ocrx_word' id='word_1_273' title='bbox 1651 2268 1688 2308; x_wconf 78' lang='lat'>2,</span> <span class='ocrx_word' id='word_1_274' title='bbox 1710 2268 1762 2310; x_wconf 81' lang='lat'><em>7),-</em></span> 
     </span>
     <span class='ocr_line' id='line_1_35' title="bbox 94 2317 1761 2371; baseline 0.002 -16"><span class='ocrx_word' id='word_1_275' title='bbox 94 2321 247 2356; x_wconf 78' lang='lat' dir='ltr'>altcrum</span> <span class='ocrx_word' id='word_1_276' title='bbox 262 2325 349 2367; x_wconf 76' lang='lat' dir='ltr'>post</span> <span class='ocrx_word' id='word_1_277' title='bbox 370 2320 579 2366; x_wconf 72' lang='lat' dir='ltr'>Euripidem</span> <span class='ocrx_word' id='word_1_278' title='bbox 605 2318 722 2371; x_wconf 81' lang='grc' dir='ltr'>(ἐρᾷς·</span> <span class='ocrx_word' id='word_1_279' title='bbox 750 2321 786 2356; x_wconf 85' lang='grc' dir='ltr'>τί</span> <span class='ocrx_word' id='word_1_280' title='bbox 802 2322 918 2356; x_wconf 83' lang='grc' dir='ltr'><em>τοῦτο</em></span> <span class='ocrx_word' id='word_1_281' title='bbox 944 2322 1093 2365; x_wconf 78' lang='grc' dir='ltr'><em>θαῦμα;</em></span> <span class='ocrx_word' id='word_1_282' title='bbox 1117 2317 1185 2357; x_wconf 81' lang='grc' dir='ltr'>σὺν</span> <span class='ocrx_word' id='word_1_283' title='bbox 1209 2324 1365 2364; x_wconf 71' lang='grc' dir='ltr'><em>πολλοῖς</em></span> <span class='ocrx_word' id='word_1_284' title='bbox 1387 2324 1545 2368; x_wconf 78' lang='grc' dir='ltr'><em>βροτῶν</em></span> <span class='ocrx_word' id='word_1_285' title='bbox 1567 2342 1612 2348; x_wconf 86' lang='lat'><em>-</em></span> <span class='ocrx_word' id='word_1_286' title='bbox 1636 2322 1761 2367; x_wconf 81' lang='grc' dir='ltr'><em>τόλμα</em></span> 
     </span>
     <span class='ocr_line' id='line_1_36' title="bbox 93 2373 1762 2425; baseline 0 -11"><span class='ocrx_word' id='word_1_287' title='bbox 93 2373 130 2413; x_wconf 79' lang='grc' dir='ltr'>δ’</span> <span class='ocrx_word' id='word_1_288' title='bbox 154 2375 300 2424; x_wconf 79' lang='grc' dir='ltr'><em>ἐρῶσα·</em></span> <span class='ocrx_word' id='word_1_289' title='bbox 325 2374 419 2420; x_wconf 80' lang='grc' dir='ltr'><strong><em>θεὸς</em></strong></span> <span class='ocrx_word' id='word_1_290' title='bbox 442 2375 630 2424; x_wconf 78' lang='grc' dir='ltr'>ἐβουλήθη</span> <span class='ocrx_word' id='word_1_291' title='bbox 655 2375 754 2417; x_wconf 82' lang='grc' dir='ltr'><em>τάδε)</em></span> <span class='ocrx_word' id='word_1_292' title='bbox 774 2375 946 2422; x_wconf 78' lang='lat' dir='ltr'>plurimi,</span> <span class='ocrx_word' id='word_1_293' title='bbox 972 2376 1023 2421; x_wconf 83' lang='lat' dir='ltr'>cf.</span> <span class='ocrx_word' id='word_1_294' title='bbox 1049 2376 1100 2411; x_wconf 82' lang='lat' dir='ltr'>ad</span> <span class='ocrx_word' id='word_1_295' title='bbox 1122 2376 1204 2411; x_wconf 77' lang='lat' dir='ltr'>Aul.</span> <span class='ocrx_word' id='word_1_296' title='bbox 1233 2378 1305 2413; x_wconf 80' lang='lat'>737</span> <span class='ocrx_word' id='word_1_297' title='bbox 1326 2382 1370 2418; x_wconf 85' lang='lat' dir='ltr'>(v.</span> <span class='ocrx_word' id='word_1_298' title='bbox 1395 2388 1425 2413; x_wconf 81' lang='lat' dir='ltr'>s.</span> <span class='ocrx_word' id='word_1_299' title='bbox 1449 2388 1480 2413; x_wconf 84' lang='lat' dir='ltr'>v.</span> <span class='ocrx_word' id='word_1_300' title='bbox 1499 2379 1602 2421; x_wconf 76' lang='lat'>285).</span> <span class='ocrx_word' id='word_1_301' title='bbox 1650 2382 1762 2425; x_wconf 79' lang='lat' dir='ltr'>atque</span> 
     </span>
     <span class='ocr_line' id='line_1_37' title="bbox 93 2432 1761 2478; baseline 0.001 -10"><span class='ocrx_word' id='word_1_302' title='bbox 93 2438 285 2478; x_wconf 83' lang='lat' dir='ltr'>utramque</span> <span class='ocrx_word' id='word_1_303' title='bbox 315 2433 529 2468; x_wconf 80' lang='lat' dir='ltr'>sententiam</span> <span class='ocrx_word' id='word_1_304' title='bbox 561 2432 718 2468; x_wconf 78' lang='lat' dir='ltr'>continet</span> <span class='ocrx_word' id='word_1_305' title='bbox 748 2443 779 2468; x_wconf 84' lang='lat' dir='ltr'>v.</span> <span class='ocrx_word' id='word_1_306' title='bbox 802 2442 878 2477; x_wconf 63' lang='lat' dir='ltr'>sq„</span> <span class='ocrx_word' id='word_1_307' title='bbox 913 2437 952 2466; x_wconf 78' lang='lat' dir='ltr'>ut</span> <span class='ocrx_word' id='word_1_308' title='bbox 979 2432 1145 2477; x_wconf 69' lang='lat' dir='ltr'>difficilis</span> <span class='ocrx_word' id='word_1_309' title='bbox 1167 2433 1215 2467; x_wconf 78' lang='lat' dir='ltr'>sit</span> <span class='ocrx_word' id='word_1_310' title='bbox 1238 2433 1450 2469; x_wconf 77' lang='lat' dir='ltr'>diiudicatio</span> <span class='ocrx_word' id='word_1_311' title='bbox 1545 2437 1608 2469; x_wconf 84' lang='lat'>321</span> <span class='ocrx_word' id='word_1_312' title='bbox 1635 2435 1684 2470; x_wconf 89' lang='lat' dir='ltr'>sis</span> <span class='ocrx_word' id='word_1_313' title='bbox 1710 2437 1761 2470; x_wconf 88' lang='lat' dir='ltr'>A:</span> 
     </span>
     <span class='ocr_line' id='line_1_38' title="bbox 94 2483 1758 2537; baseline 0.001 -13"><span class='ocrx_word' id='word_1_314' title='bbox 94 2489 166 2524; x_wconf 84' lang='lat' dir='ltr'>scis</span> <span class='ocrx_word' id='word_1_315' title='bbox 198 2488 233 2523; x_wconf 93' lang='lat' dir='ltr'><em>P</em></span> <span class='ocrx_word' id='word_1_316' title='bbox 343 2484 492 2526; x_wconf 82' lang='grc' dir='ltr'><em>τούτων</em></span> <span class='ocrx_word' id='word_1_317' title='bbox 523 2485 558 2525; x_wconf 77' lang='grc' dir='ltr'>δ’</span> <span class='ocrx_word' id='word_1_318' title='bbox 584 2484 817 2533; x_wconf 74' lang='grc' dir='ltr'><em>αὐθαίρετον</em></span> <span class='ocrx_word' id='word_1_319' title='bbox 851 2483 959 2524; x_wconf 81' lang='grc' dir='ltr'><em>οὐδέν</em></span> <span class='ocrx_word' id='word_1_320' title='bbox 991 2488 1113 2533; x_wconf 84' lang='lat' dir='ltr'>(Soph.</span> <span class='ocrx_word' id='word_1_321' title='bbox 1148 2489 1236 2524; x_wconf 82' lang='lat' dir='ltr'>Oed.</span> <span class='ocrx_word' id='word_1_322' title='bbox 1269 2489 1307 2525; x_wconf 88' lang='lat' dir='ltr'>C.</span> <span class='ocrx_word' id='word_1_323' title='bbox 1343 2492 1439 2534; x_wconf 81' lang='grc'>523),</span> <span class='ocrx_word' id='word_1_324' title='bbox 1470 2490 1520 2535; x_wconf 82' lang='lat' dir='ltr'>cf.</span> <span class='ocrx_word' id='word_1_325' title='bbox 1553 2489 1649 2526; x_wconf 84' lang='lat' dir='ltr'>Men.</span> <span class='ocrx_word' id='word_1_326' title='bbox 1678 2491 1758 2537; x_wconf 77' lang='lat' dir='ltr'>frq.</span> 
     </span>
     <span class='ocr_line' id='line_1_39' title="bbox 98 2543 1760 2591; baseline 0.002 -12"><span class='ocrx_word' id='word_1_327' title='bbox 98 2546 169 2579; x_wconf 89' lang='grc'>618</span> <span class='ocrx_word' id='word_1_328' title='bbox 192 2543 237 2578; x_wconf 87' lang='lat' dir='ltr'>K.</span> <span class='ocrx_word' id='word_1_329' title='bbox 342 2547 518 2580; x_wconf 81' lang='lat'><strong>322-357</strong></span> <span class='ocrx_word' id='word_1_330' title='bbox 545 2544 669 2581; x_wconf 79' lang='lat' dir='ltr'>deest</span> <span class='ocrx_word' id='word_1_331' title='bbox 692 2545 724 2579; x_wconf 89' lang='grc' dir='ltr'><em>Α</em></span> <span class='ocrx_word' id='word_1_332' title='bbox 830 2546 894 2578; x_wconf 89' lang='grc'>322</span> <span class='ocrx_word' id='word_1_333' title='bbox 919 2544 992 2589; x_wconf 82' lang='lat' dir='ltr'>qui,</span> <span class='ocrx_word' id='word_1_334' title='bbox 1018 2555 1112 2580; x_wconf 81' lang='lat' dir='ltr'>corr.</span> <span class='ocrx_word' id='word_1_335' title='bbox 1138 2543 1298 2591; x_wconf 73' lang='lat' dir='ltr'>Pylades</span> <span class='ocrx_word' id='word_1_336' title='bbox 1399 2547 1466 2580; x_wconf 89' lang='grc'>323</span> <span class='ocrx_word' id='word_1_337' title='bbox 1492 2556 1604 2590; x_wconf 85' lang='lat' dir='ltr'>egone</span> <span class='ocrx_word' id='word_1_338' title='bbox 1629 2548 1760 2582; x_wconf 83' lang='lat' dir='ltr'>athene</span> 
     </span>
     <span class='ocr_line' id='line_1_40' title="bbox 96 2599 1758 2643; baseline 0.001 -8"><span class='ocrx_word' id='word_1_339' title='bbox 96 2600 294 2637; x_wconf 80' lang='lat' dir='ltr'>desinerint</span> <span class='ocrx_word' id='word_1_340' title='bbox 324 2601 470 2643; x_wconf 87' lang='lat' dir='ltr'>(dessiu.</span> <span class='ocrx_word' id='word_1_341' title='bbox 499 2599 555 2643; x_wconf 78' lang='lat' dir='ltr'>C),</span> <span class='ocrx_word' id='word_1_342' title='bbox 585 2612 682 2636; x_wconf 82' lang='lat' dir='ltr'>corr.</span> <span class='ocrx_word' id='word_1_343' title='bbox 717 2600 948 2636; x_wconf 80' lang='lat' dir='ltr'>Camerarius</span> <span class='ocrx_word' id='word_1_344' title='bbox 1064 2604 1126 2636; x_wconf 76' lang='grc'>327</span> <span class='ocrx_word' id='word_1_345' title='bbox 1160 2601 1280 2636; x_wconf 83' lang='lat' dir='ltr'>ualete</span> <span class='ocrx_word' id='word_1_346' title='bbox 1314 2600 1366 2642; x_wconf 90' lang='lat' dir='ltr'>B,</span> <span class='ocrx_word' id='word_1_347' title='bbox 1398 2601 1519 2637; x_wconf 80' lang='lat' dir='ltr'>ualeto</span> <span class='ocrx_word' id='word_1_348' title='bbox 1553 2601 1630 2643; x_wconf 85' lang='lat' dir='ltr'>CD,</span> <span class='ocrx_word' id='word_1_349' title='bbox 1664 2613 1758 2637; x_wconf 87' lang='lat' dir='ltr'>corr.</span> 
     </span>
     <span class='ocr_line' id='line_1_41' title="bbox 99 2656 1759 2703; baseline 0.002 -13"><span class='ocrx_word' id='word_1_350' title='bbox 99 2657 245 2691; x_wconf 82' lang='lat' dir='ltr'>Guietus</span> <span class='ocrx_word' id='word_1_351' title='bbox 336 2659 401 2693; x_wconf 86' lang='lat'>328</span> <span class='ocrx_word' id='word_1_352' title='bbox 426 2658 536 2693; x_wconf 80' lang='lat' dir='ltr'>etiam</span> <span class='ocrx_word' id='word_1_353' title='bbox 559 2657 591 2693; x_wconf 86' lang='lat' dir='ltr'>si</span> <span class='ocrx_word' id='word_1_354' title='bbox 617 2658 650 2692; x_wconf 89' lang='lat' dir='ltr'><em>B</em></span> <span class='ocrx_word' id='word_1_355' title='bbox 743 2659 809 2692; x_wconf 84' lang='grc'>329</span> <span class='ocrx_word' id='word_1_356' title='bbox 840 2660 985 2692; x_wconf 81' lang='lat' dir='ltr'>enatum</span> <span class='ocrx_word' id='word_1_357' title='bbox 1010 2656 1044 2690; x_wconf 87' lang='lat' dir='ltr'><em>B</em></span> <span class='ocrx_word' id='word_1_358' title='bbox 1137 2659 1202 2692; x_wconf 86' lang='lat'>330</span> <span class='ocrx_word' id='word_1_359' title='bbox 1229 2658 1372 2703; x_wconf 76' lang='lat' dir='ltr'>operIar</span> <span class='ocrx_word' id='word_1_360' title='bbox 1395 2661 1428 2694; x_wconf 85' lang='lat' dir='ltr'><em>B</em></span> <span class='ocrx_word' id='word_1_361' title='bbox 1516 2658 1632 2693; x_wconf 83' lang='lat' dir='ltr'>uisost</span> <span class='ocrx_word' id='word_1_362' title='bbox 1656 2668 1759 2703; x_wconf 78' lang='lat' dir='ltr'>opus,</span> 
     </span>
     <span class='ocr_line' id='line_1_42' title="bbox 96 2711 1763 2759; baseline 0.001 -13"><span class='ocrx_word' id='word_1_363' title='bbox 96 2723 190 2747; x_wconf 84' lang='lat' dir='ltr'>corr.</span> <span class='ocrx_word' id='word_1_364' title='bbox 214 2711 401 2748; x_wconf 81' lang='lat' dir='ltr'>Acidalius</span> <span class='ocrx_word' id='word_1_365' title='bbox 492 2716 554 2748; x_wconf 87' lang='grc'>331</span> <span class='ocrx_word' id='word_1_366' title='bbox 581 2713 773 2759; x_wconf 82' lang='lat' dir='ltr'>persuade,</span> <span class='ocrx_word' id='word_1_367' title='bbox 799 2722 892 2747; x_wconf 78' lang='lat' dir='ltr'>corr.</span> <span class='ocrx_word' id='word_1_368' title='bbox 917 2711 969 2746; x_wconf 82' lang='lat' dir='ltr'>D²</span> <span class='ocrx_word' id='word_1_369' title='bbox 1061 2712 1126 2747; x_wconf 90' lang='lat' dir='ltr'>sim</span> <span class='ocrx_word' id='word_1_370' title='bbox 1220 2716 1283 2748; x_wconf 83' lang='lat'>332</span> <span class='ocrx_word' id='word_1_371' title='bbox 1308 2714 1369 2750; x_wconf 79' lang='lat' dir='ltr'>ille</span> <span class='ocrx_word' id='word_1_372' title='bbox 1394 2714 1530 2750; x_wconf 80' lang='lat' dir='ltr'>uendat</span> <span class='ocrx_word' id='word_1_373' title='bbox 1553 2724 1599 2748; x_wconf 93' lang='lat' dir='ltr'>ne</span> <span class='ocrx_word' id='word_1_374' title='bbox 1623 2714 1763 2749; x_wconf 85' lang='lat' dir='ltr'>uendat:</span> 
     </span>
     <span class='ocr_line' id='line_1_43' title="bbox 96 2768 1761 2817; baseline 0.001 -14"><span class='ocrx_word' id='word_1_375' title='bbox 96 2769 204 2804; x_wconf 84' lang='lat' dir='ltr'>matri</span> <span class='ocrx_word' id='word_1_376' title='bbox 228 2768 264 2803; x_wconf 92' lang='lat' dir='ltr'><em>B</em></span> <span class='ocrx_word' id='word_1_377' title='bbox 356 2771 419 2804; x_wconf 87' lang='lat'>333</span> <span class='ocrx_word' id='word_1_378' title='bbox 444 2780 528 2805; x_wconf 83' lang='lat' dir='ltr'>nam</span> <span class='ocrx_word' id='word_1_379' title='bbox 551 2770 682 2804; x_wconf 88' lang='lat' dir='ltr'>idoneo</span> <span class='ocrx_word' id='word_1_380' title='bbox 700 2769 735 2803; x_wconf 87' lang='lat' dir='ltr'><em>B</em></span> <span class='ocrx_word' id='word_1_381' title='bbox 826 2770 1061 2812; x_wconf 77' lang='lat' dir='ltr'>praecautost</span> <span class='ocrx_word' id='word_1_382' title='bbox 1085 2779 1187 2813; x_wconf 88' lang='lat' dir='ltr'>opus,</span> <span class='ocrx_word' id='word_1_383' title='bbox 1212 2781 1306 2805; x_wconf 79' lang='lat' dir='ltr'>corr.</span> <span class='ocrx_word' id='word_1_384' title='bbox 1326 2769 1483 2817; x_wconf 74' lang='lat' dir='ltr'>Pylades</span> <span class='ocrx_word' id='word_1_385' title='bbox 1575 2772 1640 2804; x_wconf 82' lang='lat'>335</span> <span class='ocrx_word' id='word_1_386' title='bbox 1666 2780 1761 2805; x_wconf 76' lang='lat' dir='ltr'><strong>CHA-</strong></span> 
     </span>
     <span class='ocr_line' id='line_1_44' title="bbox 95 2824 1667 2869; baseline 0.001 -9"><span class='ocrx_word' id='word_1_387' title='bbox 95 2834 204 2860; x_wconf 77' lang='lat' dir='ltr'>ans</span> <span class='ocrx_word' id='word_1_388' title='bbox 226 2835 467 2861; x_wconf 60' lang='lat' dir='ltr'>amomacum.</span> <span class='ocrx_word' id='word_1_389' title='bbox 495 2836 662 2861; x_wconf 69' lang='lat' dir='ltr'>nssmffno</span> <span class='ocrx_word' id='word_1_390' title='bbox 687 2835 803 2860; x_wconf 73' lang='lat' dir='ltr'>smmx</span> <span class='ocrx_word' id='word_1_391' title='bbox 827 2824 898 2865; x_wconf 86' lang='lat' dir='ltr'>(ad.</span> <span class='ocrx_word' id='word_1_392' title='bbox 925 2830 959 2858; x_wconf 80' lang='lat' dir='ltr'>ec</span> <span class='ocrx_word' id='word_1_393' title='bbox 983 2834 1057 2859; x_wconf 87' lang='lat' dir='ltr'>sen.</span> <span class='ocrx_word' id='word_1_394' title='bbox 1084 2835 1153 2860; x_wconf 86' lang='lat' dir='ltr'>om.</span> <span class='ocrx_word' id='word_1_395' title='bbox 1180 2825 1226 2869; x_wconf 76' lang='lat' dir='ltr'>D)</span> <span class='ocrx_word' id='word_1_396' title='bbox 1253 2826 1351 2862; x_wconf 87' lang='lat' dir='ltr'>BCD</span> <span class='ocrx_word' id='word_1_397' title='bbox 1466 2825 1587 2862; x_wconf 85' lang='lat' dir='ltr'>nullus</span> <span class='ocrx_word' id='word_1_398' title='bbox 1613 2828 1667 2862; x_wconf 83' lang='lat' dir='ltr'>est</span> 
     </span>
     <span class='ocr_line' id='line_1_45' title="bbox 96 2879 1078 2927; baseline -0.001 -11"><span class='ocrx_word' id='word_1_399' title='bbox 96 2883 204 2926; x_wconf 80' lang='lat' dir='ltr'>atque</span> <span class='ocrx_word' id='word_1_400' title='bbox 229 2881 264 2915; x_wconf 89' lang='lat' dir='ltr'><em>B</em></span> <span class='ocrx_word' id='word_1_401' title='bbox 357 2885 421 2918; x_wconf 87' lang='grc'>336</span> <span class='ocrx_word' id='word_1_402' title='bbox 447 2882 498 2927; x_wconf 84' lang='lat' dir='ltr'>cf.</span> <span class='ocrx_word' id='word_1_403' title='bbox 524 2882 697 2918; x_wconf 75' lang='lat' dir='ltr'>Aul.147</span> <span class='ocrx_word' id='word_1_404' title='bbox 787 2882 850 2914; x_wconf 79' lang='grc' dir='ltr'>33ἵ</span> <span class='ocrx_word' id='word_1_405' title='bbox 878 2880 1018 2925; x_wconf 84' lang='lat' dir='ltr'>occepit</span> <span class='ocrx_word' id='word_1_406' title='bbox 1043 2879 1078 2915; x_wconf 87' lang='lat' dir='ltr'><em>B</em></span> 
     </span>
    </p>

    <p class='ocr_par' dir='ltr' id='par_1_23' title="bbox 164 2940 1486 2974">
     <span class='ocr_line' id='line_1_46' title="bbox 164 2940 1486 2974; baseline 0.002 -3"><span class='ocrx_word' id='word_1_407' title='bbox 164 2943 288 2972; x_wconf 83' lang='lat' dir='ltr'>Plautus</span> <span class='ocrx_word' id='word_1_408' title='bbox 306 2944 320 2972; x_wconf 83' lang='lat'>1</span> <span class='ocrx_word' id='word_1_409' title='bbox 1443 2940 1486 2974; x_wconf 83' lang='lat'>29</span> 
     </span>
    </p>
   </div>
   <div class='ocr_carea' id='block_1_12' title="bbox 1773 1770 1828 1802">
    <p class='ocr_par' dir='ltr' id='par_1_24' title="bbox 1773 1770 1828 1802">
     <span class='ocr_line' id='line_1_47' title="bbox 1773 1770 1828 1802; baseline 0 0"><span class='ocrx_word' id='word_1_410' title='bbox 1773 1770 1828 1802; x_wconf 86' lang='lat'>335</span> 
     </span>
    </p>
   </div>
  </div>
 </body>
</html>
