1998 3179
70 85 100 113 11
111 86 136 118 1,
156 85 256 113 46—76
751 81 1042 118 AMPHITRVO
1675 82 1725 119 27

71 200 165 247 fieri,
196 210 304 238 nunc
333 198 388 236 uti
418 204 460 237 tu
489 195 575 252 (et)
603 197 666 236 hic
696 197 748 236 sis
778 204 816 236 et
845 195 978 236 domi?
1010 196 1050 236 id
1080 196 1156 236 dici
1184 196 1286 235 volo.

68 267 158 308 Sos.
207 267 301 306 Sum
331 266 507 316 profecto
539 271 578 303 et
606 264 669 303 hic
701 271 739 303 et
767 264 858 303 illic.
916 265 992 303 hoc
1022 264 1143 304 cuivis
1172 264 1304 303 mirari
1335 264 1438 309 licet,

70 347 197 386 neque
226 333 295 372 tibi
326 333 426 371 istuc
456 332 597 371 mirum
630 345 652 369 *
684 331 806 383 magis
834 331 986 370 videtur
1016 344 1132 383 quam
1163 331 1268 371 mihi.
1740 339 1795 371 595

67 402 214 442 AMPH.
245 400 332 447 Quo
348 397 494 439 modo?
533 399 573 440 S.
603 399 742 445 Nihilo,
764 399 936 450 inquam,
958 400 1100 438 mirum
1123 400 1243 450 magis
1262 399 1331 438 tibi
1353 400 1452 439 istuc
1474 412 1586 450 quam
1610 401 1726 446 mihi3

69 481 210 520 neque,
241 469 293 507 ita
323 479 385 506 me
415 467 452 506 di
482 472 626 512 ament,
658 466 864 505 credebam
894 467 1022 518 primo
1054 467 1229 506 mihimet
1259 467 1405 515 Sosiae,

67 536 195 575 donec
225 535 334 574 Sosia
363 534 441 574 illic
471 540 627 584 egomet
656 534 747 572 fecit
775 533 848 572 sibi
878 535 934 572 uti
965 534 1179 574 crederem.

68 604 204 644 ordine
236 615 364 649 omne,
394 602 450 640 uti
483 602 651 652 quicque
682 608 810 640 actum
843 608 913 648 est,
945 602 1036 640 dum
1068 603 1169 653 apud
1200 602 1323 641 hostis
1353 602 1537 649 sedimus,

67 670 319 710 edissertavit.
378 675 460 708 tum
492 670 657 708 sormam
687 681 765 707 una
796 668 955 708 abstulit
985 681 1075 708 cum
1106 669 1278 708 nomine.
1740 677 1797 709 600

68 750 196 789 neque
225 737 284 776 lac
313 737 424 775 lactis
453 736 574 787 magis
605 742 662 775 est
691 736 815 775 simile
845 748 961 787 quam
993 737 1055 775 ille
1087 749 1158 787 ego
1189 737 1351 776 similest
1380 738 1469 776 mei.

66 817 156 843 nam
186 811 230 843 ut
258 804 403 843 dudum
434 810 523 842 ante
553 803 679 842 lucem
711 816 731 842 a
761 810 875 855 portu
908 816 970 842 me
1000 804 1232 855 praemisisti
1262 804 1422 843 domum
1452 828 1508 834 -—

65 872 116 913 A.
161 872 262 918 Quid
283 870 430 922 igitur?
487 871 527 912 8.
572 871 685 910 Prius
707 871 826 910 multo
849 878 940 910 ante
961 872 1064 910 aedis
1086 872 1233 911 stabam
1257 884 1373 922 quam
1394 872 1459 910 illo
1482 872 1728 911 adveneram.

64 939 212 980 Amn.
260 939 377 987 Quas,
399 939 556 985 malum,
580 937 732 990 nugas?
761 939 859 978 satin
881 945 923 978 tu
946 951 1064 979 sanus
1087 938 1156 979 es?
1214 939 1304 980 Sos.
1344 939 1408 978 Sic
1429 951 1515 979 sum
1546 947 1589 978 ut
1609 939 1728 979 vides.

64 1007 211 1048 AMPH.
260 1006 361 1046 Huic
391 1007 540 1045 homini
572 1007 704 1045 nescio
736 1007 827 1057 quid
858 1013 917 1046 est
947 1007 1036 1046 mali
1067 1007 1163 1046 mala
1195 1007 1391 1046 obiectum
1423 1019 1554 1054 manu,
1737 1013 1795 1045 605

65 1081 271 1126 postquam
302 1087 323 1113 a
352 1087 414 1114 me
445 1075 549 1114 abiit.
608 1075 698 1115 Sos.
747 1075 901 1121 Fateor,
933 1088 1023 1114 nam
1055 1088 1140 1114 sum
1167 1075 1330 1115 obtusus
1359 1076 1504 1127 pugnis
1533 1088 1727 1126 pessume.

65 1141 212 1182 AMPH.
262 1141 358 1188 Quis
386 1148 424 1181 te
445 1141 688 1181 verberavit?
746 1142 835 1183 Sos.
886 1142 1051 1194 Egomet
1071 1150 1226 1190 memet,
1258 1143 1324 1194 qui
1356 1156 1463 1182 nunc
1493 1155 1578 1182 sum
1610 1143 1727 1182 domi.

64 1209 212 1250 AMPH.
262 1209 360 1248 Cave
392 1209 613 1261 quicquam,
646 1209 720 1248 nisi
752 1210 855 1260 quod
888 1210 1035 1260 rogabo
1067 1217 1116 1257 te,
1147 1210 1240 1249 mihi
1261 1210 1524 1262 responderis,

67 1277 241 1316 omnium
271 1277 441 1328 primum
473 1278 544 1317 iste
576 1278 642 1328 qui
672 1278 720 1316 sit
750 1278 872 1324 Sosia,
902 1278 978 1316 hoc
1010 1278 1086 1317 dici
1116 1278 1215 1317 volo.

64 1344 153 1384 Sos.
185 1344 290 1384 Tuos
309 1351 367 1384 est
382 1356 525 1384 servos.
565 1344 712 1384 ΑΜΡΗ.
749 1345 841 1384 Mihi
858 1345 1014 1396 quidem
1032 1358 1112 1384 uno
1130 1351 1167 1384 te
1183 1345 1271 1396 plus
1287 1346 1402 1384 etiam
1420 1352 1478 1385 est
1495 1357 1609 1396 quam
1624 1345 1725 1392 volo,
1738 1350 1796 1384 610

66 1423 194 1462 neque
224 1416 432 1462 postquam
462 1423 547 1451 sum
578 1419 693 1451 natus
722 1411 838 1451 habui
873 1412 947 1452 nisi
977 1420 1015 1451 te
1046 1424 1197 1451 servom
1229 1412 1392 1452 Sosiam.

63 1478 153 1519 Sos.
202 1481 251 1517 At
281 1491 353 1530 ego
385 1491 504 1525 nunc,
536 1480 782 1530 Amphitruo,
813 1480 920 1518 dico:
954 1479 1104 1519 Sosiam
1135 1492 1286 1519 servom
1318 1486 1426 1519 tuom

66 1552 220 1597 praeter
249 1558 312 1584 me
342 1547 519 1591 alterum,
551 1547 723 1598 inquam,
755 1547 965 1586 adveniens
998 1548 1133 1586 faciam
1166 1554 1208 1586 ut
1239 1547 1413 1587 offendas
1443 1548 1560 1594 domi,

68 1614 168 1652 Davo
200 1621 437 1666 prognatum
469 1621 578 1666 patre
610 1615 745 1654 eodem
778 1628 856 1666 quo
888 1618 959 1666 ego
992 1628 1091 1662 sum,
1123 1616 1259 1662 forma,
1291 1622 1413 1654 aetate
1444 1616 1537 1654 item

65 1693 138 1731 qua
171 1683 242 1733 ego
273 1694 372 1721 sum.
433 1683 525 1734 quid
558 1690 673 1735 opust
702 1681 859 1722 verbis?
889 1684 1070 1735 geminus
1101 1683 1210 1723 Sosia
1240 1683 1303 1722 hic
1335 1684 1476 1723 factust
1505 1682 1589 1722 tibi.
1738 1686 1798 1719 615

63 1748 210 1789 AMPH.
262 1749 385 1789 Nimia
414 1763 609 1789 memoras
639 1751 748 1789 mira.
807 1751 874 1790 sed
907 1751 1059 1790 vidistin
1091 1763 1253 1790 uxorem
1283 1749 1440 1790 meam?

65 1815 106 1856 8.
157 1816 259 1861 Quin
282 1817 387 1856 intro
409 1818 465 1856 ire
487 1819 526 1857 in
550 1818 654 1857 aedis
676 1830 889 1869 numquam
921 1818 1067 1857 licitum
1091 1826 1160 1858 est.
1207 1818 1258 1859 A.
1309 1818 1405 1865 Quis
1431 1825 1469 1857 te
1499 1817 1729 1870 prohibuit?

63 1882 154 1923 SOS.
185 1885 292 1924 Sosia
323 1885 400 1932 ille,
431 1897 546 1936 quem
578 1886 654 1924 iam
685 1886 830 1924 dudum
862 1885 962 1932 dico,
994 1886 1026 1925 is
1057 1887 1123 1937 qui
1155 1899 1217 1925 me
1248 1885 1438 1925 contudit.

64 1949 210 1992 AMPH.
242 1951 337 1998 Quis
353 1952 439 1991 istic
455 1953 562 1992 Sosia
585 1952 669 1992 est?
700 1953 788 1994 Sos.
820 1953 916 2004 Ego,
935 1954 1106 2004 inquam.
1139 1954 1321 2005 quotiens
1335 1954 1544 1992 dicendum
1559 1959 1617 1992 est
1631 1950 1728 1992 tibi?

64 2016 211 2058 Ans-pn.
251 2019 325 2058 Sed
348 2020 440 2071 quid
461 2019 545 2060 ais?
567 2034 661 2060 num
683 2021 950 2061 obdormivisti
971 2020 1148 2060 dudum?
1187 2022 1276 2062 Sos.
1297 2022 1496 2072 Nusquam
1519 2021 1708 2073 gentium.
1736 2025 1794 2057 620

64 2084 212 2125 ΑΜΡΗ.
270 2086 326 2125 Ibi
357 2088 459 2127 forte
488 2089 604 2128 istum
636 2089 666 2128 si
696 2089 855 2129 vidisses
885 2090 1081 2140 quendam
1111 2090 1151 2128 in
1183 2089 1331 2128 somnis
1362 2089 1509 2128 Sosiam
1543 2110 1592 2117 —

64 2151 153 2191 Sos.
204 2152 290 2192 Non
321 2155 428 2194 soleo
459 2168 530 2208 ego
562 2157 825 2196 somniculose
857 2157 912 2196 eri
943 2157 1104 2208 imperia
1135 2158 1331 2209 persequi.

64 2218 226 2269 vigilans
256 2221 343 2269 vidi,
373 2223 536 2274 vigilans
566 2236 674 2263 nunc
703 2221 787 2277 <te>
817 2225 939 2270 video,
970 2225 1131 2275 vigilans
1161 2225 1327 2272 fabulor,

179 2394 243 2426 593
269 2394 311 2427 ut
399 2392 483 2436 (et)
504 2390 687 2426 Lomanus
802 2394 866 2425 595
893 2391 1011 2426 versui
1036 2391 1246 2426 vocabulum
1272 2393 1379 2433 deest,
1403 2393 1600 2427 sententiae
1624 2391 1727 2428 m'hil.

63 2448 192 2484 mirum
210 2448 362 2491 [mirum]
388 2446 626 2493 Spenqelius‚·
650 2447 699 2492 cf.
727 2448 793 2481 772
932 2449 996 2481 598
1020 2447 1082 2482 ille
1218 2459 1292 2482 non
1323 2452 1419 2483 recte
1443 2447 1654 2494 Kaempfius
1684 2448 1728 2484 de

58 2514 170 2549 pron.
187 2515 290 2550 pers.
306 2505 349 2538 25
375 2504 449 2546 (ille
473 2514 538 2548 ego
561 2514 618 2539 me
641 2504 697 2539 vel
718 2506 847 2539 memet
866 2503 1083 2539 Redslobius
1098 2503 1145 2537 N.
1168 2503 1258 2550 phil.
1283 2503 1454 2539 rundsclz.
1482 2505 1579 2546 1892,
1603 2507 1636 2547 6)

66 2563 130 2596 599
155 2560 315 2596 ordinem
340 2571 480 2596 omnem
503 2560 560 2601 I),·
583 2560 635 2605 cf.
661 2560 847 2596 Becker-us
870 2560 907 2594 in
933 2560 1171 2595 Studemuncli
1194 2560 1288 2595 stud.
1316 2564 1347 2602 1,
1371 2561 1438 2595 298
1449 2571 1503 2605 sq.
1597 2565 1638 2597 ut

65 2619 131 2651 600
153 2627 262 2652 unam
354 2619 415 2651 601
442 2617 540 2661 lacti,
562 2627 656 2651 corr.
674 2615 892 2651 Ritsclzelius
907 2619 951 2659 (ς)
1045 2616 1158 2651 simile
1176 2619 1230 2651 est
1245 2616 1314 2651 mei
1407 2619 1472 2651 604
1496 2619 1551 2652 est
1567 2617 1640 2652 DE

66 2674 129 2707 607
154 2673 362 2709 uerberabit
381 2673 432 2707 B¹
524 2676 590 2708 614
615 2673 708 2708 dabo
735 2671 864 2708 BD¹E
951 2676 1165 2718 pregnatum
1257 2675 1321 2708 615
1346 2673 1441 2717 quod
1466 2683 1556 2717 opus
1581 2677 1636 2709 est

65 2727 184 2764 faetus
201 2731 257 2764 est
349 2732 414 2763 616
430 2739 606 2764 memoras
622 2729 714 2764 mira
737 2728 803 2773 (cf.
821 2730 921 2771 1105)
938 2729 1020 2764 item
1038 2728 1181 2763 Nonius
1193 2729 1258 2762 521
1351 2729 1475 2763 uidisti
1492 2729 1636 2765 Nonius

67 2786 131 2819 619
156 2785 242 2829 quid
267 2784 393 2820 B¹DE
502 2785 570 2821 tibi
593 2796 661 2820 om.
686 2784 758 2820 DE
881 2788 941 2819 621
970 2786 1096 2820 reticet
1118 2784 1294 2830 apodosin
1321 2783 1363 2821 ἐν
1385 2783 1467 2831 ἤθει
1583 2789 1648 2821 622
1673 2787 1726 2822 eri

65 2840 172 2885 (mei)
196 2840 465 2876 Lindemannus
557 2844 620 2876 623
646 2841 726 2887 (te)
753 2841 980 2876 Camerarius
1071 2841 1123 2886 cf.
1148 2841 1215 2875 698
