1998 3179
61 110 88 137 Π
101 109 129 142 2,
148 107 249 137 18-38
796 90 972 127 GASINA
1635 85 1715 122 235

115 211 232 251 corde
262 212 396 260 accepi
426 207 616 260 querellas
645 208 747 256 tuas)
776 210 953 257 opsecro.

113 278 288 319 CLEOST.
338 277 402 315 Vir
432 288 494 315 me
524 275 640 314 habet
668 273 859 326 pessumis
888 272 1124 323 despicatam
1154 270 1291 316 modis,

115 348 189 386 nec
219 345 313 384 mihi
343 344 405 383 ius
435 354 563 382 meum
595 341 798 394 optinendi
830 340 935 392 optio
967 346 1036 378 est.
1732 339 1794 373 190

113 413 259 452 Mum.
308 411 404 450 Mira
435 417 539 455 sunt,
570 412 658 448 vera
688 409 720 448 si
750 409 962 460 praedicas,
995 409 1084 445 nam
1115 406 1185 444 viri

114 481 174 520 ius
204 491 316 519 suom
346 479 392 517 ad
422 477 605 517 mulieres
637 477 815 527 optinere
846 475 946 513 hand
979 479 1140 524 queunt.

113 547 288 588 CLEOST.
338 545 440 591 Quin
470 544 564 584 mihi
593 543 815 582 ancillulam
846 542 1021 592 ingratiis
1051 540 1233 592 postulat,

114 617 212 666 quae
244 626 327 653 mea
358 620 427 660 est,
458 614 556 662 quae
588 623 673 649 meo
705 611 842 649 educta
872 611 1032 660 sumptu
1063 608 1147 653 siet,

325 680 439 719 vilico
470 691 541 718 suo
572 680 613 717 se
645 677 751 722 dare,
1733 676 1788 708 195

324 747 390 787 sed
420 747 528 798 ipsus
558 757 643 784 eam
672 750 786 783 amat.
844 744 991 784 MYRR.
1043 742 1216 782 Obsecro

324 817 420 854 tace.
479 813 656 854 CLEOST.
701 812 797 851 Nam
829 811 892 850 hic
923 823 1031 850 nunc
1061 810 1152 849 licet
1182 809 1333 848 dicere:

325 883 398 919 nos
427 891 576 918 sumus.
634 878 782 918 MYRR.
832 877 888 916 lta
918 883 987 916 est.
1021 876 1125 915 unde
1156 878 1199 914 ea
1230 874 1299 914 tibi
1332 873 1419 913 est?

112 947 201 984 nam
232 944 361 996 peculi
391 943 556 995 probam
586 942 641 982 nil
670 942 815 982 habere
845 941 1006 980 Addecet

112 1012 209 1052 clam
239 1011 377 1058 virum,
409 1013 447 1050 et
477 1022 575 1061 quae
605 1009 732 1057 habet,
763 1012 917 1061 partum
949 1009 984 1047 ei
1014 1007 1115 1047 haud
1147 1007 1350 1047 commode
1382 1012 1452 1054 est,
1732 1012 1790 1044 200

113 1083 207 1131 quin
240 1080 320 1117 viro
351 1085 417 1117 aut
447 1077 652 1118 subtrahat
681 1083 747 1116 aut
775 1083 913 1128 stupro
946 1076 1150 1115 invenerit.

109 1147 185 1186 hoc
214 1147 284 1185 viri
315 1148 458 1185 censeo
489 1158 574 1185 esse
605 1148 735 1192 omne,
767 1144 954 1196 quidquid
986 1150 1095 1182 tuom
1126 1150 1195 1182 est.

54 1215 229 1255 CLEOST.
272 1214 333 1253 Tu
362 1213 518 1265 quidem
549 1213 752 1252 advorsum
784 1219 890 1251 tuam
920 1211 1082 1250 amicam
1114 1211 1244 1250 omnia
1275 1209 1459 1260 loqueris.

54 1282 200 1322 MYRR.
249 1282 350 1320 Tace
379 1284 445 1328 sis,
475 1281 605 1326 stulta,
636 1286 674 1320 et
693 1280 745 1319 mi
766 1279 951 1319 ausculta.
1069 1278 1149 1317 noli
1170 1278 1223 1317 sis
1243 1284 1286 1316 tu
1305 1277 1359 1316 illi
1381 1276 1589 1323 advorsari,
1648 1282 1717 1314 204.
1733 1281 1788 1314 ‘205

55 1350 139 1389 sine
160 1351 274 1395 amet,
305 1349 390 1388 sine
412 1347 515 1399 quod
536 1348 629 1387 libet
650 1347 687 1386 id
709 1347 833 1393 faciat,
865 1346 1020 1397 quand6
1041 1345 1110 1384 tibi
1132 1345 1187 1384 nil
1211 1344 1315 1383 domi
1337 1344 1530 1383 delicuom
1553 1348 1623 1382 est.

54 1416 228 1457 CLEOST.
261 1416 368 1455 Satin
391 1419 484 1456 sana
504 1414 573 1455 es?
606 1427 695 1454 nam
717 1421 759 1453 tu
781 1415 937 1465 quidem
958 1413 1145 1453 advorsus
1166 1419 1273 1451 tuam
1295 1412 1413 1451 istaec
1434 1423 1515 1450 rem
1539 1411 1715 1462 loquere.

1131 1480 1278 1520 MYRR.
1328 1479 1536 1531 Insipiens‚
1595 1483 1790 1516 207—210

54 1553 208 1602 semper
226 1557 268 1589 tu
284 1550 374 1589 huic
392 1550 510 1590 verbo
528 1553 644 1589 vitato
662 1550 729 1590 abs
745 1556 812 1589 tuo
829 1552 924 1588 viro.
957 1548 999 1589 C.
1023 1548 1092 1587 Cui
1108 1546 1258 1587 verbo?
1289 1547 1346 1587 M.
1369 1547 1413 1586 Ei
1432 1547 1546 1592 foras,
1565 1545 1718 1584 mulier.

55 1618 230 1658 cfflosoe.
261 1618 316 1665 st,
337 1620 434 1665 tace,
465 1617 523 1657 M.
555 1617 657 1663 Quid
679 1615 766 1657 est?
796 1617 839 1657 C.
870 1607 955 1656 Em.
986 1616 1043 1657 M.
1075 1616 1171 1662 Quis
1192 1621 1261 1663 est,
1285 1617 1401 1666 quem
1423 1612 1557 1653 vides?
1588 1613 1632 1653 o.
1655 1612 1721 1650 vir

56 1698 191 1725 eccum
222 1688 271 1733 it3
301 1685 405 1724 intro
437 1685 511 1731 abi,
542 1685 775 1737 impropera,
805 1688 876 1735 age
907 1685 1056 1723 amabi).
1180 1682 1327 1723 MYRR.
1374 1682 1577 1734 Impetras‚
1609 1681 1719 1719 abeo.

168 1781 231 1816 188
256 1779 433 1824 querellas
458 1779 586 1814 AVE:
611 1779 777 1824 querelas
807 1779 838 1813 B
966 1781 1142 1813 189—534
1167 1778 1340 1813 deestA
1463 1779 1526 1811 189
1551 1776 1601 1820 cf.
1626 1774 1722 1810 Men.

57 1837 130 1871 693
223 1839 285 1872 190
303 1842 393 1882 post
409 1837 495 1877 186,
512 1846 543 1870 v.
561 1847 588 1870 s.
681 1836 731 1880 cf.
750 1835 827 1870 Mil.
847 1836 920 1869 669
1010 1837 1072 1869 193
1097 1834 1184 1869 mihi
1200 1845 1272 1869 non
1290 1844 1313 1868 a
1328 1832 1492 1878 postulat
1506 1830 1644 1877 pendet
1658 1831 1724 1866 sed

54 1894 99 1929 ab
123 1904 165 1929 eo
183 1892 282 1939 quod
304 1896 358 1928 est
374 1893 536 1938 postulat
560 1892 670 1928 uilico
689 1902 755 1927 suo
781 1902 818 1927 se
836 1892 923 1927 dare
1037 1891 1188 1936 ingratis
1310 1892 1373 1924 194
1397 1889 1552 1924 educata
1667 1891 1724 1923 est

56 1949 282 1986 Camerarius
290 1960 304 1989 ;
326 1948 417 1994 fort.
436 1950 626 1993 sumptust,
650 1958 729 1983 eam
823 1951 886 1982 195
911 1958 962 1993 sq.
981 1952 1157 1992 quattuor
1172 1946 1315 1981 dimetri
1332 1944 1509 1980 trochaici
1524 1945 1611 1986 (198
1631 1944 1722 1989 fort.

53 2005 174 2047 iamb.)
268 2007 331 2039 196
350 2005 499 2040 obsecro
514 2024 558 2029 —-
571 2014 694 2039 sumus
711 2003 938 2049 Myrrlzinae,
954 2003 1007 2038 ita
1024 2005 1079 2038 est
1098 2002 1336 2038 Cleostratae:
1353 2012 1447 2036 corr.
1460 2000 1648 2035 Acidalius

56 2064 118 2097 197
142 2061 234 2106 fort.
259 2071 333 2096 non
356 2060 416 2095 hic
440 2060 527 2096 licet
551 2060 698 2095 dicere?
722 2059 1003 2102 (Lachmannus)
1098 2061 1160 2093 198
1185 2068 1250 2093 nos
1275 2068 1399 2093 sumus
1424 2058 1473 2102 cf:
1491 2058 1555 2092 Ar.
1583 2056 1615 2091 T
1612 2056 1720 2092 hesm.

53 2118 128 2152 472
151 2115 260 2154 αὐταὶ
284 2114 358 2163 γάρ
382 2115 508 2161 ἐσμεν,
533 2117 583 2161 cf.
603 2116 691 2152 Ach.
712 2117 798 2158 504,
823 2115 918 2151 Plat.
943 2116 1012 2162 leq.
1033 2117 1109 2150 836
1119 2114 1142 2157 ⁶,
1170 2115 1331 2150 Hcrond.
1351 2116 1384 2156 6,
1407 2115 1464 2156 70,
1491 2113 1721 2149 Hermannus

55 2184 177 2220 opusc.
200 2174 233 2216 1,
259 2174 349 2215 314;
372 2173 501 2220 Amph.
529 2174 617 2215 930,
642 2172 755 2208 Poen.
785 2174 855 2208 891
995 2175 1058 2207 196
1082 2183 1135 2218 sq.
1152 2175 1242 2219 post
1273 2171 1368 2206 alios
1392 2170 1596 2217 Seyffercus
1620 2170 1720 2205 Berl.

47 2229 140 2275 phil.
165 2240 206 2264 m.
230 2230 337 2272 1891,
366 2232 411 2265 79
435 2235 519 2265 ante
541 2240 657 2274 nunc,
682 2240 765 2272 nos,
798 2230 893 2265 unde
923 2230 1031 2265 verba
1060 2228 1285 2265 intercidisse
1308 2227 1483 2268 coniecit,·
1514 2232 1552 2261 at
1581 2237 1625 2262 ne
1657 2227 1721 2262 sed

55 2285 195 2331 quidem
211 2291 295 2322 ante
310 2287 408 2321 unde
425 2286 664 2328 desideratur,
688 2287 720 2321 si
737 2291 874 2321 tantum
891 2290 932 2321 ut
948 2296 1044 2321 nunc
1057 2286 1102 2331 fit
1117 2285 1337 2331 colloquium
1355 2283 1632 2329 interrumpitur

55 2343 118 2377 200
142 2344 199 2378 et:
224 2345 280 2378 set
301 2342 359 2378 vel
381 2343 433 2378 sei
457 2343 662 2389 Seyffertus
770 2342 957 2386 commodi,
982 2352 1078 2377 corr.
1103 2342 1252 2388 Lipsius
1355 2343 1416 2374 201
1446 2351 1531 2375 uero
1564 2339 1597 2374 V
1597 2338 1633 2374 Ε

55 2399 119 2432 203
134 2399 328 2445 anapaesti
342 2399 469 2445 quales
484 2400 548 2434 Ar.
565 2399 652 2434 Aclz.
670 2401 751 2434 285
766 2400 847 2434 item
864 2399 1092 2445 sinqulares5
1117 2410 1147 2434 v.
1170 2398 1274 2443 infra
1293 2398 1374 2432 645.
1396 2398 1490 2437 952;
1514 2395 1577 2430 secl
1598 2395 1721 2441 possis

55 2453 247 2490 discribere
269 2456 539 2501 paroemiacum
563 2461 734 2501 sequente
757 2460 990 2497 monometro,
1017 2455 1067 2500 cf.
1085 2466 1114 2490 v.
1131 2466 1184 2500 sq.
1300 2456 1365 2488 206
1399 2453 1517 2488 Varro
1542 2451 1625 2486 del.
1645 2451 1666 2485 l.
1689 2452 1719 2493 7,

54 2510 129 2544 106
152 2510 279 2553 (Flor.)
308 2511 346 2546 in
372 2511 526 2547 Casinea
558 2522 654 2547 esses
681 2512 757 2547 sine
788 2512 882 2557 quod
913 2511 1013 2547 lubet
1043 2512 1081 2546 id
1105 2511 1219 2546 facias
1248 2510 1392 2556 quando
1417 2509 1484 2544 tibi
1509 2508 1605 2544 domi
1629 2508 1720 2543 nihil

55 2565 233 2602 delicuum
256 2570 330 2609 est,
354 2568 393 2602 in
416 2567 597 2603 delicuum
621 2568 685 2609 (sic
708 2579 788 2603 cum
813 2567 940 2603 Plauti
962 2567 1077 2609 codd„
1102 2567 1285 2612 deliquum
1310 2565 1450 2600 Paulus
1478 2566 1534 2606 73)
1559 2569 1594 2599 et
1616 2575 1719 2598 suam

55 2626 90 2656 et
111 2622 238 2658 Aureli
258 2627 293 2658 et
310 2622 437 2658 Claudi
460 2624 791 2670 interpretationem
807 2623 982 2669 adferens
1074 2625 1252 2658 207—210
1276 2622 1348 2657 ista
1365 2620 1453 2663 BV,
1475 2620 1583 2656 istam
1601 2619 1636 2654 E

56 2679 119 2713 211
141 2678 188 2714 ab
212 2677 344 2714 B¹VE
452 2679 580 2715 mulier
605 2680 641 2715 C.
660 2683 694 2715 st
720 2679 912 2716 Gruterus.-
936 2679 1066 2715 mulier
1083 2682 1138 2714 est
1250 2680 1313 2712 212
1338 2688 1391 2722 sq.
1417 2676 1529 2723 disp„-
1555 2676 1652 2712 Tace
1675 2696 1722 2702 -—

55 2732 85 2769 it
112 2735 117 2776 Ι
144 2735 245 2770 Intro
270 2755 313 2760 —
337 2736 428 2772 abeo
454 2737 460 2780 Ι
487 2736 576 2772 Mox
599 2757 641 2762 —-
665 2737 793 2782 loquar
816 2736 892 2779 (sed
914 2737 1040 2780 Igitur)
1067 2737 1072 2780 Ι
1099 2735 1204 2771 Nunc
1228 2756 1274 2760 —
1298 2734 1423 2770 ualeas
1523 2734 1606 2768 icem
1630 2744 1718 2768 ana-

53 2791 173 2835 paesti
261 2793 326 2826 212
343 2793 425 2827 hem
516 2796 580 2827 213
605 2804 645 2828 11.
663 2793 759 2829 intro
779 2794 830 2829 Β2
852 2798 887 2829 et
911 2803 989 2827 cm.
1014 2793 1186 2838 impetras
1206 2791 1252 2833 B,
1276 2790 1403 2827 deinde
1419 2801 1459 2825 111.
1482 2800 1566 2826 mox
1590 2794 1624 2825 et
1640 2800 1719 2825 ema.

55 2845 175 2882 valeas
199 2846 315 2890 codd,
339 2858 433 2884 corr.
459 2848 672 2885 Dissaldeus
