1998 3179
731 780 1062 813 ARGVMENTVM

392 888 546 932 Amanti
578 895 741 939 argento
772 887 849 926 filio
881 886 1101 925 auxiliarier

393 955 478 1000 Sub
510 956 671 1008 imperio
701 956 832 995 vivens
862 955 941 994 volt
970 967 1088 994 senex
1121 953 1271 993 uxorio.

394 1023 523 1076 ltaque
555 1023 604 1062 ob
635 1024 766 1063 asinos
796 1023 957 1062 relatum
990 1023 1160 1073 pretium
1193 1021 1359 1060 Saureae

395 1090 595 1135 Numerari
625 1091 736 1130 iussit
764 1090 915 1129 servolo
946 1089 1155 1128 Leonidae.

392 1157 451 1201 Ad
482 1159 643 1198 amicam
673 1158 709 1197 id
742 1159 879 1197 fertur.
929 1157 1030 1196 cedit
1062 1162 1217 1195 noctem
1247 1155 1361 1195 filius.

394 1225 532 1269 Rivalis
562 1238 696 1264 amens
727 1225 775 1264 ob
808 1231 1052 1276 praereptam
1085 1224 1301 1270 mulierem,

394 1293 426 1336 ts
456 1305 538 1333 rem
570 1305 725 1332 omnem
757 1293 871 1332 uxori
902 1305 972 1343 per
1003 1292 1213 1343 parasitum
1244 1290 1410 1330 nuntiat.

391 1359 574 1402 Accurrit
604 1373 703 1399 uxor
733 1372 776 1399 ac
808 1360 930 1398 virum
963 1373 983 1398 e
1014 1359 1145 1398 lustris
1175 1358 1287 1409 rapit.

179 1514 257 1550 ary.
275 1507 366 1550 post
382 1503 582 1549 proloqum
608 1501 708 1538 codd.
801 1502 941 1537 PLAv‘rI
965 1511 1220 1536 ARGVMENTVM
1243 1509 1486 1535 mAsmAmAm
1510 1501 1564 1541 (-A
1582 1498 1630 1542 B)
1656 1497 1729 1534 BE

66 1562 85 1594 3
111 1560 156 1596 ab
176 1559 211 1594 Ε
299 1558 469 1594 Donatus
485 1558 534 1593 ad
548 1559 641 1594 And.
657 1559 691 1601 3,
710 1560 742 1600 5,
760 1559 783 1593 4
799 1558 873 1594 Pl.:
899 1558 1054 1603 pretium
1080 1558 1125 1592 ob
1150 1557 1271 1592 asinos
1289 1556 1338 1591 ad
1353 1568 1382 1592 v.
1402 1556 1477 1591 347
1495 1556 1618 1602 pote'us
1640 1565 1725 1600 per-

67 1617 154 1652 tinet
245 1619 266 1650 4
290 1626 395 1651 seruo
413 1626 508 1650 corr.
526 1615 659 1650 Aldina
751 1618 770 1650 6
795 1614 921 1650 riualis
939 1613 1117 1660 Pylades:
1140 1614 1276 1648 riumus
1369 1612 1608 1657 obrereptam,
1629 1621 1724 1645 corr.

67 1672 295 1709 Camerarius
408 1675 426 1706 7
452 1672 492 1716 it,
516 1682 590 1707 rem
618 1671 843 1715 Gulielmius3
873 1671 1037 1706 imitatur
1061 1670 1361 1705 constructionem
1394 1668 1513 1714 qualis
1537 1672 1590 1702 est
1614 1666 1726 1701 Poeu.

67 1730 154 1764 302.
179 1729 280 1764 1069
303 1727 380 1763 Mil.
405 1730 467 1772 25,
500 1728 550 1773 cf.
576 1727 788 1773 Reblz'nyz'us
817 1732 906 1762 ro'm.
940 1737 1192 1773 umqunqsspr.
1217 1727 1272 1761 27
1383 1727 1402 1760 8
1427 1735 1447 1760 e
1478 1724 1602 1760 lustris
1629 1723 1727 1768 rapit

69 1785 312 1822 Camerarius:
336 1785 413 1820 eius
437 1785 568 1820 trisrae
592 1787 662 1826 (-re
689 1783 747 1827 E),
772 1784 822 1829 cf.
843 1784 914 1818 934

1406 2891 1455 2926 4*
