2018 3183
215 126 295 163 422
954 123 1137 159 PLAVTI
1648 123 1676 150 V
1693 124 1720 156 6.
1738 124 1829 157 19—7.
1844 124 1876 152 13

215 241 276 281 tilii
308 241 357 280 ita
390 246 429 280 ut
461 240 499 278 in
534 250 615 278 rem
647 250 731 277 esse
763 237 925 282 ducunt,
957 238 1056 277 sint:
1089 250 1161 289 ego
1194 238 1243 276 ita
1275 250 1341 276 ero
1375 243 1417 276 ut
1447 249 1506 276 me
1539 249 1623 276 esse
1654 244 1832 289 oportet;

214 315 362 348 metum
393 307 485 346 mibi
517 305 740 351 adhibeam,
773 305 926 357 culpan]
958 304 1186 352 abstineam,
1219 317 1286 344 ero
1320 311 1362 344 ut
1391 303 1574 344 omnibus
1606 305 1643 344 in
1678 304 1774 344 locis
1803 308 1874 344 sim

1367 379 1542 424 praesto:

216 441 341 498 [seivi‚
375 443 440 493 qui
472 453 560 481 cum
592 441 704 492 culpa
737 448 873 480 carent
903 447 1094 486 metuont,
1125 441 1252 480 solent
1285 453 1369 480 esso
1401 441 1476 480 etis
1508 440 1675 479 utibiles.
1892 449 1966 482 953²

219 523 306 550 nam
339 510 403 556 illi,
435 509 501 560 qui
525 509 576 548 nil
610 515 802 554 metuont,
834 515 1041 560 postquam
1065 508 1206 548 malum
1235 509 1451 570 promeriti,
1483 515 1577 548 tunc
1608 507 1654 548 ei
1647 453 1966 562 ‘metuontjsaab

213 584 382 617 metuam
414 577 516 616 haud
547 577 725 616 multum.
776 589 900 629 piope
932 583 989 615 est
1021 562 1178 631 quando
1201 589 1244 616 el
1248 589 1291 616 us
1313 559 1361 616 ob
1384 576 1482 616 sacta
1504 561 1673 628 pretium
1695 577 1877 616 exsolvet.

212 643 306 699 (eo)
336 658 408 696 ego
441 645 618 697 exemplo
649 645 786 692 seu-,vio
904 645 1001 696 tergi
1034 652 1075 684 ut
1104 645 1143 684 in
1177 657 1258 684 rem
1290 657 1373 684 esse
1404 644 1586 684 arbitror.
1883 650 1940 684 985

214 721 422 765 postquam
454 716 494 752 in
527 713 729 753 tabernam
760 716 847 753 vasa
879 722 916 753 et
946 725 1079 753 servos
1109 713 1325 759 conlocavi,
1358 719 1400 752 ut
1431 713 1606 758 iusserat

214 782 265 821 ita
298 782 410 838 venio
442 781 658 821 adversum.
724 794 829 821 nunc
861 782 956 821 soris
987 781 1161 833 pultabo,
1192 782 1325 820 adesse
1358 788 1399 820 ut
1430 793 1492 820 me
1523 781 1630 827 sciat,

214 858 239 891 -ι-
263 861 391 900 neque
422 848 546 889 virum
578 863 623 888 ex
654 850 729 889 hoc
760 850 857 889 saltu
889 849 1018 888 damni
1049 849 1193 889 salvom
1226 856 1267 888 ut
1298 850 1459 888 educam
1493 849 1606 888 foras.

214 918 280 957 sed
312 922 457 964 metuo,
491 930 539 956 ne
569 930 657 957 sero
689 918 839 957 veniam
871 918 1095 969 depugnato
1127 917 1290 968 proelio.

950 1019 1143 1059 SENEX
1790 1018 1831 1058 V
1855 1021 1876 1058 7

215 1087 291 1127 Per
321 1099 392 1139 ego
422 1087 533 1127 vobis
563 1088 658 1127 deos
690 1095 806 1138 atque
838 1087 1018 1127 homines
1049 1087 1150 1134 dico,
1183 1093 1223 1126 ut
1255 1087 1462 1139 imperium
1495 1098 1623 1125 meum
1894 1089 1952 1123 990

214 1156 414 1207 sapienter
444 1155 618 1194 babeatis
650 1167 781 1203 curae,
813 1167 911 1206 quae
942 1155 1127 1207 imperavi
1158 1161 1274 1206 atque
1305 1154 1475 1206 impero:

214 1224 328 1263 facite
360 1223 437 1262 illic
469 1224 586 1262 bomo
618 1223 694 1262 iam
725 1224 764 1262 in
798 1223 1031 1263 medicinam
1064 1223 1216 1263 ablatus
1246 1222 1440 1262 sublimen
1473 1222 1556 1261 siet.

216 1292 289 1331 nisi
322 1291 475 1343 quidem
509 1304 576 1331 vos
605 1298 734 1331 vostra
766 1304 880 1331 crura
911 1297 977 1331 aut
1007 1291 1125 1331 latera
1160 1291 1270 1330 nihili
1302 1290 1484 1342 penditis.

216 1370 306 1398 cave
338 1360 556 1411 quisquam,
590 1360 692 1411 quod
725 1360 803 1399 illic
834 1360 1049 1404 minitetur,
1080 1365 1255 1399 vostrum
1286 1359 1397 1398 flocci
1431 1359 1578 1398 fecerit.

216 1427 307 1479 quid
339 1427 476 1468 statis?
507 1427 600 1479 quid
632 1426 845 1467 dubitatis?
877 1428 949 1466 iam
982 1427 1177 1467 sublimen
1212 1434 1365 1479 raptum
1398 1427 1583 1479 oportuit.
1894 1429 1951 1463 995

216 1506 287 1545 ego
320 1494 384 1534 ibo
416 1496 461 1535 ad
494 1495 708 1535 medicum:
741 1502 896 1548 praesto
927 1508 993 1535 ero
1026 1496 1092 1544 illi,
1123 1508 1212 1535 cum
1244 1495 1420 1535 venietis.
1479 1495 1595 1535 ΜΕΝ.
1647 1493 1794 1534 Occidi.
2015 1480 2018 1487 ⁴

216 1563 307 1615 quid
338 1563 414 1603 boc
444 1566 502 1603 est
533 1562 695 1615 negoti?
727 1564 818 1615 quid
851 1565 972 1604 illisce
1003 1565 1182 1604 homines
1213 1564 1257 1603 ad
1291 1576 1352 1602 me
1383 1569 1563 1610 currunt,
1595 1561 1790 1615 opsecro?

216 1631 308 1682 quid
339 1631 450 1670 voltis
482 1630 577 1671 vos?
610 1632 702 1684 quid
735 1631 990 1683 quaeritatis?
1022 1632 1115 1684 quid
1147 1645 1210 1672 me
1242 1629 1555 1675 circumsistitis?

216 1711 295 1750 quo
327 1700 461 1751 rapitis
493 1699 584 1739 me?
616 1712 694 1752 quo
726 1702 836 1740 sertis
866 1699 957 1740 me?
989 1701 1100 1752 perii,
1132 1712 1297 1753 opsecro
1328 1706 1496 1739 vestram
1529 1699 1655 1743 fidem,

214 1766 550 1818 Epidamnienses,
582 1767 799 1817 subvenite,
832 1769 946 1808 cives.
1009 1769 1101 1819 quin
1135 1781 1196 1808 me
1226 1766 1405 1807 mittitis?
1896 1769 1970 1803 1000

214 1834 343 1875 MEss.
394 1835 470 1874 Pro
502 1836 538 1874 di
571 1836 822 1884 immortales,
854 1837 1032 1883 obsecro,
1065 1835 1157 1888 quid
1190 1848 1261 1887 ego
1294 1835 1418 1875 oculis
1449 1835 1595 1886 aspicio
1628 1831 1751 1874 meis?

216 1915 327 1942 erum
359 1916 489 1943 meum
520 1904 790 1955 indignissime
823 1905 957 1944 nescio
990 1904 1055 1956 qui
1087 1903 1283 1944 sublimen
1315 1904 1461 1942 serunt.

328 2050 394 2084 982
419 2049 481 2084 alii
498 2048 711 2084 Lambinus:
737 2049 818 2084 aliis
842 2049 885 2091 (·i
905 2049 974 2091 B‘2)
998 2059 1078 2084 esse
1145 2060 1149 2063 ’
1168 2050 1225 2084 sin
1244 2047 1321 2084 CD²
1410 2048 1501 2093 fort.
1519 2047 1582 2083 alii
1599 2047 1630 2083 si
1652 2067 1687 2072 -
1706 2047 1791 2082 sunt

215 2105 268 2141 ita
291 2116 352 2141 ero
371 2105 423 2141 B:
447 2116 509 2141 ero
529 2104 589 2140 (ΤΒ
682 2108 747 2141 983
773 2106 967 2152 anapaesti
1055 2107 1189 2141 metum
1205 2105 1243 2140 id
1259 2105 1346 2140 mihi
1439 2104 1546 2149 culpa
1570 2103 1624 2139 B²
1714 2101 1814 2137 983ab
1832 2111 1882 2136 ex

215 2160 442 2197 Mostellaria
464 2165 506 2205 (v.
527 2162 615 2205 858)
640 2161 709 2196 huc
743 2162 912 2197 translati
1025 2161 1134 2207 culpa
1158 2164 1284 2197 carent
1308 2164 1344 2197 et
1367 2163 1532 2197 metuunt
1555 2162 1601 2202 (c.
1627 2169 1658 2195 c.
1683 2169 1728 2194 m.
1753 2158 1792 2193 hi
1817 2160 1880 2197 ΒΞ)

217 2217 278 2253 CI)
287 2218 316 2253 B
322 2220 350 2260 ²,
364 2219 555 2263 culparent
571 2221 607 2255 et
623 2221 742 2254 metuo
759 2218 797 2253 ni
815 2217 865 2253 B¹
935 2218 1241 2263 promeritumque
1257 2217 1302 2262 ei,
1320 2228 1415 2254 corr.
1433 2216 1606 2263 Pylades,
1630 2215 1814 2251 Valtlenus

216 2277 283 2310 984
306 2275 482 2311 sententia
498 2275 550 2310 sic
567 2276 787 2310 conectitur:
811 2279 941 2310 metum
959 2274 1047 2309 mihi
1061 2273 1264 2310 adhibendo
1282 2277 1331 2316 (et
1346 2273 1456 2320 calpa
1480 2271 1704 2314 abstinendo)
1720 2271 1880 2317 efficiam

215 2336 255 2366 ut
272 2342 344 2367 non
361 2332 510 2367 multum
529 2331 754 2367 metuendum
771 2331 818 2366 sit
893 2334 1026 2366 metum
1050 2334 1125 2375 aut,
1143 2341 1239 2366 corr.
1258 2329 1418 2377 Pylades
1487 2340 1525 2365 es
1540 2328 1573 2364 B
1641 2328 1808 2374 quandoc
1825 2326 1882 2368 (dc

216 2399 288 2433 qua
300 2388 486 2433 scriptura
500 2387 549 2433 cf.
568 2387 759 2428 Vasatenus,
774 2385 972 2423 Scltererus
981 2386 1243 2422 Studen2.stud.
1253 2388 1291 2429 2,
1301 2388 1399 2428 100,·
1411 2386 1519 2423 Most.
1531 2387 1592 2428 92,
1610 2385 1717 2421 Poen.
1727 2384 1813 2426 447)

216 2444 262 2480 ob
295 2444 395 2480 facta
426 2443 601 2480 Botlu'us:
626 2455 646 2479 o
672 2443 802 2480 faciam
918 2446 982 2477 985
1008 2442 1138 2479 delevit
1169 2443 1370 2489 Vssinqius‚
1394 2444 1473 2479 iure
1496 2449 1536 2477 ut
1560 2441 1701 2477 videtur
1790 2439 1881 2484 (eo)

226 2500 421 2542 Vahlenus,
437 2500 656 2547 Spenqelius
746 2503 846 2544 terge
865 2499 934 2540 CD,
951 2501 1052 2543 tergo
1073 2499 1118 2541 B,
1143 2510 1239 2535 corr.
1256 2499 1412 2542 Merula,
1429 2499 1481 2545 cf.
1500 2498 1680 2534 Lucltsius
1696 2497 1734 2532 in
1751 2494 1882 2532 Stude-

217 2556 343 2592 mundi
363 2557 456 2593 stud.
481 2559 513 2598 1,
540 2557 616 2592 323
632 2568 685 2603 sq.
801 2558 867 2591 986
892 2556 1044 2592 vasased
1072 2555 1132 2597 3¹,
1160 2556 1289 2592 vassed
1315 2555 1376 2592 CI)
1491 2558 1555 2591 987
1581 2556 1650 2590 ita:
1674 2554 1747 2589 iam
1770 2551 1882 2598 Seyf-

214 2614 337 2659 [ὂντας
450 2617 515 2650 988
540 2617 649 2659 atque
676 2613 878 2649 Gronovius
991 2616 1123 2656 utrum,
1148 2623 1243 2648 corr.
1273 2611 1442 2653 Botltius;
1464 2621 1654 2657 meumque
1678 2620 1780 2646 erum
1803 2607 1882 2644 Rit-

215 2669 373 2705 schelius
464 2674 505 2706 ut
527 2681 556 2706 e.
575 2670 600 2705 f.
621 2670 779 2706 Parcus.-
803 2672 866 2706 ute
882 2670 954 2706 duo
972 2669 1102 2705 anfora
1193 2671 1259 2703 990
1284 2679 1402 2704 smum
1417 2679 1616 2704 unncmvs
1640 2675 1881 2703 Anomscnus.

216 2736 380 2762 noman.
418 2737 597 2762 unssmuo
621 2737 757 2762 sznvvs
783 2728 884 2768 (ΜΕΝ.
908 2730 942 2760 et
966 2736 1050 2761 uns.
1076 2736 1145 2761 om.
1170 2724 1215 2767 D)
1241 2724 1313 2760 BD
1428 2727 1493 2760 992
1519 2724 1706 2760 sublimem
1733 2722 1794 2759 ct)

217 2785 282 2818 993
308 2783 398 2818 nihil
421 2782 457 2818 B
547 2783 688 2828 penditi
713 2783 764 2818 B¹
880 2785 944 2818 995
971 2782 1059 2818 satis
1088 2781 1201 2818 3¹01)
1292 2784 1460 2827 oportum
1486 2780 1546 2817 CD
1660 2782 1726 2816 997
1749 2777 1882 2824 negoti,

216 2839 312 2885 quod
346 2839 510 2875 Baebius
533 2841 571 2874 in
602 2839 839 2875 Studemundi
861 2839 956 2876 stud.
981 2840 1027 2880 2,
1045 2839 1117 2874 170
1208 2839 1303 2882 illic,
1336 2839 1385 2883 cf.
1406 2839 1480 2873 958
1593 2839 1659 2873 998
1683 2847 1750 2873 uos
1779 2835 1810 2871 D
1833 2845 1883 2871 ex

216 2905 311 2931 corr.
321 2908 332 2929 .-
357 2905 446 2940 quos
539 2896 675 2932 circum
701 2895 796 2931 stitis
819 2895 956 2938 (-statis
982 2895 1045 2938 B2)
