1998 3179
57 102 102 131 111
112 103 139 136 3,
150 102 254 130 34-65
764 99 996 135 ASINARIA
1659 100 1681 136 7
1688 99 1710 135 7

53 216 146 256 Lm.
194 214 356 254 Noctem
386 219 490 252 tuam
522 220 560 253 et
589 213 669 252 vini
700 213 837 252 cadum
867 213 996 260 velim,
1026 213 1059 253 si
1090 218 1219 264 optata
1249 213 1355 252 fiant.

52 282 164 323 ΑΒΕ.
212 281 384 321 Verbum
415 292 506 320 cave
535 280 644 327 faxis,
674 280 851 319 verbero.
908 280 1002 321 Lm.
1051 279 1139 319 Tibi
1160 279 1355 331 equidem,
1387 292 1466 319 non
1489 279 1583 318 mihi
1605 285 1780 330 optas-25

53 349 165 389 ΑΕΘ.
214 348 313 387 Tum
336 355 378 387 tu
409 348 527 398 igitur
555 348 717 398 loquere
747 348 852 398 quod
882 348 1001 387 lubet.
1059 347 1153 388 Lm.
1198 347 1312 387 Hunc
1341 347 1473 388 hercle
1494 347 1710 387 verberare.

53 416 189 456 LEON.
238 415 425 461 Quisnam
457 415 557 454 istuc
587 414 768 453 adcredat
799 413 882 460 tibi,
915 415 1074 453 cinaede
1105 413 1391 454 calamistrate‘?

53 491 123 522 tun
154 483 348 531 verberes,
379 482 445 533 qui
476 494 548 534 pro
580 481 666 520 cibo
696 480 841 520 habeas
870 488 909 520 te
940 480 1163 520 verberari?

52 550 164 591 ABG.
213 550 262 589 Vt
290 557 441 590 vostrae
471 551 652 588 fortunae
681 549 778 588 meis
808 549 1061 600 praecedunt,
1094 549 1253 596 Libane,
1284 549 1414 601 longe,

55 619 120 669 qui
151 618 264 657 hodie
294 629 508 668 numquam
539 617 584 655 ad
613 628 818 668 vesperum
851 616 986 654 vivam.
1044 615 1138 656 Ltss.
1188 616 1450 668 Quapropter,
1482 616 1656 668 quaeso?
1726 626 1782 659 630

52 685 104 725 A.
135 685 232 731 Quia
246 697 317 736 ego
330 685 430 723 hanc
444 687 530 723 amo
542 690 580 723 et
595 684 690 722 haec
701 696 762 722 me
773 690 886 729 amat,
904 683 995 723 huic
1008 684 1111 734 quod
1124 683 1210 722 dem
1222 697 1415 735 nusquam
1425 685 1633 736 quicquam
1644 691 1713 731 est,

53 752 146 791 hinc
175 753 263 791 med
293 758 487 790 amantem
518 764 564 790 ex
595 750 756 790 aedibus
787 751 899 790 eiecit
929 751 1047 790 huius
1075 757 1211 790 mater.

54 820 204 871 argenti
234 819 371 870 viginti
400 820 529 858 minae
558 831 621 857 me
651 819 698 857 ad
728 821 893 857 mortem
925 818 1177 869 appulerunt,

54 899 150 938 quas
179 886 294 925 hodie
326 886 554 926 adulescens
585 886 768 926 Diabolus
798 886 869 937 ipsi
902 886 1062 925 daturus
1092 886 1198 933 dixit,

53 961 97 993 ut
126 955 227 993 hanc
258 966 308 993 ne
339 966 533 1005 quoquam
564 954 735 992 mitteret
765 953 838 993 nisi
869 954 916 992 ad
945 966 986 993 se
1017 954 1123 992 hunc
1154 965 1302 992 annum
1333 960 1470 993 totum.
1727 963 1783 995 635

53 1022 197 1061 videtin
229 1022 364 1073 viginti
393 1022 521 1060 minae
552 1021 646 1072 quid
676 1021 826 1073 pollent
856 1021 995 1072 quidve
1026 1019 1219 1072 possunt?

55 1089 117 1128 ille
149 1089 215 1140 qui
246 1089 329 1128 illas
358 1089 487 1140 perdit
517 1089 640 1128 salvos
670 1094 740 1134 est,
773 1100 844 1138 ego
877 1088 943 1139 qui
974 1101 1055 1127 non
1087 1089 1208 1139 perdo
1239 1101 1370 1139 pereo.

54 1156 146 1196 Lm.
168 1157 246 1196 Iam
264 1156 369 1195 dedit
383 1154 618 1207 argentum?
651 1155 763 1196 ΑΒΘ.
785 1156 871 1194 Non
891 1156 1006 1194 dedit.
1041 1155 1107 1195 L1.
1128 1156 1238 1194 Bono
1256 1156 1384 1194 animo
1403 1168 1455 1202 es,
1474 1169 1523 1195 ne
1538 1156 1715 1197 formida.

54 1223 190 1265 LEON.
240 1224 385 1263 Secede
406 1224 495 1271 huc,
518 1223 679 1271 Libane,
701 1230 738 1262 te
759 1223 858 1262 volo.
898 1223 990 1263 Lm.
1024 1224 1062 1262 Si
1085 1224 1176 1274 quid
1193 1223 1262 1263 vis.
1302 1222 1413 1264 ABG.
1446 1224 1620 1264 Obsecro
1639 1238 1717 1273 vos,

56 1292 189 1330 eadem
219 1292 314 1331 istac
345 1303 463 1342 opera
495 1291 664 1331 suaviust
695 1291 920 1342 complexos
950 1290 1127 1330 fabulari.
1729 1301 1786 1333 640

54 1359 147 1399 Lm.
196 1359 285 1399 Non
318 1359 448 1398 omnia
479 1360 611 1398 eadem
642 1371 765 1409 aeque
797 1359 992 1406 omnibus,
1025 1371 1103 1405 ere,
1134 1359 1264 1398 suavia
1295 1371 1379 1398 esse
1410 1360 1527 1398 scito:

55 1426 163 1466 vobis
193 1433 251 1466 est
279 1438 395 1465 suave
425 1425 646 1465 amantibus
677 1425 901 1477 complexos
931 1425 1109 1472 fabulari,

57 1506 128 1545 ego
159 1494 403 1545 complexum
437 1493 552 1533 huius
584 1493 638 1533 nil
668 1505 814 1541 moror,
845 1506 974 1532 meum
1008 1500 1138 1532 autem
1169 1494 1232 1532 hic
1263 1501 1506 1545 aspernatur.

55 1560 220 1613 proinde
250 1561 352 1600 istud
384 1561 500 1600 facias
530 1561 614 1612 ipse
645 1561 747 1612 quod
780 1561 966 1600 faciamus
998 1560 1112 1600 nobis
1143 1561 1293 1600 suades.

55 1629 166 1670 ARG.
215 1629 299 1680 Ego
330 1641 434 1675 vero,
466 1635 504 1667 et
533 1629 690 1679 quidem
722 1629 861 1680 edepol
890 1629 1044 1668 lubens.
1095 1629 1258 1674 interea,
1289 1629 1320 1668 si
1353 1629 1514 1675 videtur,
1732 1637 1788 1670 645

57 1696 258 1736 concedite
289 1697 400 1736 istuc.
459 1696 595 1736 LEON.
644 1695 717 1735 Vin
750 1708 859 1734 erum
891 1694 1050 1735 deludi?
1107 1696 1201 1736 Lm.
1252 1697 1417 1748 Dignust
1447 1710 1553 1738 sane.

55 1764 191 1805 LEON.
240 1764 312 1803 Vin
344 1764 481 1803 faciam
513 1772 556 1803 ut
585 1770 622 1802 te
653 1764 896 1803 Philaenium
929 1770 1137 1815 praesente
1169 1765 1242 1803 hoc
1273 1764 1544 1816 amplexetur?

55 1831 148 1872 Lm.
175 1831 299 1884 Cupio
315 1832 459 1871 hercle.
496 1832 633 1873 LEON.
662 1832 836 1883 Sequere
853 1832 938 1871 hac.
976 1831 1028 1872 A.
1058 1832 1208 1883 Ecquid
1225 1839 1282 1872 est
1298 1832 1568 1873 salutis'YSatis
1584 1833 1718 1873 locuti.

56 1899 192 1941 LEON.
239 1900 463 1939 Auscultate
494 1906 611 1951 atque
642 1912 799 1951 operam
831 1899 917 1939 date
949 1906 988 1939 et
1017 1912 1102 1938 mea
1134 1900 1234 1939 dicta
1265 1900 1457 1940 devorate.

57 1967 227 2019 primum
259 1968 435 2006 omnium
465 1980 597 2006 servos
627 1974 716 2006 tuos
748 1980 821 2006 nos
851 1979 935 2007 esse
966 1980 1047 2006 non
1082 1980 1290 2019 negamus;
1734 1976 1790 2007 650

57 2035 123 2074 sed
154 2035 224 2074 tibi
254 2035 286 2074 si
315 2035 450 2086 viginti
481 2035 611 2074 minae
641 2035 792 2086 argenti
823 2036 1089 2086 proferentur,

58 2114 137 2153 quo
166 2114 239 2142 nos
268 2102 424 2142 vocabis
454 2101 644 2141 nomine?
702 2102 813 2144 ΑΒΘ.
865 2103 1056 2142 Libertos.
1114 2103 1250 2144 LEON.
1299 2104 1386 2143 Non
1418 2104 1634 2155 patronos?

58 2170 169 2211 ΑΒΘ.
219 2169 260 2209 Id
290 2170 434 2221 potius.
492 2170 628 2210 LEON.
680 2169 824 2221 Viginti
856 2171 985 2209 minae
1015 2170 1079 2209 hic
1109 2171 1246 2209 insunt
1276 2171 1314 2209 in
1348 2172 1537 2219 crumina,

58 2237 127 2277 has
157 2249 243 2289 ego,
273 2237 304 2276 si
334 2237 401 2285 vis,
432 2236 503 2276 tihi
534 2237 646 2276 dabo.
705 2236 817 2278 ABG.
869 2237 911 2276 Di
943 2244 982 2276 te
1014 2238 1223 2277 servassint
1253 2251 1422 2290 semper,

60 2310 190 2344 custos
218 2304 335 2351 erilis,
366 2304 485 2344 decus
515 2305 636 2356 popli,
668 2305 906 2344 thensaurus
938 2305 1153 2356 copiarum,
1734 2320 1791 2351 655

173 2407 239 2439 626
255 2404 341 2449 quid
352 2403 386 2439 D
398 2415 473 2440 var.
488 2405 509 2439 l.
580 2407 643 2440 631
661 2408 770 2450 atque
786 2407 878 2441 haec
893 2406 975 2441 med
988 2405 1200 2452 Kaempfius
1217 2405 1260 2441 de
1271 2417 1371 2452 pron
1380 2417 1480 2453 ριν-ε.
1496 2408 1551 2442 28
1623 2417 1724 2442 num-

61 2471 165 2506 quam
257 2463 322 2495 632
348 2461 454 2497 eiecit
470 2461 722 2496 Fleckeisenus
747 2462 890 2503 (deiecit
917 2462 1176 2505 Camerarius):
1201 2463 1332 2508 delegit
1424 2465 1488 2497 633
1513 2461 1642 2506 uiginti
1658 2473 1724 2497 om.

61 2516 112 2551 B¹
203 2516 259 2553 vel
279 2517 361 2552 med
452 2518 499 2552 ad
523 2520 695 2553 amortem
712 2518 748 2553 B
840 2522 906 2554 634
930 2520 1120 2555 verborum
1145 2520 1366 2554 constructio
1391 2520 1428 2554 z'n
1444 2518 1577 2553 Plauto
1602 2519 1725 2565 sinqu—

63 2573 151 2608 laris
158 2585 173 2615 ,·
189 2573 355 2608 daturum
369 2586 387 2610 ς
480 2576 544 2609 635
562 2575 801 2620 nequoiquam
820 2575 854 2610 B
871 2586 921 2611 ex
937 2586 1031 2611 corr.
1124 2579 1188 2611 637
1207 2576 1256 2622 cf.
1273 2576 1350 2610 244.
1441 2575 1575 2621 perdor
1592 2574 1627 2609 B
1643 2578 1727 2610 ante

62 2640 154 2665 corr.
231 2632 296 2664 640
313 2629 462 2666 suauius
480 2633 535 2666 est
610 2633 687 2666 641.
706 2633 772 2665 642
788 2643 857 2666 om.
875 2631 913 2666 E
983 2634 1044 2666 641
1065 2642 1179 2676 aeque
1195 2632 1387 2678 Angelius:
1403 2633 1512 2675 atque
1583 2633 1647 2666 643
1662 2641 1726 2676 ego

62 2704 106 2710 —
130 2695 250 2721 moror
272 2685 529 2728 adulescentis,
559 2697 676 2722 meum
697 2698 751 2732 sq.
775 2686 975 2730 Leonidae,
1007 2699 1100 2724 corr.
1126 2701 1155 2730 ς,
1178 2687 1324 2722 Merula
1460 2687 1520 2722 hic
1544 2685 1726 2734 Pylades.-

63 2743 153 2776 haec
278 2743 344 2776 646
367 2742 512 2787 dignum
536 2746 602 2787 est,
628 2754 720 2779 corr.
746 2743 837 2779 Pius
961 2747 1023 2779 647
1049 2747 1085 2779 te
1108 2744 1310 2779 Lomanus:
1332 2755 1389 2779 me
1514 2746 1575 2779 651
1604 2744 1635 2779 si
1658 2755 1725 2779 om.

64 2795 189 2832 B¹DE
298 2799 364 2832 652
386 2809 460 2833 non
483 2802 655 2844 patronos
680 2799 863 2836 Leonidae
894 2800 993 2835 dedit
1017 2800 1068 2835 13²
1185 2803 1249 2834 654
1277 2810 1361 2845 ergo
1384 2799 1420 2835 D
1443 2800 1538 2842 (item
1566 2801 1651 2843 658,
1675 2801 1725 2847 cs]

67 2853 156 2896 688)
301 2854 442 2899 (nunc)
476 2855 544 2890 tibi
580 2854 834 2891 Fleckeisenus
971 2859 1035 2891 655
1072 2856 1195 2891 herilis
1332 2857 1525 2892 thesaurus
1561 2855 1616 2891 B¹
