2018 3183
237 105 317 142 302
977 97 1158 134 PLAVTI
1700 99 1742 126 Ν
1760 99 1786 131 2.
1799 98 1902 127 50-72

238 232 353 272 quam
385 218 572 270 quaedam
605 219 789 255 meretrix
821 215 854 254 ei
887 214 1003 253 dedit.
1062 213 1203 252 LAMP.
1253 213 1431 252 Nostram
1464 213 1558 251 haec
1589 224 1670 252 rem
1694 213 1898 262 fabulatur,

238 290 340 327 hanc
362 287 460 326 scire
482 291 649 336 oportet,
682 283 759 322 filia
791 288 855 320 tua
887 281 951 320 ubi
983 281 1043 328 sit,
1076 280 1185 331 signa
1218 285 1260 319 ut
1289 279 1394 318 dicit.

238 356 351 394 ΗΑΒ.
401 353 514 392 Nunc
546 363 628 390 eam
649 350 729 389 volt
751 362 842 389 suae
863 348 977 388 matri
1009 354 1046 387 et
1068 348 1181 399 patri,
1213 347 1356 399 quibus
1380 353 1469 386 nata
1491 354 1562 394 est,
1593 348 1758 388 reddere
1787 348 1903 388 ultro.

241 424 292 462 mi
325 423 455 467 homo,
488 418 668 465 obsecro,
699 418 790 456 alias
821 429 884 456 res
914 416 1028 468 geris,
1061 427 1132 467 ego
1167 414 1238 454 tibi
1268 426 1373 454 meas
1406 427 1468 454 res
1497 415 1654 454 mando.

238 491 378 529 LAMP.
429 487 533 527 Istuc
564 498 649 538 ago,
681 492 797 536 atque
828 484 914 524 istic
947 483 1038 522 mihi
1072 482 1183 522 cibus
1213 489 1284 529 est,
1316 482 1421 533 quod
1451 482 1637 528 fabulare,
1916 487 1975 520 ¹120

239 557 306 597 sed
337 556 441 595 inter
470 557 553 594 rem
584 553 775 605 agendam
806 553 918 592 istam
950 563 1036 590 erae
1067 550 1157 590 huic
1188 549 1373 601 respondi
1408 549 1513 601 quod
1543 549 1717 601 rogabat.

240 636 348 663 nunc
378 624 424 662 ad
455 629 492 661 te
514 622 655 660 redeo:
687 621 718 660 si
741 620 833 671 quid
856 626 914 660 est
935 632 1046 670 opus,
1069 618 1143 665 die,
1166 617 1482 669 impetratumst.]

241 692 332 743 quid
365 687 639 742 quaeritabas‘?
698 688 811 727 ΗΑΒ.
853 687 905 726 Mi
935 688 1054 726 homo
1087 692 1125 724 et
1155 697 1238 724 mea
1271 685 1422 731 mulier,
1453 697 1520 724 vos
1551 684 1690 724 saluto.

239 760 379 799 Pnsx.
420 758 468 797 Et
498 770 570 796 nos
592 764 642 796 te.
702 756 768 795 sed
801 754 893 806 quid
925 751 1149 805 quaeritas?
1208 753 1320 792 ΗΑΒ.
1371 752 1583 804 Vestigium
1615 752 1677 791 1110
1708 751 1881 802 requiro,

241 839 316 878 qua
347 825 496 877 aufugit
527 824 716 876 quaedam
779 837 800 861 >ze
861 822 981 861 aestio
1045 835 1065 857 a<
1154 820 1294 859 LAMP.
1345 819 1445 865 Quid
1477 821 1544 863 id?
1575 818 1668 874 quid
1701 830 1789 858 nam
1820 817 1907 859 est?
1921 823 1978 856 725

240 895 353 934 HAL.
405 892 585 932 Alienum
836 904 856 927 >ie
1089 894 1126 927 et
1157 899 1372 926 maerorem
1403 886 1643 925 familiarem.

243 964 379 1001 LAMP.
421 960 517 1000 Mala
548 971 663 1006 mers,
696 971 773 1006 era,
805 959 903 997 haee
934 963 972 995 et
1003 955 1138 995 callida
1169 961 1239 994 est.
1298 954 1437 993 PHAN.
1478 953 1641 992 Ecastor
1671 952 1722 990 ita
1750 950 1913 989 videtur.

242 1031 382 1069 LAMP.
415 1028 590 1067 Imitatur
607 1038 776 1077 nequam
793 1025 956 1064 bestiam
974 1029 1013 1062 et
1029 1022 1286 1062 damniticam.
1336 1021 1475 1060 PHAN.
1497 1020 1728 1066 Quamnam,
1746 1014 1912 1057 amabo?

243 1098 378 1136 LAMP.
430 1094 684 1140 Involvolum,
717 1105 817 1144 quae
848 1093 887 1131 in
919 1091 1096 1143 pampini
1127 1090 1220 1129 solio
1251 1090 1393 1128 intorta
1427 1088 1600 1140 implicat
1629 1099 1694 1126 se:

244 1165 375 1204 itidem
407 1164 500 1202 haec
531 1161 732 1201 exorditur
762 1160 835 1200 sibi
866 1160 1052 1198 intortam
1084 1157 1314 1197 orationem.
1926 1162 1982 1194 730

244 1232 337 1284 quid
369 1228 591 1282 quaeritas?
650 1229 763 1269 HAL.
816 1227 1011 1267 Cistellula
1042 1226 1134 1266 hinc
1164 1225 1230 1272 mi,
1262 1223 1505 1269 adulescens,
1536 1221 1710 1260 evolavit.

244 1300 384 1340 LAMP.
435 1298 477 1337 In
511 1308 666 1337 caveam
698 1297 812 1335 latam
844 1294 1031 1346 oportuit.
1088 1293 1202 1332 ΗΑΒ.
1252 1291 1337 1330 Non
1371 1289 1510 1341 edepol
1540 1288 1682 1340 praeda
1716 1300 1867 1340 magna.

244 1368 384 1407 LAMP.
436 1366 575 1405 Mirum
620 1364 714 1416 quin
755 1375 849 1414 grex
880 1362 1074 1401 venalium
1106 1360 1145 1399 in
1179 1358 1324 1398 cistella
1356 1357 1519 1396 infuerit
1548 1369 1641 1396 una.

246 1436 385 1474 ΡΗΑΝ.
435 1434 529 1472 Sine
560 1433 673 1471 dicat.
733 1431 873 1470 LAMP.
924 1430 963 1469 Si
995 1429 1095 1468 dicat
1125 1427 1296 1478 quidem.
1364 1424 1504 1464 PHAN.
1544 1424 1624 1474 Age
1654 1423 1815 1474 loquere
1846 1420 1917 1473 [tu]

1265 1494 1357 1546 quid
1390 1492 1443 1531 1111
1474 1491 1648 1531 insuerit.

247 1571 360 1610 ΗΑΒ.
394 1568 615 1621 Crepundia
633 1579 720 1606 una.
751 1567 892 1605 LAMP.
910 1564 980 1604 Est
997 1562 1154 1615 quidam
1171 1562 1302 1606 homo,
1320 1561 1387 1612 qui
1404 1559 1507 1599 illam
1523 1558 1573 1597 ait
1590 1570 1631 1597 se
1647 1558 1746 1597 scire
1765 1556 1827 1596 ubi
1849 1557 1910 1596 sit.
1926 1565 1982 1598 735

248 1645 287 1677 at
315 1638 382 1689 pol
412 1637 474 1676 ille
507 1649 526 1675 a
562 1636 726 1687 quadam
760 1634 937 1680 muliere,
969 1632 1000 1671 si
1032 1643 1115 1670 eam
1148 1635 1353 1675 monstret,
1385 1627 1548 1678 gratiam
1579 1626 1696 1664 ineat.

247 1707 387 1746 LAMP.
421 1708 469 1745 At
489 1705 563 1745 sibi
585 1704 647 1743 ille
671 1703 827 1754 quidam
844 1701 921 1741 volt
938 1700 1019 1740 dari
1038 1698 1271 1738 mercedem.
1338 1696 1452 1736 ΗΑΒ.
1489 1696 1538 1733 At
1553 1694 1618 1746 pol
1635 1693 1698 1732 illa
1715 1692 1916 1745 quaedam,

249 1787 347 1826 quae
370 1774 472 1813 illam
501 1772 688 1812 cistellam
721 1769 902 1823 perdidit,
936 1768 1118 1820 quoidam
1151 1772 1267 1818 negat
1297 1777 1382 1804 esse
1415 1763 1519 1815 quod
1550 1761 1628 1800 det.

364 1898 428 1931 716
464 1894 627 1930 meritrix
652 1893 687 1928 B
827 1894 891 1927 718
927 1888 1175 1936 Lampadioni
1208 1888 1461 1927 continuatur,
1497 1894 1592 1919 corr.
1623 1881 1832 1917 Saracenas

251 1955 315 1988 720
342 1962 406 1997 ego
433 1950 468 1985 B
599 1951 663 1985 722
689 1949 747 1984 dic
762 1964 778 1980 *
797 1963 812 1978 *
834 1947 885 1982 Β1
909 1946 1048 1989 (dicit?)
1173 1944 1442 1989 impetratumst
1465 1941 1506 1976 L.
1517 1953 1528 1974 .·
1550 1940 1705 1985 impetra
1729 1940 1766 1973 et
1790 1939 1831 1972 tu

252 2010 430 2044 708-722
464 2007 603 2042 alienos
636 2017 713 2041 esse
744 2004 925 2039 intellexit
952 2006 1037 2050 post
1068 2000 1241 2036 Botln'um
1274 1999 1469 2044 Lanqenus
1497 1996 1590 2032 stud.
1616 1994 1736 2030 Plaut.
1762 1993 1842 2027 283
1853 2002 1920 2038 sq„

251 2064 314 2111 qui
339 2061 626 2109 dittoqrccplziam
652 2072 728 2097 esse
752 2061 851 2096 dixit
873 2070 1039 2096 versuum
1068 2058 1266 2093 723-741.
1303 2055 1369 2091 sed
1383 2059 1416 2090 et
1434 2055 1527 2089 inter
1551 2052 1626 2087 707
1639 2055 1674 2086 et
1693 2050 1764 2085 723
1781 2047 1921 2095 aliquid

252 2120 479 2156 desideratur
503 2123 537 2154 et
561 2116 812 2163 (littoqraplzia
844 2117 984 2152 videtur
1016 2116 1122 2151 etiam
1149 2114 1282 2149 cantici
1305 2112 1384 2147 loco
1415 2110 1539 2157 posita
1568 2108 1687 2154 fuisse
1779 2107 1842 2140 723
1866 2105 1923 2151 <ο>

251 2177 300 2213 1111
325 2176 520 2222 Lan-oenus
613 2176 679 2208 724
701 2177 787 2219 post
810 2173 868 2208 hic
893 2182 1033 2208 erasum
1057 2172 1149 2217 fort.
1169 2179 1302 2216 quaero
1330 2168 1363 2203 B
1457 2169 1520 2201 725
1547 2173 1618 2210 qua
1642 2173 1691 2198 ex
1708 2172 1779 2207 quo
1799 2161 1833 2196 B

252 2233 366 2270 aestio
386 2232 431 2274 B,
458 2232 572 2267 aestio
597 2230 685 2272 VE';
710 2229 882 2277 suppleas
907 2228 1005 2263 velut
1027 2229 1095 2272 <ac
1111 2227 1276 2273 pluribus
1299 2222 1562 2272 m>aestit<iam
1587 2221 1685 2264 dat),
1707 2219 1785 2255 scil.
1809 2218 1923 2264 scrip-

253 2295 327 2324 tum
351 2288 575 2325 maestieiam
667 2287 710 2322 L.
728 2285 905 2332 Pylades:
929 2295 997 2319 om.
1093 2283 1179 2329 quid
1195 2283 1258 2317 id?
1283 2282 1454 2327 quidnam
1478 2279 1558 2314 est?
1584 2277 1635 2322 cf.
1655 2274 1764 2322 Epid.
1787 2275 1836 2309 50

257 2348 321 2381 726
338 2345 511 2393 suppleas
527 2343 747 2390 (concinnat
759 2341 915 2386 malum>
929 2341 1012 2386 fere
1026 2350 1106 2375 cum
1120 2339 1301 2375 Sclzoellio
1382 2345 1574 2372 memorem
1596 2331 1666 2368 VE
1744 2334 1808 2366 727
1822 2339 1923 2366 mens

253 2403 309 2438 Β2
406 2405 470 2437 ’128
494 2400 693 2437 maleficam
711 2398 878 2434 Isidorus
902 2408 1043 2433 sensam
1068 2407 1141 2432 non
1165 2395 1273 2432 verba
1296 2393 1451 2429 reddens
1475 2391 1568 2437 oriq.
1593 2390 1652 2431 12,
1671 2390 1703 2430 5,
1723 2388 1745 2422 9
1836 2385 1924 2431 quin

254 2460 352 2505 (quid
387 2458 438 2501 E)
474 2468 575 2499 nam,
610 2467 706 2492 corr.
741 2454 992 2494 Camerarius,·
1025 2453 1099 2488 nisi
1124 2452 1201 2498 fuit
1230 2461 1420 2497 quemnam
1452 2447 1518 2491 (of.
1548 2446 1635 2487 708)
1773 2444 1837 2477 729
1870 2441 1920 2487 cf.

256 2516 396 2552 Paulus
412 2516 480 2550 112
504 2513 700 2556 (inuoluus)
793 2510 984 2556 inpanpini
1009 2512 1112 2556 (post
1135 2508 1174 2543 ni
1197 2517 1288 2542 eras.
1314 2511 1354 2541 ut
1378 2505 1446 2540 vid.
1467 2503 1507 2538 ni
1525 2501 1570 2544 B,
1594 2501 1678 2546 imp.
1705 2499 1753 2541 V)
1777 2496 1923 2540 BVa'2,

255 2572 440 2618 inparpini
473 2571 522 2607 Ει
615 2569 690 2605 filio
731 2567 819 2603 B¹V
910 2568 973 2600 730
1006 2565 1200 2600 exordetur
1293 2565 1354 2598 731
1389 2559 1530 2596 cistella
1562 2557 1605 2600 V,
1636 2555 1812 2592 cistellam
1844 2551 1925 2596 BE,

256 2641 352 2666 corr.
378 2628 567 2665 Bentleius
673 2625 733 2661 hic
837 2621 1049 2658 adolescens
1078 2621 1110 2656 Β
1218 2622 1283 2654 732
1309 2627 1424 2654 cauea
1447 2614 1616 2661 Pylades,
1640 2616 1736 2647 recte
1759 2615 1800 2646 ut
1817 2613 1927 2656 puto,

257 2696 372 2732 neque
408 2685 501 2720 enim
536 2683 724 2729 sequentia
761 2679 945 2726 quadrant
975 2681 1008 2714 et
1039 2681 1128 2724 post
1163 2675 1325 2721 oportuit
1360 2671 1583 2709 intercidisse
1617 2668 1782 2704 videntur
1817 2665 1925 2701 verba

259 2742 429 2777 Haliseae
460 2738 712 2786 respondentis
742 2740 778 2772 et
801 2734 1062 2782 Lampadionis
1093 2731 1356 2777 interr-wantis
1387 2728 1476 2776 quid
1503 2726 1660 2773 infuerit
1796 2725 1862 2757 734
1883 2723 1925 2757 tu

258 2799 388 2834 seclusi
527 2799 590 2831 735
625 2795 734 2830 scire:
768 2803 892 2828 sorore
926 2791 958 2826 V
988 2795 1022 2826 et
1052 2790 1217 2825 similiter
1246 2787 1293 2822 Ει
1434 2787 1498 2819 736
1530 2783 1578 2818 ad
1611 2780 1692 2824 VE,
1724 2790 1746 2816 3,
1766 2793 1782 2810 ve
1803 2777 1838 2814 B

261 2859 323 2890 737
349 2854 531 2890 mecedem
556 2852 606 2888 Β1
702 2853 765 2885 738
790 2849 959 2896 quoidam
983 2851 1075 2889 (cum
1100 2846 1161 2881 det
1185 2842 1487 2889 coniunqendum)
1517 2840 1567 2875 B2
1593 2849 1670 2874 var.
1691 2836 1731 2871 l..·
1757 2833 1840 2880 quoi
1863 2833 1926 2868 dat

2014 1186 2018 1211 1
