2018 3183
244 79 292 116 27
300 78 323 115 8
988 74 1169 110 PLAVTI
1732 73 1746 101 1
1764 75 1789 106 ι.
1803 74 1905 103 73-96

242 194 337 234 SEL.
388 194 443 231 Ad
476 193 586 231 istam
619 190 754 230 faeiem
786 196 844 229 est
875 188 1049 235 morbus,
1081 188 1146 239 qui
1178 200 1253 235 me,
1283 200 1367 226 mea
1400 187 1663 239 Gymnasium,
1695 194 1875 226 macerat.

243 261 389 301 GYMN.
441 259 676 298 Perfidiosus
707 262 766 296 est
796 258 929 296 Amor.
989 256 1084 296 SEL.
1136 255 1239 306 Ergo
1272 255 1310 293 in
1344 257 1406 293 me
1437 255 1658 306 peculatum
1691 255 1792 293 facit.

242 327 389 368 GYMN.
439 326 549 364 Bono
581 325 712 363 animo
744 336 797 370 es,
829 322 901 362 erit
932 322 993 362 isti
1025 322 1164 361 morbo
1196 322 1347 361 melius.
1393 321 1489 361 SEL.
1540 321 1741 361 Confidam
1773 322 1869 368 fore,

242 395 273 434 si
296 393 470 432 medicus
491 392 620 431 veniat
651 391 716 441 qui
747 390 838 429 huic
861 388 998 428 morbo
1022 390 1149 429 facere
1170 388 1403 428 medicinam
1433 395 1575 440 potest.

243 461 389 501 GYMN.
436 460 585 498 Veniet.
645 458 740 498 SEL.
786 456 963 509 Spissum
980 456 1080 495 istuc
1096 456 1241 495 amanti
1259 461 1317 495 est
1332 455 1507 502 verbum,
1530 457 1671 504 veniet,
1695 456 1768 495 uisi
1791 457 1907 496 venit.
1938 465 1974 495 75

243 528 308 568 sed
343 540 414 578 ego
446 539 530 566 mea
563 525 675 577 culpa
708 532 746 564 et
776 524 936 564 stultitia
966 524 1078 575 peius
1110 524 1249 563 misera
1280 535 1468 570 maceror,

245 607 363 646 quom
396 607 468 645 ego
501 594 609 632 illum
639 605 762 632 unum
794 592 846 631 mi
877 591 1067 643 exoptavi,
1100 592 1260 642 quicum
1289 596 1452 629 aetatem
1485 591 1678 641 degerem.

245 663 381 702 LENA.
433 661 632 700 Matronae
664 660 787 712 magis
818 659 1106 698 conducibilest
1136 659 1247 705 istuc,
1281 670 1363 696 mea
1394 658 1607 705 Selenium,

247 742 370 769 unum
404 741 532 768 amare
564 734 601 767 et
631 730 722 766 ct'tm
754 740 799 766 eo
831 733 996 766 aetatem
1028 726 1184 777 exigere
1216 725 1307 776 quoi
1341 732 1500 777 nuptast
1529 725 1660 764 semel.

247 808 380 835 verum
413 796 516 835 enim
549 795 732 834 meretrix
766 794 952 833 fortunati
986 800 1044 832 est
1076 793 1210 844 oppidi
1241 792 1456 831 simillima:
1941 800 1979 831 so

247 877 327 903 non
361 870 490 915 potest
519 875 628 902 suam
661 874 743 901 rem
775 862 955 901 obtinere
986 861 1065 899 sola
1097 860 1181 899 sine
1214 859 1344 899 multis
1375 860 1477 899 viris.

247 932 342 972 SEL.
394 930 477 968 Hoc
508 930 592 968 volo
624 929 757 980 agatis.
820 940 894 980 qua
925 927 1136 967 accersitae
1169 939 1282 966 causa
1314 927 1358 965 ad
1392 939 1454 966 me
1488 928 1591 974 estis,
1623 926 1796 978 eloquar.

250 1011 341 1039 nam
372 1010 455 1037 mea
486 1003 621 1043 mater,
655 996 743 1047 quia
776 1008 847 1046 ego
882 995 973 1033 nolo
1005 1007 1066 1033 me
1098 994 1347 1033 meretricem
1378 994 1511 1041 dicier,

249 1066 471 1105 obsecutast
501 1065 547 1103 de
579 1076 622 1103 ea
654 1076 708 1110 re,
740 1063 859 1114 gessit
889 1074 1037 1101 morem
1069 1062 1289 1114 morigerae
1319 1061 1427 1109 mihi,

247 1140 291 1173 ut
320 1146 393 1177 me,
426 1134 542 1183 quem
574 1144 646 1183 ego
677 1142 847 1170 amarem
879 1130 1059 1181 graviter,
1091 1130 1240 1169 sineret
1272 1131 1360 1167 clim
1393 1141 1438 1167 eo
1470 1129 1610 1167 vivere.
1943 1139 1980 1171 85

248 1201 385 1242 LEM.
437 1200 560 1239 Stulte
591 1205 744 1238 ecastor
774 1198 878 1237 fecit.
939 1197 1005 1236 sed
1038 1203 1078 1236 tu
1111 1208 1348 1247 enumquam
1381 1208 1470 1235 cum
1502 1196 1689 1247 quiquam
1720 1195 1800 1234 viro

251 1266 517 1309 consuevisti?
577 1267 672 1307 SEL.
723 1266 804 1305 Nisi
837 1265 992 1316 quidem
1025 1276 1114 1303 cum
1146 1264 1448 1310 Alcesimarcho,
1484 1263 1653 1304 nemine.

253 1348 383 1387 neque
406 1335 629 1387 pudicitiam
662 1346 784 1373 meam
819 1333 870 1371 mi
902 1332 1000 1371 alius
1032 1332 1236 1382 quisquam
1269 1331 1478 1370 imminuit.
1535 1331 1672 1370 LEM.
1725 1329 1914 1377 Obsecro,

251 1406 328 1455 quo
358 1404 390 1443 is
421 1403 537 1441 homo
568 1401 780 1441 insinuavit
810 1407 925 1452 pacto
957 1413 998 1439 se
1029 1400 1075 1438 ad
1107 1398 1174 1438 te?
1234 1400 1329 1439 SEL.
1381 1399 1457 1438 Per
1488 1398 1670 1450 Dionysia

250 1477 375 1510 mater
404 1482 586 1522 pompam
618 1482 679 1508 me
710 1475 929 1520 spectatum
961 1467 1080 1507 duxit.
1140 1467 1231 1506 dum
1262 1467 1380 1506 redeo
1413 1466 1585 1514 domum,
1946 1478 1984 1510 90

251 1538 480 1590 conspicillo
513 1543 767 1577 consecutust
798 1536 1020 1575 clanculum
1052 1547 1114 1573 me
1145 1547 1270 1585 usque
1301 1534 1347 1572 ad
1380 1535 1498 1573 sores,

252 1607 343 1646 inde
375 1607 413 1646 in
448 1605 655 1644 amicitiam
687 1603 898 1643 insinuavit
928 1615 1015 1641 cum
1048 1608 1172 1641 matre
1203 1608 1242 1641 et
1271 1614 1425 1641 mecum
1456 1601 1571 1641 simul

252 1673 462 1720 blanditiis,
494 1672 736 1718 muneribus,
768 1671 894 1710 donis.
940 1671 1077 1710 LENA.
1111 1669 1202 1708 Mihi
1234 1669 1365 1708 istunc
1395 1669 1533 1708 vellem
1564 1669 1763 1707 hominem
1794 1668 1889 1714 dari,

252 1748 295 1781 ut
325 1754 396 1793 ego
429 1740 535 1779 illum
567 1739 785 1779 vorsareml
832 1739 928 1778 SEL.
979 1736 1079 1783 Quid
1112 1743 1228 1789 opust
1259 1735 1414 1782 verbis?
1453 1735 1740 1775 consuetudine

367 1889 407 1920 75
433 1886 531 1920 istud
548 1884 592 1927 P,
618 1887 649 1918 A
668 1897 702 1919 n.
722 1884 745 1920 l.
841 1887 879 1918 77
908 1893 1013 1928 quom
1032 1884 1082 1917 A:
1107 1882 1193 1927 quia
1210 1881 1245 1916 P
1333 1892 1444 1916 unum
1467 1892 1534 1916 om.
1558 1881 1590 1916 A
1683 1882 1803 1916 aetate
1820 1878 1855 1913 P

253 1946 295 1977 79
323 1942 494 1988 e23[ige1·]e
517 1942 606 1977 AB:
635 1942 737 1986 exige
771 1939 830 1975 VE
943 1941 1075 1974 80—85
1100 1938 1244 1984 priores
1267 1948 1433 1973 versuum
1454 1941 1582 1984 partes
1605 1937 1776 1982 lequntur
1799 1937 1830 1971 A

253 2002 294 2034 80
320 1999 445 2042 fortun
465 2019 508 2023 —-—
524 2000 632 2033 etiam
657 1999 711 2039 A,·
734 1996 898 2032 desidero
925 1995 1124 2040 oppugnati
1218 1994 1316 2038 opidi
1351 1993 1426 2036 VE,
1451 1996 1482 2029 A
1506 2006 1542 2029 n.
1560 1994 1582 2029 l.
1700 1994 1742 2027 82
1766 1992 1847 2027 volo
1871 1991 1922 2026 P:

251 2067 302 2100 nu
326 2075 369 2079 ——
394 2058 425 2090 A
541 2057 583 2089 83
608 2054 822 2089 meriti-icem
848 2052 884 2087 B
999 2051 1108 2086 ditier
1144 2051 1186 2095 V,
1211 2051 1339 2086 dictier
1363 2050 1399 2085 E
1493 2053 1535 2085 84
1561 2050 1787 2092 obsecutast,
1810 2048 1922 2092 gessit

251 2122 386 2147 morem
411 2111 542 2156 oramti
558 2112 781 2155 m]o[rigerae
797 2109 896 2151 mihi]
914 2109 945 2144 A
969 2112 1007 2143 ut
1032 2107 1172 2143 videtur
1195 2107 1328 2149 (oranti
1351 2105 1619 2142 Studemundus
1642 2105 1824 2152 explevit),
1848 2115 1921 2140 non

252 2168 395 2209 melius,
425 2167 564 2202 etiamsi
593 2167 769 2210 morigere
799 2164 947 2199 scribas.
997 2164 1041 2199 de
1074 2174 1118 2199 ea
1144 2174 1184 2199 re
1216 2164 1267 2209 of.
1300 2162 1431 2198 Pseud.
1456 2163 1530 2197 123
1561 2163 1638 2198 sim.
1756 2164 1797 2197 86
1829 2172 1920 2197 nun-

254 2234 361 2269 quam
387 2223 438 2257 ΒΞ
529 2234 611 2268 qum
629 2223 660 2258 A
753 2225 792 2256 87
821 2221 1107 2256 alchesimarcho
1133 2219 1177 2263 P,
1202 2219 1532 2261 [alce1ssimar[ch]o
1557 2220 1588 2254 A
1659 2221 1701 2255 88
1725 2230 1793 2255 nec
1815 2220 1921 2264 pudi-

254 2279 376 2315 citiam
411 2279 591 2314 imminuit:
627 2289 742 2314 meam
775 2278 863 2312 mihi
899 2277 1088 2322 quisquam
1120 2276 1250 2317 [auius.
1276 2278 1305 2318 ἢ
1332 2285 1482 2319 opsecro
1507 2276 1538 2310 A
1567 2286 1642 2310 non
1674 2275 1832 2311 deterius

255 2338 297 2370 89
322 2335 479 2371 dionisia
506 2334 586 2376 BE,
610 2334 776 2380 dyonisia
810 2333 850 2375 V,
874 2335 906 2368 A
931 2345 965 2369 n.
991 2333 1014 2368 l.
1108 2333 1243 2366 90-92
1268 2331 1373 2366 initia
1396 2335 1433 2366 et
1455 2331 1582 2366 ultima
1607 2332 1776 2377 {equatur
1800 2332 1832 2368 A

255 2394 296 2426 91
329 2391 561 2436 conspicio—
584 2393 633 2432 A,
665 2401 712 2425 an
742 2391 917 2436 scriptum
940 2390 1015 2434 suit
1048 2387 1232 2432 conspicio
1265 2387 1390 2421 illum?
1421 2388 1473 2432 cf.
1507 2387 1636 2423 Par-as.
1667 2389 1757 2424 med.
1787 2389 1864 2435 frq.
1890 2391 1922 2431 1,

255 2458 355 2493 corp.
374 2448 482 2492 qloss.
502 2449 534 2490 5,
551 2449 607 2482 15.
627 2448 676 2481 58
769 2449 986 2482 consecutus
1004 2448 1059 2480 est
1151 2447 1192 2478 93
1219 2454 1289 2485 GY„
1307 2454 1402 2478 corr.
1422 2443 1580 2479 Botlzc'us
1673 2444 1774 2488 [mihi
1789 2445 1922 2486 i]stunc

256 2504 413 2551 u[e1]lem
436 2504 644 2550 h9[mi]nem
668 2502 748 2538 dari
772 2503 821 2537 A:
853 2501 940 2537 mihi
963 2502 1073 2537 istum
1102 2501 1282 2536 hominem
1307 2500 1435 2535 uellem
1468 2500 1548 2535 dari
1572 2499 1607 2534 P
1697 2503 1843 2536 89—93
1869 2502 1921 2546 cf.

257 2560 453 2596 Menandri
467 2561 544 2607 ίῳ.
565 2561 638 2594 558
655 2557 701 2593 Is.
720 2558 954 2603 (πυθομένου
971 2552 1043 2604 γάρ
1063 2570 1164 2599 τινος
1179 2554 1297 2603 κόρης
1315 2559 1395 2598 πῶς
1412 2553 1467 2602 εἴη
1484 2556 1751 2603 διεφθαρμένη,
1776 2561 1924 2604 σεμνῶς

258 2612 481 2663 ἀφηγήσατο
507 2619 664 2663 πρᾶγμα
698 2615 860 2662 αἰσχρὸν
892 2611 1056 2659 ὀνόμασι
1087 2615 1302 2661 βελτίστοις
1330 2612 1608 2658 Hermoqenes):
1642 2615 1855 2650 Διονυσίων
1879 2608 1924 2660 ἦν

259 2670 392 2719 πομπή
417 2673 538 2713 (verba
563 2672 752 2719 compendi
775 2673 906 2718 sacta),
932 2667 952 2707 ὃ
972 2671 1010 2707 δέ
1029 2667 1066 2715 μ’
1084 2666 1345 2717 ἠκολούθησεν
1361 2668 1470 2715 μέχρι
1492 2672 1561 2706 τοῦ
1579 2667 1678 2717 πρὸς
1694 2666 1763 2716 τὴν
1778 2667 1920 2716 θύραν·

263 2731 268 2772 l
288 2727 416 2767 ἔπειτα
442 2733 588 2775 φοιτῶν
611 2732 675 2765 καὶ
699 2727 920 2766 κολακεύων
945 2725 1012 2774 τὴν
1028 2726 1171 2774 μητέρα
1197 2723 1294 2773 ἔγνω
1318 2738 1377 2769 με,
1401 2726 1463 2761 ubi
1478 2724 1545 2770 ἐμέ
1561 2739 1602 2763 τε
1618 2728 1686 2762 καί
1703 2730 1788 2772 post
1810 2729 1924 2763 κολα-

259 2784 381 2822 κεύων
397 2786 539 2821 addidit
559 2786 759 2827 Dobramcs,
777 2785 893 2832 plura
911 2786 1003 2820 inlex·
1027 2785 1092 2820 καί
1115 2788 1149 2818 ec
1172 2779 1393 2818 κολακεύων
1418 2783 1550 2817 omissa
1574 2793 1652 2819 esse
1668 2782 1834 2818 videntur

262 2844 304 2875 94
329 2852 419 2886 opus
445 2844 499 2877 est
524 2841 557 2877 P
