2003 3188
195 77 248 113 46
934 72 1115 108 PLAVTI
1676 74 1705 101 v
1718 75 1743 108 1,
1763 74 1864 103 *ts-48

201 198 318 242 atque
349 190 449 229 illam
483 190 660 241 geminos
692 188 790 227 filios
906 199 1050 239 pueros
1081 187 1280 238 peperisse
1310 186 1543 239 conspicor;
1880 196 1954 233 1070

202 271 330 310 neque
354 264 531 297 nostrum
564 257 767 307 quisquam
790 255 1000 299 sensimus,
1116 267 1234 306 quom
1266 255 1432 306 peperit,
1465 267 1591 306 neque
1613 255 1862 307 providimus,

285 326 350 365 sed
384 325 473 375 quid
506 322 609 362 hoc?
650 322 736 373 quis
767 322 830 360 hic
861 324 919 361 est
949 334 1082 369 senex,
1113 322 1180 372 qui
1210 328 1300 361 ante
1331 322 1435 361 aedis
1466 329 1619 362 nostras
1649 326 1704 362 sic
1735 322 1862 362 iacet?

644 402 830 428 numnam
862 390 970 428 luinc
1001 389 1192 442 percussit
1222 388 1425 442 Iuppiter?

200 459 316 498 eredo
349 457 500 509 edepol,
533 469 634 504 nam,
667 469 737 508 pro
769 456 959 508 luppiter,
1074 458 1269 508 septiltust
1298 457 1407 508 quasi
1437 457 1486 496 sit
1517 459 1706 496 mortuos.

202 526 265 565 ibo
290 532 326 564 et
348 537 595 576 cognoscam,
627 524 803 575 quisquis
826 531 894 563 est.
983 525 1217 576 Amphitruo
1245 525 1307 564 hic
1329 524 1485 576 quidem
1507 522 1610 578 <est>
1630 527 1721 564 erus
1739 534 1953 569 meus.10·t5

199 592 445 643 Amphitruo.
467 591 518 632 A.
537 592 650 630 Perii.
672 591 718 631 B.
735 592 872 642 Surge.
892 591 1102 633 A.lnterii.
1124 592 1170 632 B.
1184 592 1286 631 Cedo
1298 604 1470 631 manum.
1487 591 1716 638 A.Quisme
1727 590 1863 631 tenet?

197 659 273 700 BR.
325 659 406 698 Tua
437 659 591 698 Bromia
623 659 774 698 ancilla.
832 659 920 700 AM.
971 660 1092 700 Totus
1122 661 1254 707 timeo,
1285 663 1336 698 ita
1368 673 1429 699 me
1460 660 1655 712 increpuit
1675 658 1863 711 Iuppiter.

201 740 275 766 nec
307 739 420 766 secus
451 733 520 772 est,
553 727 661 777 quasi
693 727 724 766 si
757 726 804 765 ab
836 728 1060 767 Acherunte
1091 728 1254 767 veniam.
1305 728 1371 767 sed
1403 728 1495 778 quid
1526 735 1568 767 tu
1600 729 1703 766 foras

199 807 353 847 egressa
385 794 455 834 es?
513 795 653 835 BROM.
704 794 847 834 Eadem
881 808 954 835 nos
984 796 1150 834 formido
1181 795 1333 835 timidas
1363 802 1514 835 terrore
1545 796 1699 848 impulit

197 863 237 902 in
271 863 442 910 aedibus,
475 869 515 902 tu
547 862 614 901 ubi
646 862 809 902 habitas.
862 863 978 902 nimia
1011 864 1106 902 mira
1137 864 1224 903 vidi.
1276 876 1342 903 vae
1373 864 1478 911 mibi,
1879 869 1953 903 1080

199 930 444 982 Amphitruo,
476 934 525 969 ita
547 931 640 969 mihi
663 931 816 970 animus
842 931 956 971 etiam
991 945 1097 971 nunc
1127 932 1247 971 abest.
1307 931 1451 972 ΑΜΡΗ.
1496 932 1669 983 Agedum
1703 932 1861 984 expedi:

196 998 279 1036 scin
295 1005 475 1037 metuom
486 1011 570 1038 esse
583 1011 691 1037 erum
705 998 1059 1051 Amphitruonem?
1080 1000 1126 1040 B.
1145 1000 1246 1039 Scio.
1266 999 1316 1040 A.
1330 999 1423 1038 Vide
1436 1000 1549 1038 etiam
1563 1012 1681 1038 nunc.
1697 999 1743 1040 B.
1759 999 1861 1038 Scio.

195 1065 343 1106 AMPH.
395 1066 498 1105 Haec
529 1067 609 1106 sola
640 1080 774 1106 sanam
804 1074 976 1107 mentem
1009 1074 1134 1119 gestat
1163 1080 1340 1107 meorum
1373 1068 1631 1107 familiarium.

198 1133 337 1174 BROM.
390 1134 511 1172 Immo
534 1147 671 1174 ornnes
692 1135 774 1174 sani
796 1142 889 1175 sunt
920 1137 1110 1187 profecto.
1170 1135 1221 1176 A.
1272 1138 1318 1174 At
1339 1148 1400 1174 me
1430 1148 1528 1174 uxor
1559 1136 1740 1175 insanum
1770 1136 1863 1175 facit

195 1201 274 1239 suis
308 1201 431 1241 foedis
462 1203 583 1242 sactis.
642 1203 784 1243 BROM.
835 1205 883 1243 At
913 1217 985 1255 ego
1019 1204 1166 1251 faciam,
1197 1210 1239 1242 tu
1271 1204 1370 1243 idem
1402 1209 1445 1242 ut
1475 1204 1586 1242 aliter
1615 1204 1828 1256 praedices,
1879 1209 1952 1243 1085

253 1255 495 1320 Amphitruo,
528 1271 629 1323 piam
663 1278 700 1310 et
729 1272 908 1324 pudicam
941 1275 1025 1312 esse
1057 1278 1160 1311 tuam
1192 1284 1353 1311 uxorem
1386 1277 1429 1311 ut
1459 1271 1570 1311 scias.

252 1336 299 1375 de
335 1350 377 1377 ea
408 1350 450 1376 re
481 1339 591 1390 signa
623 1345 738 1391 atque
769 1346 999 1390 argumenta
1031 1340 1164 1391 paucis
1195 1340 1321 1379 verbis
1352 1340 1523 1391 eloquar.

252 1405 426 1444 omnium
459 1407 648 1458 primum:
681 1408 893 1447 Alcumena
925 1409 1104 1460 geminos
1135 1409 1287 1460 peperit
1318 1408 1429 1447 filios.

249 1471 300 1512 A.
322 1473 395 1511 Ain
413 1479 468 1521 tu,
484 1474 690 1527 geminos?
720 1475 766 1515 B.
790 1476 988 1515 Geminos.
1032 1476 1082 1517 A.
1107 1476 1151 1515 Di
1168 1488 1229 1515 me
1246 1482 1414 1515 servant.
1459 1475 1505 1516 B.
1529 1475 1622 1514 Sine
1638 1487 1700 1514 me
1718 1474 1860 1520 dicere,

251 1546 295 1578 ut
325 1541 424 1580 scias
455 1542 524 1581 tibi
557 1549 723 1594 tuaeque
755 1544 865 1582 uxori
897 1544 990 1583 deos
1022 1556 1106 1583 esse
1137 1544 1264 1583 omnis
1295 1543 1499 1595 propitios.
1878 1547 1953 1581 1090

249 1606 396 1649 AMPH.
437 1609 628 1661 Loquere.
678 1611 817 1652 BROM.
864 1611 1074 1663 Postquam
1105 1612 1297 1663 parturire
1328 1611 1442 1650 hodie
1475 1624 1572 1650 uxor
1602 1610 1754 1662 occepit
1783 1616 1861 1657 tua,

252 1676 317 1714 ubi
349 1683 461 1716 utero
493 1679 617 1717 exorti
649 1679 815 1727 dolores,
849 1688 890 1719 ut
920 1680 1048 1719 solent
1078 1692 1295 1731 puerperae

251 1744 406 1784 invocat
436 1746 529 1786 deos
559 1747 809 1795 immortales,
842 1753 884 1787 ut
914 1747 987 1786 sibi
1019 1747 1203 1786 auxilium
1235 1748 1374 1794 serant,

253 1812 434 1853 manibus
466 1814 587 1865 puriS,
619 1815 745 1866 capite
776 1821 927 1867 operto.
980 1815 1031 1854 ibi
1064 1815 1253 1854 continuo
1285 1821 1473 1854 contonat

252 1881 384 1919 sonitu
419 1893 620 1931 maxumo;
652 1883 766 1922 aedes
796 1883 922 1935 primo
954 1895 1069 1923 ruere
1100 1883 1284 1922 rebamur
1315 1889 1412 1922 tuas.
1878 1887 1951 1920 1095

252 1948 367 1988 aedes
398 1956 500 1990 totae
532 1951 812 2002 confulgebant
841 1957 943 1998 tuae,
977 1951 1086 2002 quasi
1117 1957 1249 1990 essent
1278 1962 1430 1990 aureae.

251 2016 400 2058 AMPH.
446 2017 599 2063 Quaeso
631 2019 819 2058 absolvito
851 2018 944 2057 hinc
974 2031 1036 2057 me
1067 2019 1273 2070 extemplo,
1307 2018 1463 2069 quando
1495 2017 1586 2057 satis
1616 2015 1818 2056 deluseris.

252 2085 344 2135 quid
376 2086 418 2124 fit
447 2084 615 2125 deinde?
663 2086 803 2126 BROM.
849 2086 949 2125 Dum
980 2087 1074 2125 haec
1105 2093 1287 2138 aguntur,
1319 2087 1466 2125 interea
1498 2097 1661 2125 uxorem
1697 2090 1804 2123 tuam

255 2165 385 2204 neque
416 2161 637 2205 gementem
670 2167 797 2205 neque
828 2154 1047 2205 plorantem
1081 2160 1257 2194 nostrum
1290 2155 1494 2205 quisquam
1525 2152 1759 2200 audivimus;

255 2220 306 2259 ita
337 2222 515 2272 profecto
547 2222 630 2261 sine
662 2222 797 2261 dolore
828 2222 991 2273 peperit.
1051 2222 1199 2263 AMPH.
1250 2222 1329 2262 Iam
1361 2222 1460 2262 istuc
1490 2221 1654 2272 gaudeo,
1874 2227 1949 2261 1100

313 2388 391 2420 1071
416 2396 468 2431 sq.
502 2386 593 2432 disp.
626 2397 742 2431 neque
774 2408 815 2411 —
848 2387 1022 2432 peperit!
1050 2397 1166 2432 neque
1200 2407 1241 2412 —
1274 2397 1385 2423 senex
1411 2387 1415 2431 Ι
1445 2386 1505 2431 qui
1537 2406 1581 2410 —
1605 2384 1770 2430 Iuppiter

197 2444 283 2477 1074
309 2443 489 2487 sepultust
516 2443 568 2478 B:
598 2444 762 2488 sepultus
787 2446 841 2479 est
865 2443 919 2486 E,
945 2443 1107 2488 sepultus
1132 2444 1188 2485 D;
1215 2443 1326 2479 dictio
1356 2448 1525 2489 suspecta
1666 2444 1751 2475 1075
1779 2450 1860 2486 cog-

191 2508 302 2533 nosco
327 2498 362 2533 B
453 2499 608 2544 (atque)
624 2501 668 2534 A.
695 2499 872 2535 Luchsc'us
904 2511 1028 2535 comm.
1054 2511 1160 2546 pros.
1192 2502 1235 2542 2,
1267 2501 1312 2535 14
1415 2498 1517 2544 (est)
1544 2497 1770 2534 Camerarius

196 2558 280 2590 1078
315 2556 511 2591 acheronte
650 2559 734 2592 1079
769 2567 894 2601 egessa.
920 2556 990 2591 BD
1131 2559 1211 2592 1081
1246 2557 1283 2591 in
1315 2555 1451 2591 hiatum
1483 2554 1575 2590 nihil
1592 2553 1784 2600 probabile
1808 2553 1861 2587 in-

192 2616 333 2646 ventum
474 2615 559 2648 1083
590 2623 733 2649 saccam
766 2614 815 2656 B,
845 2624 985 2649 saroam
1010 2612 1098 2655 DE,
1133 2624 1229 2648 corr.
1267 2612 1496 2648 Camerarius
1531 2611 1609 2657 (qui
1640 2609 1791 2646 coniecit
1826 2612 1863 2644 et

193 2668 325 2703 siccam
357 2669 412 2705 vel
440 2672 592 2713 sartam,
622 2675 788 2706 neutram
817 2675 929 2712 recte,
967 2669 1067 2716 quod
1098 2672 1303 2715 sequentem
1334 2679 1473 2705 versum
1505 2667 1634 2703 docere
1668 2666 1741 2701 iam
1776 2665 1859 2700 Aei-

193 2724 313 2759 dalius
337 2725 443 2767 discit)
567 2729 721 2762 mentem
747 2737 813 2762 om.
841 2726 877 2761 E
1006 2737 1143 2762 morum
1161 2725 1206 2768 D,
1230 2736 1390 2761 mearum
1419 2725 1462 2768 Β,
1485 2735 1565 2760 mea
1590 2723 1633 2765 Ε,
1657 2733 1752 2758 corr.
1777 2722 1859 2757 Aci·

191 2779 311 2815 dalius
450 2784 535 2817 1086
566 2792 645 2818 esse
676 2786 777 2818 tuam
808 2782 858 2817 E:
889 2785 987 2818 tuam
1018 2793 1097 2818 esse
1122 2782 1175 2823 B,
1200 2793 1279 2818 esse
1305 2780 1358 2823 D,·
1390 2780 1442 2826 cf.
1466 2781 1560 2815 1124
1699 2780 1785 2814 1092
1809 2777 1862 2813 ibi

198 2839 282 2871 1096
308 2837 406 2872 aedis
498 2842 601 2874 tuae:
625 2840 715 2883 fort.
741 2842 817 2874 tum
913 2842 997 2875 1098
1024 2839 1071 2874 sit
1095 2837 1169 2873 BE
