2003 3188
198 88 250 126 36
934 83 1116 120 PLAVTI
1559 83 1588 111 11
1600 83 1626 116 2,
1645 83 1775 112 218—111
1787 84 1812 117 1.
1832 84 1865 113 ιτ

197 204 301 243 ALc.
351 201 499 254 Edepol
531 213 591 239 me
623 199 768 239 libente
800 199 929 238 facies.
989 198 1136 239 AMPH.
1187 198 1287 244 Quid
1319 196 1401 237 ais?
1433 198 1628 250 responde
1660 197 1766 245 mihi,

199 271 293 323 quid
324 271 355 310 si
387 269 535 308 adduco
568 275 675 308 tuom
708 273 918 318 cognatum
950 266 1028 305 huc
1059 279 1078 305 a
1111 266 1196 305 navi
1228 266 1472 312 Naucratem,

199 339 265 391 qui
295 349 448 376 mecum
481 348 557 375 una
589 342 737 374 vectust
767 347 844 373 una
877 334 975 381 navi,
1007 341 1122 385 atque
1153 334 1185 373 is
1215 335 1246 373 si
1277 334 1445 385 denegat
1875 338 1934 372 850

199 407 299 446 sacta
331 417 429 456 quae
461 410 500 442 tu
535 404 631 442 sacta
663 403 768 449 dicis,
801 402 893 453 quid
924 401 992 440 tibi
1026 414 1190 452 aequom
1224 408 1281 441 est
1311 400 1425 440 fieri?

201 473 391 523 numquid
423 482 577 511 causam
610 470 719 517 dicis,
751 470 846 521 quin
880 476 916 508 te
948 470 1023 508 hoc
1053 469 1213 508 multem
1245 466 1525 508 matrimonio?

197 541 300 581 ALc.
351 540 391 578 Si
423 539 583 589 deliqui,
618 538 721 576 nulla
753 549 865 577 causa
897 544 968 576 est.
1027 537 1174 578 Azffn.
1225 537 1426 576 Convenit.
1477 542 1532 584 tu,
1565 535 1687 582 Sosia,

199 609 275 647 duc
305 607 379 646 hos
411 607 528 646 intro.
580 618 651 656 ego
684 606 758 645 huc
789 605 836 644 ab
870 606 954 644 navi
986 618 1137 644 mecum
1171 605 1359 644 adducam
1392 605 1634 644 Naucratem.
1665 627 1720 633 —

199 677 288 717 Sos.
320 675 433 714 Nunc
465 675 620 725 quidem
653 680 809 726 praeter
840 687 912 713 nos
944 686 1058 712 nemo
1091 681 1160 713 est.
1212 674 1273 712 dic
1305 674 1397 712 mihi
1427 685 1563 713 verum
1592 671 1712 711 serio:
1875 675 1931 708 855

200 743 335 794 ecquis
366 743 463 782 alius
495 743 601 782 Sosia
633 743 767 788 intust,
799 742 865 793 qui
897 742 972 780 mei
1004 742 1139 781 similis
1169 740 1271 781 siet?

199 811 303 852 ALc.
334 811 435 850 Abin
468 811 558 849 hinc
586 823 605 849 a
637 823 698 849 me
729 810 868 860 dignus
899 809 1058 848 domino
1090 807 1253 849 servos?
1312 809 1401 849 Sos.
1451 808 1572 857 Abeo,
1604 808 1636 847 si
1667 807 1787 848 iubes.
1810 831 1865 837 —

200 881 298 919 ALC.
329 878 450 918 Nimis
481 884 633 917 ecastor
662 878 815 916 facinus
847 877 988 916 mirum
1019 884 1089 923 est,
1122 877 1187 927 qui
1218 877 1271 916 illi
1305 876 1535 916 conlibitum
1566 876 1639 916 siet

201 959 287 986 meo
318 947 400 985 viro
431 946 486 985 sic
517 958 578 985 me
609 945 834 985 insimulare
865 945 959 984 salso
992 945 1144 984 facinus
1174 951 1251 984 tam
1284 945 1439 983 malum.

201 1014 388 1066 quidquid
420 1020 488 1058 est,
520 1014 594 1052 iam
626 1025 671 1052 ex
703 1013 894 1051 Naucrate
924 1018 1090 1063 cognato
1123 1013 1158 1050 id
1191 1024 1424 1063 cognoscam
1457 1024 1556 1051 meo.
1591 1035 1646 1041 —
1875 1011 1932 1044 860

895 1124 1165 1164 IVPPITER
1751 1123 1820 1163 111
1843 1125 1863 1163 1

459 1203 542 1255 Ego
574 1216 659 1242 sum
692 1203 754 1242 ille
786 1203 1032 1254 Amphitruo,
1065 1203 1125 1241 cui
1157 1210 1213 1242 est
1245 1214 1378 1242 servos
1410 1202 1531 1249 Sosia,

461 1272 560 1310 idem
593 1271 810 1310 Mercurius
841 1271 906 1322 qui
940 1272 992 1317 fit,
1026 1271 1182 1321 quando
1215 1270 1514 1317 commodumst,

458 1340 496 1378 in
530 1339 734 1390 superiore
766 1342 832 1389 qui
863 1339 995 1378 habito
1027 1338 1227 1383 cenaculo,

461 1408 526 1458 qui
557 1407 757 1446 interdum
788 1408 838 1446 fio
871 1407 1059 1458 luppiter,
1091 1407 1250 1458 quando
1282 1405 1411 1453 lubet;

459 1475 536 1514 huc
567 1482 695 1514 autem
728 1487 845 1526 quom
878 1475 1072 1525 extemplo
1103 1475 1310 1513 adventum
1343 1474 1520 1525 adporto,
1551 1474 1639 1514 ilico
1877 1484 1935 1518 865

461 1543 694 1594 Amphitruo
726 1543 775 1581 fio
808 1550 846 1582 et
876 1543 1055 1582 vestitum
1087 1543 1251 1582 immuto
1282 1554 1425 1581 meum.

466 1623 573 1650 nunc
603 1611 680 1650 huc
709 1611 873 1650 honoris
904 1611 1020 1649 vostri
1050 1611 1164 1649 venio
1196 1610 1330 1662 gratia,

466 1691 513 1717 ne
544 1679 646 1717 hanc
677 1679 896 1717 incohatam
927 1679 1138 1730 transigam
1168 1677 1429 1727 comoediam;

465 1746 579 1785 simul
610 1747 857 1793 Alcumenae,
890 1758 1003 1797 quam
1035 1747 1092 1784 vir
1121 1746 1318 1785 insontem
1349 1745 1485 1798 probri

466 1814 700 1865 Amphitruo
731 1820 900 1861 accusat,
932 1814 1018 1853 veni
1049 1820 1092 1853 ut
1121 1814 1305 1853 auxilium
1337 1815 1477 1852 seram:
1879 1811 1937 1845 870

465 1894 551 1920 nam
583 1894 667 1921 mea
699 1882 748 1921 sit
779 1882 904 1933 culpa,
937 1881 1040 1932 quod
1073 1888 1227 1933 egomet
1260 1882 1534 1928 contraxerim,

464 1949 494 1988 si
525 1949 563 1988 id
594 1949 831 1989 Alcumenae
862 1949 1065 1988 innocenti
1097 1956 1261 2001 expetat.

466 2026 572 2053 nunc
603 2015 928 2066 Amphitruonem
960 2021 1116 2061 memet,
1139 2018 1179 2053 ut
1212 2015 1347 2066 occepi
1378 2015 1510 2062 semel,

463 2094 547 2121 esse
577 2082 831 2129 adsimulabo,
863 2089 979 2133 atque
1009 2083 1049 2121 in
1083 2083 1222 2122 horum
1256 2082 1439 2122 familiam

463 2150 754 2189 frustrationem
787 2150 901 2189 hodie
932 2150 1086 2189 iniciam
1119 2162 1357 2198 maxumam3
1878 2150 1936 2185 875

462 2223 553 2267 post
583 2217 700 2268 igitur
731 2217 885 2257 demum
918 2218 1054 2257 faciam
1086 2230 1148 2256 res
1179 2219 1244 2256 fiat
1275 2217 1399 2269 palam

463 2291 579 2335 atque
611 2285 847 2323 Alcumenae
878 2286 915 2324 in
950 2292 1126 2336 tempore
1158 2285 1342 2324 auxilium
1373 2286 1493 2324 seram

316 2399 380 2431 849
405 2398 618 2430 naucratam
641 2394 779 2430 B¹D¹E
869 2399 932 2431 850
958 2399 1085 2431 uectus
1111 2400 1165 2431 est
1275 2399 1338 2431 854
1363 2397 1542 2431 abducam
1651 2399 1714 2432 855
1741 2407 1867 2432 uerum

200 2454 284 2489 item
310 2452 452 2488 Nonius
468 2452 532 2492 33;
556 2451 606 2496 cf.
625 2450 737 2486 Poen.
760 2453 833 2494 160,
858 2453 907 2487 ad
930 2452 1061 2487 Pseud.
1079 2454 1147 2487 340
1268 2455 1332 2488 856
1358 2453 1445 2487 meis
1474 2451 1598 2488 BD¹E
1725 2455 1787 2488 857
1813 2454 1866 2499 cf.

201 2509 313 2544 Poen.
343 2510 411 2543 376
549 2511 612 2543 858
647 2508 818 2544 conlitum
853 2508 978 2544 BD¹E
1112 2511 1177 2544 859
1202 2509 1351 2553 falsum,
1385 2520 1479 2543 corr.
1507 2508 1776 2544 Lindemamms

203 2568 264 2601 861
291 2566 468 2601 IVPPITER
493 2564 538 2606 B,
563 2565 734 2599 Iva'rssR
757 2575 807 2599 Dv
833 2564 868 2599 E
970 2565 1073 2600 cuius
1099 2564 1153 2606 E,·
1178 2565 1237 2600 cui
1261 2565 1283 2599 i.
1308 2576 1336 2600 e.
1362 2565 1482 2610 quoiei
1581 2567 1646 2600 862
1672 2565 1719 2600 sit
1743 2564 1779 2600 Ε

203 2623 427 2658 commodust
448 2621 493 2661 B,
519 2622 708 2656 comodust
733 2620 769 2654 E
790 2626 831 2656 ut
855 2621 923 2657 vid.
1017 2624 1083 2656 864
1103 2622 1196 2667 sort.
1222 2621 1285 2656 ubi
1308 2621 1431 2657 itidem
1455 2621 1521 2665 fio;
1548 2621 1618 2656 nisi
1642 2631 1766 2657 versus
1780 2633 1866 2669 spu-

200 2679 279 2713 rius
302 2683 356 2714 est
448 2681 512 2713 865
537 2689 606 2722 quo
698 2677 796 2713 illico
822 2677 896 2712 DE
985 2680 1050 2713 870
1075 2678 1249 2713 auxillum
1269 2677 1339 2713 BD
1432 2680 1496 2713 872
1521 2678 1738 2714 Alcumenas
1761 2679 1866 2715 inno-

203 2734 342 2770 centiae
367 2734 622 2770 Lachmannus
645 2734 708 2779 (cf.
734 2736 837 2775 486„
856 2734 980 2780 possis
1004 2744 1096 2779 quae
1119 2735 1292 2770 innocens
1318 2733 1366 2770 sit
1469 2737 1534 2770 873
1559 2734 1640 2770 med
1665 2733 1868 2781 Seyffertus

203 2790 302 2825 Ber-l.
318 2790 406 2837 phil.
425 2801 468 2826 m.
487 2791 585 2832 1893,
599 2792 666 2825 275
761 2793 826 2825 874
841 2791 1004 2836 (iterum)
1021 2801 1099 2826 esse
1117 2790 1374 2826 Fleckeisenus
1465 2793 1530 2826 875
1546 2790 1689 2826 initium
1704 2790 1777 2826 BE

203 2850 266 2881 877
293 2847 342 2892 cf.
371 2848 457 2882 1064
558 2847 709 2893 temperi
734 2846 961 2882 Abrahamus
984 2847 1077 2882 stud.
1104 2846 1159 2881 Pl.
1185 2847 1252 2882 202
