2018 3183
245 103 326 141 284
984 102 1162 139 PLAVTI
1615 103 1670 138 fig.
1684 103 1729 135 11;
1749 104 1772 129 A
1789 103 1842 131 101.
1856 103 1907 132 235

244 219 308 270 qui
341 219 496 258 faciant.
557 231 650 258 sane
682 230 753 268 ego
787 230 848 257 me
881 217 971 257 nolo
1003 218 1142 256 fortem
1178 216 1372 268 perhiberi
1403 217 1541 256 virum.

904 289 923 309 *
1232 287 1253 311 *

242 332 411 372 SERVVS
461 330 535 369 Sed
567 330 659 382 quid
690 329 820 369 istuc?
878 330 981 370 ALc.
1031 330 1129 369 Mala
1152 329 1270 369 multa
1301 329 1375 368 dici
1408 329 1499 368 mihi
1517 329 1615 368 volo.
1665 329 1793 370 SERV.
1824 328 1909 375 Qua

651 396 799 449 gratia?

242 466 344 504 ΑΜ).
396 464 491 510 Quia
524 465 621 503 vivo.
682 465 810 505 SERV.
861 464 990 505 Facile
1031 465 1069 504 id
1107 465 1265 516 quidem
1305 464 1444 515 edepol
1483 476 1662 515 possum,
1701 464 1732 503 si
1769 470 1810 503 tu
1840 463 1909 504 vis.

650 532 752 572 ALC.
806 532 913 572 Volo.

243 599 371 640 SERv.
403 600 452 638 At
483 600 588 639 enim
621 613 669 639 ne
701 606 743 639 tu
775 612 950 651 exponas
982 612 1116 652 pugno
1148 613 1191 638 os
1222 606 1353 638 metuo
1386 598 1425 637 in
1458 598 1623 650 imperio
1654 610 1755 638 meo.
1920 603 1977 637 235

242 667 345 707 Ate.
389 667 609 719 Numquam
633 668 773 719 edepol
794 668 944 709 faciam.
1004 667 1132 708 SERV.
1180 666 1312 706 Fidem
1344 666 1403 705 da.
1465 665 1567 706 Ate.
1614 666 1684 713 Do,
1717 678 1798 705 non
1829 667 1910 707 fac-

650 742 783 775 turum
815 748 900 775 esse
930 748 1006 774 me.

243 803 308 841 sed
343 814 416 853 ego
447 802 631 854 primum,
662 808 721 842 tot
753 803 818 853 qui
851 802 898 841 ab
930 803 1051 842 amica
1082 802 1218 842 abesse
1251 802 1448 854 potuerim
1480 802 1575 849 dies,

242 882 328 908 suni
361 869 483 908 nihili.
543 870 670 909 SERv.
721 870 837 909 Nihili
868 870 1001 910 hercle
1032 882 1121 909 vero
1154 882 1206 908 es.
1265 869 1368 909 Ate.
1470 885 1489 907 >-
1594 869 1758 921 perdite,

245 949 343 986 quae
375 949 437 976 me
467 943 615 976 amaret
645 944 799 976 contra.
859 938 987 978 Sei-zv.
1019 938 1171 988 Dignus
1202 937 1332 976 hercle
1364 950 1404 976 es
1436 937 1668 976 infortunio.

244 1004 347 1042 ALC.
388 1003 433 1042 Ei
452 1016 511 1042 me
529 1002 609 1058 <tot
631 1004 729 1058 tam>
747 1005 885 1044 acerba
904 1006 1029 1044 faeere
1048 1005 1085 1043 in
1104 1005 1234 1044 corde.
1295 1005 1423 1044 Snnv.
1460 1004 1578 1055 Frugi
1601 1015 1803 1055 nunquam
1821 1004 1909 1044 eris.
1923 1011 1979 1045 240

242 1071 348 1110 Ate.
399 1071 633 1111 Praesertim
667 1085 765 1123 quae
797 1073 1042 1112 coniurasset
1072 1084 1225 1111 mecum
1258 1079 1295 1111 et
1327 1073 1519 1110 firmasset
1549 1071 1677 1117 fidem,

244 1138 372 1179 Smw.
402 1139 538 1189 Neque
569 1140 664 1179 deos
695 1152 826 1191 neque
857 1141 1038 1179 homines
1068 1152 1233 1190 aequom
1268 1146 1327 1179 est
1355 1140 1482 1178 facere
1513 1140 1582 1179 tibi
1604 1141 1766 1192 posthac
1796 1139 1912 1179 bene.

243 1206 345 1245 Ate.
396 1205 502 1252 Quae
534 1213 636 1246 esset
666 1213 832 1246 aetatem
864 1214 1045 1247 exactura
1077 1220 1231 1246 mecum
1264 1207 1302 1246 in
1335 1207 1597 1252 matrimonio,

242 1274 370 1314 va.
403 1273 621 1325 Compedes
653 1281 690 1313 te
722 1287 863 1327 capere
894 1282 1052 1327 oportet
1082 1287 1211 1326 neque
1243 1288 1307 1315 eas
1339 1287 1511 1325 unquam
1545 1287 1706 1326 ponere.

242 1342 345 1382 Am.
404 1342 512 1388 Quae
545 1342 637 1381 mihi
669 1349 771 1382 esset
802 1344 1071 1382 commendata
1103 1350 1139 1382 et
1169 1356 1278 1382 meae
1310 1343 1397 1382 fidei
1430 1343 1669 1390 concredita,
1923 1349 1979 1381 245

243 1409 371 1450 SERV.
402 1409 543 1449 Hercle
574 1416 610 1449 te
641 1410 870 1450 verberibus
900 1411 1064 1450 multum
1096 1411 1202 1450 caedi
1235 1417 1417 1462 oportere
1449 1410 1631 1449 arbitror.

243 1479 342 1517 Am.
401 1477 509 1524 Quae
540 1478 734 1517 mellillam
766 1491 827 1517 me
858 1491 996 1518 vocare
1027 1486 1066 1518 et
1094 1479 1268 1517 suavium
1300 1478 1450 1518 solitast
1479 1490 1604 1517 suom.

243 1545 371 1586 SERV.
408 1545 465 1584 Ob
500 1546 600 1585 istuc
631 1558 754 1585 unum
784 1546 947 1585 verbum
981 1546 1149 1597 ‹lignu's‚
1182 1547 1340 1585 deciens
1372 1546 1438 1596 qui
1470 1547 1618 1585 furcam
1650 1548 1762 1586 seras.

243 1612 346 1653 Ate..
406 1613 572 1665 Egomet
593 1614 727 1653 laetor.
767 1615 833 1653 sed
853 1614 945 1663 quill
966 1621 1104 1653 auctor
1122 1626 1228 1653 nunc
1250 1614 1343 1653 mihi
1367 1612 1436 1653 es?
1495 1614 1623 1654 SERV.
1667 1614 1798 1653 Dicam
1820 1613 1911 1654 tibi:

359 1738 422 1771 233
448 1736 613 1782 incipit
629 1740 659 1772 A
674 1737 744 1782 fol.
763 1737 877 1776 :23513-
901 1738 995 1772 [nter
1012 1747 1041 1771 v.
1061 1737 1140 1770 229
1157 1742 1189 1770 et
1206 1737 1284 1770 233
1308 1736 1522 1770 interierunt
1543 1746 1667 1771 versas
1690 1733 1913 1778 &swende-

243 1793 398 1827 mundus
409 1793 503 1828 stud.
516 1794 554 1833 2,
569 1793 657 1835 423)
750 1793 1040 1829 Alcesimarchus
1050 1798 1246 1839 poslquam
1260 1791 1440 1828 Selenium
1457 1792 1587 1827 abiisse
1599 1793 1787 1838 comperit,
1804 1791 1914 1828 collo-

243 1849 370 1895 quitur
383 1860 462 1884 cum
474 1860 576 1884 servo
590 1852 743 1890 (servum
757 1861 833 1886 esse
846 1861 875 1885 v.
893 1851 972 1884 235
986 1849 1102 1891 docet,
1116 1859 1242 1884 nomen
1261 1859 1334 1883 non
1348 1854 1462 1890 excat,
1480 1848 1531 1893 cf.
1547 1847 1596 1883 ad
1607 1849 1699 1891 283)
1770 1850 1835 1883 233
1849 1849 1914 1884 sed

244 1905 331 1950 quid
355 1905 669 1950 istum1][a]m[i]lia
693 1907 766 1942 dici
792 1909 842 1948 A,
873 1906 937 1941 secl
962 1911 999 1940 ut
1021 1916 1091 1952 pro
1117 1916 1142 1939 n
1162 1905 1250 1951 pari
1275 1905 1352 1940 iure
1376 1916 1430 1949 m,
1455 1915 1472 1939 r
1497 1905 1551 1941 vel
1574 1905 1698 1948 aliter,
1721 1915 1792 1950 pro
1815 1904 1915 1941 milia

244 1962 315 2007 leqi
333 1961 452 2007 possit
476 1962 588 2006 milta,
612 1963 731 2005 milea,
756 1963 878 2007 mulia,
902 1962 1028 2006 multa,
1052 1962 1184 1997 mulea.
1229 1972 1296 2005 esso
1320 1964 1428 2003 mn[a]
1450 1961 1570 2006 fuisse
1593 1961 1675 1996 dico
1699 1961 1807 2005 mala,
1823 1965 1917 2007 post

242 2018 316 2053 istu
335 2017 522 2052 librarium
548 2019 707 2054 omisisse
724 2031 743 2055 6
759 2026 794 2055 et
807 2030 991 2066 personae
1007 2019 1164 2065 spatium
1236 2018 1299 2053 sed
1316 2017 1403 2062 quid
1419 2017 1541 2053 istuc?
1567 2017 1629 2063 (ch
1652 2019 1674 2053 7
1677 2019 1733 2060 79,
1751 2017 1914 2054 Baebius

244 2074 281 2108 in
306 2073 547 2109 Studemundi
567 2075 663 2110 stud.
687 2078 725 2120 2,
743 2078 829 2118 221)
854 2087 995 2112 servum
1019 2075 1139 2110 dicere
1163 2075 1285 2120 aptius
1309 2077 1360 2108 est
1385 2085 1492 2119 quam
1517 2072 1823 2109 Alcesimarchum
1848 2075 1913 2110 sed

244 2130 330 2175 quid
353 2131 459 2166 istic?
484 2131 579 2166 mala
669 2133 764 2167 mala
788 2133 901 2167 multa
925 2132 973 2177 cf.
995 2131 1124 2167 Pseud.
1146 2132 1219 2166 359
1249 2129 1382 2165 Bacch.
1404 2130 1485 2164 875.
1515 2130 1578 2163 911
1595 2129 1641 2164 αῖ.
1737 2132 1803 2165 234
1830 2129 1916 2175 quia

246 2187 330 2222 uiuo
354 2188 404 2232 cf.
424 2186 528 2222 Most.
547 2189 588 2222 11
681 2190 851 2233 qu[id]em
869 2189 1027 2234 e[de]pol
1043 2190 1073 2224 A
1168 2191 1232 2223 235
1258 2198 1378 2232 pugno
1396 2197 1435 2222 os
1452 2189 1572 2222 metuo
1591 2185 1631 2221 L.
1642 2198 1654 2220 .·
1676 2197 1816 2232 pugnos
1832 2189 1916 2224 tuos

243 2245 295 2284 A,·
328 2254 488 2288 exponas
521 2243 610 2289 quid
631 2245 809 2290 siqmficet
834 2246 939 2281 (locet
965 2244 997 2279 T
995 2256 1070 2280 ruo.
1099 2246 1171 2279 659
1199 2245 1275 2279 Cas.
1303 2244 1395 2285 853,
1421 2244 1472 2288 of.
1500 2242 1609 2278 Poeu.
1635 2244 1715 2278 147.
1741 2244 1828 2279 358.
1876 2243 1915 2278 in

243 2300 394 2345 imperio
417 2311 514 2344 meo,
546 2311 625 2335 cum
653 2305 686 2336 te
708 2311 783 2347 pro
815 2312 917 2337 servo
954 2313 1009 2337 me
1038 2312 1108 2348 pro
1134 2312 1194 2336 ero
1224 2301 1394 2345 futurum
1427 2300 1568 2335 (le'xere's
1684 2301 1746 2334 237
1773 2299 1916 2335 1011...-

244 2366 286 2391 eo
311 2359 480 2402 sequence
499 2367 682 2402 personae
711 2358 830 2403 spacio
856 2359 897 2399 A,
922 2358 986 2392 secl
1010 2362 1050 2393 ut
1075 2357 1149 2403 leqi
1169 2359 1288 2403 possit
1310 2360 1383 2402 pol,
1407 2358 1472 2401 pot
1497 2356 1553 2390 vel
1575 2355 1637 2399 tol,
1662 2358 1717 2391 tot
1807 2358 1914 2401 potu-

244 2412 332 2447 erim
349 2412 411 2447 L:
436 2413 589 2456 ali-irem
606 2413 663 2448 vel
677 2414 779 2449 -erim
797 2417 911 2458 (trem,
936 2414 1032 2456 trim)
1050 2417 1099 2458 A3
1124 2414 1221 2449 verbi
1236 2414 1362 2458 forma
1379 2424 1487 2459 quam
1500 2412 1614 2459 posui
1637 2412 1769 2454 (-erim)
1795 2423 1914 2448 ueces-

243 2470 344 2504 sarz'a
357 2473 419 2510 est,
445 2470 615 2505 auderem
638 2471 816 2512 vitiosum,
830 2470 873 2505 cle
898 2470 1003 2505 verbo
1022 2480 1095 2505 non
1121 2474 1262 2505 constat
1331 2470 1420 2515 pies,
1434 2469 1496 2504 sod
1510 2469 1673 2514 fortasse
1690 2467 1780 2512 dies,
1793 2468 1824 2503 A

245 2528 309 2560 238
335 2536 373 2561 es
392 2552 400 2560 .
421 2526 773 2571 ..moroni-operite
796 2528 846 2571 A,
878 2527 940 2562 ubi
969 2527 1112 2562 restitui
1142 2526 1302 2571 perdite,
1328 2517 1378 2572 of.
1407 2526 1439 2561 T
1436 2537 1485 2561 cr.
1512 2524 1658 2560 lerm.
1687 2526 1738 2560 82
1830 2524 1915 2560 talis

243 2583 420 2618 sententia
433 2583 643 2629 flaqitatur:
659 2575 774 2630 'quam
792 2594 855 2629 ego
873 2593 1028 2619 amarem
1046 2582 1205 2627 perdite3
1231 2583 1282 2627 of.
1303 2584 1361 2618 95.
1380 2583 1446 2617 131
1458 2593 1510 2628 sq.
1528 2583 1595 2617 191
1609 2593 1674 2627 sq.‚
1691 2581 1822 2629 Amph.
1843 2582 1917 2617 655

245 2638 291 2672 al.
363 2642 427 2674 239
453 2639 582 2685 dignus
607 2642 703 2686 ercle
727 2641 823 2685 ercle
847 2651 886 2683 es
905 2644 933 2676 A
1006 2642 1069 2674 240
1095 2639 1129 2685 ei
1146 2650 1203 2683 1116
1228 2665 1376 2674 ......
1403 2640 1536 2675 acerba
1552 2641 1583 2674 A
1662 2642 1747 2684 post
1771 2648 1912 2674 versum

246 2696 310 2729 242
335 2696 558 2742 anticipatur
575 2708 606 2732 v.
623 2699 702 2732 245
723 2708 788 2732 suo
809 2697 887 2732 loco
911 2696 1054 2732 rediens
1069 2698 1100 2731 A
1194 2698 1259 2730 243
1283 2706 1422 2731 mecum
1447 2699 1620 2732 exactura
1635 2705 1775 2731 mecum
1790 2696 1822 2731 A

246 2754 311 2785 244
342 2753 543 2798 compeceis
577 2754 635 2788 vel
657 2754 861 2799 compedeis
886 2756 917 2789 A
1010 2755 1073 2787 245
1100 2752 1224 2796 fid[ei],
1248 2753 1312 2788 secl
1336 2763 1450 2787 meam
1473 2751 1582 2787 fidem
1607 2752 1806 2788 concrediti
1828 2755 1915 2798 post

244 2809 323 2842 242
347 2811 378 2843 A
472 2811 535 2844 246
561 2810 657 2854 ercle
682 2810 712 2844 A
830 2812 894 2845 249
919 2810 1034 2845 laetor
1059 2820 1124 2844 neo
1148 2814 1271 2856 aptum
1297 2815 1331 2844 ec
1358 2809 1498 2845 verbum
1523 2808 1658 2845 Plauto
1690 2809 1913 2845 inusitatum.

245 2871 399 2911 expecto
424 2876 502 2911 ego,
535 2868 571 2901 et
593 2866 761 2902 lubenter
