1998 3179
73 100 120 128 1v
131 101 157 133 2,
169 100 269 128 29-49
745 95 1066 132 CISTELLARIA
1650 95 1727 132 301

344 213 459 253 ΗΑΒ.
509 213 583 252 Sed
615 212 647 250 is
677 211 749 250 hac
780 211 834 256 iit,
866 211 936 249 hac
966 213 1071 249 socci
1102 210 1211 248 video

343 279 549 330 vestigium
579 279 618 318 in
650 278 824 330 pulvere,
856 279 1070 328 persequar
1099 277 1183 316 hac.

344 346 384 385 in
417 347 491 385 hoc
520 346 596 385 iam
627 345 715 384 loco
746 356 834 383 cum
865 344 985 382 altero
1017 345 1204 383 constitit.
1265 344 1327 382 hic

345 413 442 452 meis
473 413 587 451 turba
618 412 741 451 oculis
771 411 885 449 modo
918 424 958 450 se
989 411 1151 450 obiecit:
1726 418 1801 450 699³

350 492 477 531 neque
508 483 689 531 prorsum
722 479 766 517 iit
795 478 885 516 hac:
918 477 981 516 hic
1011 478 1130 525 stetit,
1162 477 1253 516 hinc
1286 477 1349 516 illo

345 546 447 586 exiit.
506 547 569 585 hic
599 545 808 585 concilium
840 545 923 583 fuit.
1531 578 1550 614 s
1731 550 1802 585 700³

346 614 393 652 ad
424 613 521 652 duos
551 614 702 659 attinet,
732 612 974 663 liquidumst.
1035 617 1139 656 attat,
1430 620 1463 648 κ’
1540 616 1558 666 ³„

401 680 599 730 singultim
629 679 740 718 video
771 679 988 730 vestigium.
1560 681 1561 684 ’
1731 685 1802 719 701⁸¹

79 747 146 786 sed
175 747 207 786 is
236 747 308 786 hac
340 746 445 785 abiit.
506 746 814 797 contemplabor.
876 746 968 785 hinc
999 745 1077 783 huc
1107 744 1163 791 iit,
1194 744 1288 783 hinc
1321 756 1514 794 nusquam
1544 746 1648 784 abiit.

80 818 202 854 actam
231 827 315 853 rem
345 826 429 865 ago.
490 815 593 865 quod
624 813 753 865 periit,
786 813 918 865 periit:
953 824 1083 852 meum
1115 812 1264 850 corium
1296 809 1432 866 (cum)
1463 812 1621 852 cistella.

77 937 194 976 redeo
226 940 344 977 intro.
403 937 542 977 PHAN.
593 937 743 983 Mulier,
776 950 902 976 mane.
962 942 1055 975 sunt
1085 938 1152 987 qui
1184 935 1319 974 volunt
1350 938 1388 974 te
1420 943 1664 975 conventam.

78 1003 190 1044 ΗΑΒ.
225 1004 321 1050 Quis
337 1007 398 1044 me
414 1003 597 1044 revocat?
656 1005 795 1044 LAMP.
832 1005 940 1043 Bona
957 1003 1100 1042 femina
1124 1010 1162 1042 et
1178 1003 1300 1042 malus
1317 1003 1512 1042 masculus
1532 1003 1668 1043 volunt
1685 1011 1734 1043 te.
1749 1014 1805 1046 705

78 1071 190 1112 HAL.
494 1087 514 1109 ss
947 1086 966 1108 rr
1444 1077 1641 1122 postremo
1674 1071 1736 1110 ille

79 1138 167 1189 plus
196 1139 262 1190 qui
292 1146 404 1178 vocat
434 1139 507 1178 scit
536 1138 640 1190 quod
670 1138 772 1185 velit,
806 1150 920 1188 quam
952 1149 1024 1188 ego
1057 1150 1155 1189 quae
1186 1149 1316 1176 vocor.
1378 1145 1565 1176 revortor.

79 1204 255 1257 [ecquem
288 1206 413 1246 vidisti
447 1215 676 1256 -1-quaerere
706 1205 782 1253 hic,
814 1205 964 1252 amabo,
996 1205 1034 1243 in
1068 1205 1139 1243 hac
1170 1205 1332 1256 regione

83 1272 269 1312 cistellam
301 1285 391 1312 cum
423 1272 660 1325 crepundiis,
692 1285 806 1324 quam
839 1285 910 1324 ego
942 1272 1006 1310 hic
1037 1272 1147 1312 amisi
1177 1270 1347 1311 misera?

80 1352 168 1379 nam
200 1341 346 1380 dudum
377 1349 420 1380 ut
450 1339 741 1379 accucurrimus
770 1339 817 1378 ad
848 1339 1192 1383 Alcesimarchum,
1224 1353 1274 1378 ne
1305 1353 1346 1378 se
1751 1351 1807 1384 710

80 1407 153 1446 vita
183 1408 448 1455 interemeret,
481 1415 562 1446 tum
593 1405 702 1460 <eam
733 1407 827 1445 mihi
860 1403 1026 1459 op>inor
1056 1406 1256 1445 excidisse.

79 1474 218 1515 LAMP.
270 1475 462 1515 Cistellam
492 1474 587 1513 haec
616 1473 755 1512 mulier
783 1473 985 1526 (perdidit.
1045 1471 1279 1526 tace>amus,
1311 1485 1387 1520 era,
1418 1484 1640 1524 parumper.

81 1541 193 1582 HAL.
244 1542 409 1594 Disperii
441 1542 592 1581 misera.
655 1541 747 1592 quid
779 1553 850 1592 ego
885 1552 972 1579 crae
1003 1539 1160 1579 dicam?
1192 1553 1290 1591 quae
1322 1552 1383 1578 me
1415 1552 1534 1591 opere
1566 1548 1674 1578 tanto

81 1622 234 1649 servare
264 1610 386 1657 iussit,
418 1609 484 1660 qui
515 1621 606 1648 suos
638 1608 836 1647 Selenium
868 1615 1051 1660 parentes

82 1677 230 1717 facilius
259 1684 393 1728 posset
424 1688 598 1723 noscere,
630 1688 730 1726 quae
761 1687 849 1714 erae
884 1672 1022 1730 [meae]
1054 1675 1257 1727 supposita
1289 1682 1348 1714 est
1379 1687 1506 1726 parva,
1752 1688 1808 1721 715

191 1778 387 1810 697—7012
404 1780 560 1821 systema
582 1775 635 1810 sic
651 1774 865 1820 disponunt:
890 1775 962 1810 Sed
979 1794 1020 1799 —
1038 1776 1107 1810 hac
1128 1775 1133 1818 Ι
1154 1774 1196 1808 In
1216 1795 1250 1798 —
1272 1775 1382 1809 turba
1402 1776 1406 1817 Ι
1429 1774 1550 1809 Oculis
1575 1793 1617 1797 —
1643 1773 1740 1808 obie-

81 1831 131 1866 cit
149 1834 153 1875 i
171 1831 298 1876 Neque
314 1851 357 1856 —
373 1831 434 1866 hic
455 1833 459 1873 Ι
483 1831 681 1866 Concilium
698 1851 738 1855 —
754 1831 945 1875 uestigium
1037 1833 1099 1865 697
1128 1831 1191 1865 sed
1207 1831 1237 1865 is
1254 1831 1318 1874 (cf.
1340 1831 1427 1872 702)
1446 1831 1511 1865 del.
1535 1830 1565 1864 V
1565 1830 1742 1875 Ψυρίης,-

79 1887 170 1931 fort.
189 1888 311 1932 ecquis
374 1887 417 1923 iit
436 1888 508 1922 B2:
524 1891 566 1923 ut
627 1890 692 1922 698
709 1887 908 1932 impuluere
928 1886 1017 1921 B¹V
1079 1889 1144 1922 699
1162 1887 1183 1921 ε’.
1199 1898 1227 1921 e.
1245 1887 1337 1921 altro
1400 1886 1566 1922 consistit
1588 1886 1619 1921 V
1623 1885 1655 1920 E

82 1946 163 1979 699ὃ
185 1943 322 1979 scilicet
345 1948 539 1989 antequam
564 1943 679 1978 locam
702 1943 836 1978 invenit
928 1947 944 1977 ἵ
952 1947 993 1977 00
1017 1942 1104 1977 illuc
1198 1946 1277 1977 700³
1303 1943 1372 1978 fuit
1394 1942 1576 1989 spondeus
1599 1946 1654 1978 est

81 2002 141 2035 701
168 1999 380 2044 liquidumst
397 1999 616 2035 Schoenitas:
640 1999 747 2043 liquis
780 1998 821 2041 V,
847 1999 958 2043 siquis
985 1999 1028 2041 E,
1052 1999 1091 2033 hi
1115 1999 1177 2044 qui
1202 2002 1286 2034 sunt
1309 1998 1363 2033 ΒΞ
1390 1999 1428 2033 in
1453 2010 1525 2033 ras,
1550 1999 1588 2039 (li
1610 2009 1680 2043 pro
1705 1998 1742 2032 hi

81 2054 146 2098 13¹)
237 2059 316 2091 atat
332 2055 393 2097 ΕΙ,
411 2059 447 2091 et
464 2057 511 2092 ad
528 2055 670 2090 Nonius
686 2056 750 2090 171
844 2057 908 2089 702
925 2056 968 2090 iit
984 2055 1059 2090 B2:
1083 2059 1124 2090 ut
1141 2055 1203 2097 3²,
1227 2055 1270 2090 lit
1295 2055 1363 2090 VE
1451 2055 1510 2090 hic
1527 2055 1578 2089 B¹
1590 2054 1657 2089 VE

82 2114 258 2147 703—706
282 2113 392 2158 disp:
416 2114 545 2147 Aetam
562 2132 604 2136 —
621 2122 726 2146 mane
751 2111 827 2153 (secl
844 2111 1003 2152 Cistella)
1025 2113 1029 2155 Ῑ
1052 2112 1144 2147 Sunt
1160 2132 1201 2136 —
1218 2116 1369 2148 reuocat
1389 2115 1394 2155 Ι
1415 2112 1519 2147 Bona
1534 2130 1577 2137 —-
1593 2111 1654 2146 ille

83 2171 146 2203 703
169 2168 327 2214 peperiit
350 2168 459 2213 periit
486 2168 530 2209 B,
554 2169 696 2212 peperit
719 2167 860 2213 peperit
894 2166 971 2210 VE,
995 2177 1089 2202 corr.
1116 2167 1259 2203 Merula
1389 2167 1514 2212 (cum)
1548 2167 1654 2202 Valla

82 2227 148 2258 704
170 2225 299 2260 mulier
323 2235 428 2259 mane
452 2235 518 2258 om.
554 2222 635 2268 VE,
666 2224 700 2258 B
725 2228 808 2259 ante
833 2234 927 2257 corr.
1064 2223 1172 2258 iteres
1195 2235 1300 2259 mane
1324 2224 1436 2265 (Asin.
1462 2225 1541 2258 229
1566 2224 1646 2258 Aal.
1675 2224 1747 2257 655

82 2279 177 2316 Men.
195 2281 266 2315 179
283 2279 391 2315 Mero.
410 2280 506 2322 474),
523 2280 593 2314 nisi
608 2280 704 2314 intro
724 2279 949 2325 trisyllabum
1035 2283 1099 2314 705
1116 2290 1228 2314 LAMP.
1247 2280 1321 2314 B2:
1337 2291 1397 2315 PH.
1421 2280 1464 2322 V,
1482 2292 1548 2314 om.
1568 2278 1658 2314 B¹E

83 2337 147 2370 '106
171 2335 215 2370 cle
240 2335 372 2370 lacuna
400 2336 449 2380 cf.
475 2335 524 2370 ad
547 2346 577 2370 v.
597 2336 678 2370 341.
727 2335 817 2370 talla
847 2334 1119 2370 desiderantur:
1150 2336 1238 2380 quid
1268 2337 1397 2381 agam?
1428 2347 1592 2371 maneam
1625 2346 1672 2370 an
1703 2338 1744 2370 ut

84 2402 294 2437 occeperam
308 2392 406 2428 intro
423 2393 573 2427 abeam?
667 2395 729 2425 707
749 2402 842 2436 quae
859 2401 951 2426 uoco
976 2391 1059 2426 VE2
1157 2395 1220 2427 708
1239 2403 1410 2438 ecquaem
1435 2393 1476 2433 V,
1496 2393 1586 2427 haec
1604 2402 1708 2436 quem
1724 2401 1744 2435 e

82 2449 150 2489 (em
165 2459 214 2483 ea:
231 2458 278 2483 on
294 2452 333 2482 ut
350 2448 435 2489 vid.)
461 2447 498 2482 E
576 2448 704 2483 tollere
729 2447 848 2490 Valla,
872 2447 936 2482 sed
954 2447 1025 2482 tale
1039 2448 1157 2492 faisse
1177 2453 1318 2493 potest:
1342 2459 1489 2493 ecquam
1514 2448 1582 2489 (vel
1597 2458 1745 2492 ecquem

81 2503 220 2547 femin.)
245 2503 379 2548 vidisti,
404 2504 565 2549 quisquis
590 2515 627 2539 es
738 2506 802 2538 709
827 2503 876 2549 cf?
902 2503 1119 2547 Falqenaus
1144 2505 1235 2538 566:
1259 2504 1428 2539 Plautus:
1460 2504 1634 2539 cistellam
1657 2503 1744 2538 mihi

85 2558 190 2594 offers
203 2557 337 2601 (affers)
351 2570 433 2595 cum
448 2560 667 2604 crepundiis,
681 2561 729 2606 cf.
745 2560 789 2595 de
812 2559 840 2594 V
842 2560 928 2595 idul.
943 2561 990 2594 16
1083 2563 1146 2595 710
1161 2560 1394 2601 accurrimus,
1411 2562 1462 2605 cf.
1478 2560 1587 2595 Mero.
1601 2561 1676 2594 201

84 2615 407 2652 alchesimarchum
438 2617 635 2658 (maehum
659 2615 710 2658 Ε)
804 2619 864 2651 711
902 2616 1015 2651 uitam
1046 2615 1230 2656 (adhaeret
1262 2616 1383 2651 versui
1411 2617 1491 2656 710)
1524 2615 1746 2651 interemerit

84 2672 199 2713 (-emit
215 2671 267 2715 E)
360 2673 574 2707 amissorum
597 2672 786 2707 verborum
811 2672 932 2718 spatia
956 2672 1083 2707 relicta
1107 2677 1140 2706 et
1165 2672 1222 2706 hic
1246 2677 1280 2707 ct
1305 2673 1341 2706 in
1366 2673 1493 2707 ceteris
1516 2682 1669 2707 scaenae
1693 2672 1744 2706 la-

84 2728 187 2762 cunis
279 2739 358 2764 eam
386 2728 475 2763 mihi
504 2728 633 2772 opinor
658 2727 698 2762 L.
709 2740 720 2761 .·
750 2739 866 2771 more3
901 2739 966 2763 nec
997 2739 1086 2772 prae
1119 2729 1247 2763 timore
1274 2738 1398 2763 versus
1426 2739 1491 2763 nec
1521 2729 1558 2763 in
1589 2728 1744 2764 clamore

85 2793 200 2818 sermo
216 2783 375 2819 admittit
446 2787 509 2818 712
526 2795 592 2820 aec
605 2784 639 2819 B
651 2784 692 2826 V,
710 2795 756 2820 ex
770 2784 806 2818 h)
864 2784 1043 2829 supplevit
1057 2784 1259 2829 Seyffertas
1273 2787 1507 2826 (maneamus)
1579 2787 1642 2820 713
1662 2794 1745 2819 erae

89 2836 254 2874 Guietus:
271 2849 314 2874 ea
330 2850 393 2875 era
409 2840 473 2883 B1,
489 2851 568 2875 eam
584 2851 647 2875 era
667 2839 745 2884 VE,
758 2851 859 2875 meae
876 2850 959 2875 erae
976 2839 1030 2874 ΒΞ
1105 2843 1169 2874 715
1187 2843 1353 2875 nosceret
1369 2839 1459 2875 B¹E
1524 2850 1625 2875 meae
1643 2851 1711 2875 om.
1727 2853 1746 2877 ς
