2018 3183
219 97 298 134 250
953 95 1134 129 PLAVTI
1637 96 1719 128 1113.
1738 95 1830 127 20-4,
1850 96 1884 124 20

219 211 373 263 negavit
404 223 530 262 posse,
563 210 747 261 quoniam
781 221 948 257 arcesso,
979 209 1147 248 mittere.

215 278 315 318 LYs.
365 278 510 317 Vitium
541 276 610 315 tibi
641 277 741 316 istuc
771 289 996 316 maxumum
1028 283 1100 323 est,
1131 276 1271 315 blanda
1303 288 1343 315 es
1373 288 1524 327 parum.

215 345 391 384 CLEOST.
442 344 528 383 Non
562 350 827 383 matronarum
861 344 1082 390 officiumst,
1113 344 1179 383 sed
1211 343 1487 390 meretricium,
1893 362 1949 394 585

217 413 308 451 viris
338 412 486 459 alienis,
518 411 570 450 mi
601 411 669 457 vir,
702 411 1004 451 subblandirier.

217 481 228 519 i
258 486 300 518 tu
331 486 447 530 atque
478 491 631 519 arcesse
662 479 787 518 illam:
822 482 893 530 ego
924 479 1030 518 intus
1061 479 1164 530 quod
1198 479 1337 518 factost
1368 491 1467 530 opus

215 547 302 587 volo
334 559 532 594 accurare,
566 547 616 585 mi
648 547 716 585 vir.
775 546 875 588 LYs.
926 547 1097 598 Propera
1129 558 1235 597 ergo.
1295 546 1471 586 CLEosT.
1522 545 1642 585 Licet.

217 615 291 654 iam
323 615 388 666 pol
419 627 490 666 ego
522 614 613 654 huic
643 614 811 665 aliquem
843 615 881 653 in
915 621 1052 666 pectus
1083 614 1238 653 iniciam
1271 620 1440 662 metum;

218 682 493 722 miserrumum
524 682 640 721 hodie
672 694 744 733 ego
777 682 883 722 hunc
914 681 1065 721 habebo
1096 682 1294 721 amasium.
1327 705 1380 710 —
1893 698 1950 730 590

890 750 1214 790 ALCESIMVS
1767 749 1835 788 III
1855 751 1881 788 4

218 818 306 857 Viso
338 818 426 864 huc,
457 824 607 856 amator
637 818 668 857 si
699 830 719 856 a
751 819 837 857 foro
869 818 982 857 rediit
1012 818 1184 863 domum,

217 885 284 936 qui
314 897 375 924 me
405 892 521 936 atque
552 898 714 924 uxorem
745 885 991 931 ludificatust,
1025 885 1144 924 larua.

217 953 283 991 sed
316 965 450 992 eccum
483 959 572 992 ante
603 954 720 993 aedis.
767 954 811 992 ad
845 960 881 992 te
914 953 1045 992 hercle
1076 954 1177 992 ibam
1211 952 1474 992 commodum.

216 1021 315 1061 LYs.
366 1020 414 1059 Et
445 1021 575 1060 hercle
606 1033 678 1072 ego
710 1021 758 1059 ad
789 1028 838 1060 te.
887 1020 978 1072 quid
1011 1021 1078 1067 ais,
1110 1021 1168 1059 vir
1199 1021 1350 1059 minimi
1384 1018 1512 1071 preti?

218 1089 309 1139 quid
341 1087 409 1127 tibi
443 1087 648 1127 mandavi?
680 1089 771 1139 quid
805 1095 934 1127 tecum
966 1087 1102 1127 oravi?
1161 1088 1265 1128 ALc.
1315 1087 1416 1133 Quid
1447 1086 1534 1127 est?
1893 1102 1950 1134 595

216 1156 315 1196 LYs.
365 1156 413 1195 Vt
444 1156 545 1195 bene
575 1156 726 1196 vocivas
756 1156 861 1195 aedis
891 1156 1016 1196 fecisti
1048 1157 1155 1203 mihi,

218 1231 259 1262 ut
290 1224 492 1263 traduxisti
522 1224 599 1263 huc
630 1225 675 1263 ad
709 1237 781 1263 nos
812 1236 974 1263 uxorem
1005 1231 1124 1263 tuam.

216 1291 315 1330 satin
347 1298 512 1343 propter
540 1298 579 1330 te
610 1304 730 1343 pereo
762 1305 834 1344 ego
867 1299 982 1342 atque
1018 1290 1204 1331 occasio?

216 1359 320 1400 Am.
370 1359 474 1405 Quin
507 1366 548 1399 tu
579 1360 786 1411 suspendis
816 1358 885 1398 te?
917 1372 1060 1410 nempe
1090 1363 1172 1399 tute
1202 1359 1366 1405 dixeras,

217 1433 322 1465 tuam
355 1427 625 1467 arcessituram
658 1441 741 1467 esse
772 1440 934 1466 uxorem
967 1439 1128 1466 uxorem
1160 1439 1296 1466 meam.
1895 1440 1952 1473 600

217 1495 317 1535 LYs.
368 1495 472 1546 Ergo
504 1496 749 1535 arcessivisse
780 1496 832 1534 ait
862 1508 959 1542 sese,
992 1502 1029 1533 et
1060 1495 1200 1535 dixisse
1232 1503 1268 1533 te

219 1576 302 1602 eam
336 1568 416 1603 non
449 1564 673 1603 missurum.
732 1564 835 1604 Am.
888 1564 990 1610 Quin
1025 1576 1137 1615 eapse
1171 1563 1272 1602 ultro
1306 1563 1396 1602 mihi

220 1632 373 1683 negavit
403 1632 486 1671 eius
518 1644 676 1683 operam
707 1645 747 1672 se
779 1633 979 1671 morarier.

218 1698 318 1739 LYs.
368 1699 471 1745 Quin
505 1712 619 1751 eapse
652 1711 713 1738 me
745 1700 945 1749 adlegavit,
979 1700 1044 1750 qui
1077 1699 1185 1738 istam
1219 1710 1468 1738 arcesserem.

217 1766 320 1807 ALC.
371 1766 473 1812 Quin
508 1767 617 1806 nihili
648 1767 760 1806 facio.
819 1768 919 1807 LYs.
972 1767 1073 1812 Quin
1107 1780 1168 1806 me
1199 1767 1340 1818 perdis.
1400 1767 1503 1806 ALC.
1553 1765 1657 1811 Quin
1689 1764 1840 1811 benest‚
1895 1779 1952 1812 605

219 1836 312 1885 quin
346 1836 458 1874 etiam
492 1835 556 1874 diu
589 1835 784 1881 morabor,
817 1836 910 1886 quin
944 1835 1060 1886 cupio
1092 1834 1161 1873 tibi
1197 1858 1251 1863 —

217 1903 316 1943 LYs.
367 1903 467 1948 Quin
499 1926 554 1931 —
583 1903 686 1942 Am.
732 1903 885 1954 Aliquid
918 1915 1033 1954 aegre
1067 1903 1206 1941 facere.
1266 1902 1365 1941 LYs.
1411 1901 1514 1947 Quin
1549 1900 1684 1940 faciam
1715 1900 1868 1940 lubens.

219 1983 435 2022 numquam
467 1971 534 2009 tibi
565 1971 680 2010 hodie
699 1966 831 2022 ‘quin'
868 1972 941 2010 erit
972 1971 1060 2022 plus
1091 1982 1205 2021 quam
1233 1970 1340 2009 mihi.

218 2041 319 2079 ALc.
372 2039 476 2085 Quin
508 2039 638 2078 hercle
669 2039 706 2077 di
738 2046 775 2077 te
806 2039 970 2090 perdant
1002 2045 1200 2091 postremo
1232 2038 1402 2087 quidem.

218 2108 317 2147 LYs.
367 2106 466 2152 Quid
498 2105 635 2145 nunc?
666 2107 909 2146 missurusne
941 2119 982 2145 es
1013 2107 1058 2145 ad
1092 2119 1151 2144 me
1183 2118 1344 2145 uxorem
1377 2103 1511 2144 tuam?
1894 2128 1951 2161 610

220 2177 323 2214 ALC.
377 2175 515 2220 Ducas,
547 2186 690 2224 easque
722 2175 759 2213 in
792 2187 1011 2213 maxumam
1045 2175 1181 2212 malam
1215 2186 1370 2213 crucem

333 2277 397 2310 583
428 2284 569 2309 arcers-
598 2274 658 2314 3¹,
690 2285 747 2309 -so
774 2276 804 2308 A
944 2278 1008 2308 555
1044 2274 1240 2309 officiumst
1265 2275 1313 2307 A:
1343 2284 1469 2317 parum
1499 2276 1555 2307 est
1580 2271 1738 2306 officium
1765 2270 1796 2305 P

220 2334 282 2367 587
311 2341 458 2366 accerse
484 2332 514 2365 Α
630 2330 727 2365 facto
754 2333 810 2365 est
836 2329 876 2371 P,
901 2331 1038 2365 factust
1062 2332 1092 2364 A
1232 2332 1296 2364 588
1320 2340 1417 2374 pch.
1444 2339 1509 2363 om.
1536 2327 1571 2362 P
1687 2330 1751 2362 590
1777 2327 1884 2362 hodie

219 2399 284 2432 ego
309 2389 406 2422 hunc
431 2387 571 2422 habebo
598 2389 648 2421 A:
672 2387 780 2421 hodie
804 2388 901 2421 hunc
926 2397 991 2430 ego
1016 2387 1132 2421 habeo
1158 2390 1236 2430 (ego
1263 2397 1330 2420 om.
1356 2385 1401 2426 Β)
1426 2383 1461 2418 Ρ
1561 2394 1762 2419 Αιοεεηινε
1786 2393 1884 2418 mm-

218 2455 342 2480 DAmvs
366 2445 415 2485 Α,
447 2454 555 2479 smms
579 2454 654 2478 nvo
678 2447 750 2486 (·11·
778 2454 828 2478 Dv
863 2442 941 2485 VE)
973 2442 1094 2477 VEB²
1232 2446 1297 2477 594
1327 2445 1364 2476 et
1387 2441 1508 2476 hercle
1532 2451 1597 2484 ego
1623 2444 1670 2475 Α.-
1700 2443 1738 2475 at
1763 2443 1884 2485 (atque

228 2500 307 2543 ΥΕ)
331 2512 396 2545 ego
420 2501 541 2536 hercle
559 2499 594 2534 P
699 2502 763 2535 596
788 2501 937 2535 uaciuas
957 2499 990 2534 P
1103 2502 1166 2533 509
1185 2499 1383 2543 suspendes
1402 2497 1435 2531 P
1523 2508 1603 2532 nem
1622 2523 1630 2531 .
1651 2523 1659 2531 .
1677 2499 1738 2532 ute
1763 2498 1794 2531 A

220 2560 283 2592 600
302 2557 561 2592 accersituram
579 2558 621 2598 Α,
647 2557 903 2592 arcersituram
933 2556 963 2591 R
1034 2567 1182 2590 uxorem
1199 2566 1346 2590 uxorem
1364 2559 1414 2589 A:
1431 2564 1578 2589 uxorem
1598 2553 1649 2594 P‚·
1673 2553 1723 2597 cf.
1745 2554 1817 2588 556

220 2617 281 2648 601
309 2613 547 2648 accersiuisse
579 2613 661 2654 AV,
695 2611 730 2647 Ε
756 2624 806 2648 ex
837 2623 954 2653 corr„
985 2612 1219 2647 arcersiuisse
1255 2612 1304 2653 B,
1337 2610 1559 2646 accessiusse
1592 2609 1626 2644 E
1659 2615 1743 2646 ante
1777 2620 1887 2651 corr„

219 2671 268 2710 cf.
297 2671 372 2704 604
499 2672 564 2704 602
589 2681 632 2705 ea
655 2670 736 2714 ipsa
760 2670 855 2706 ultro
881 2669 929 2710 P,
955 2669 1137 2713 eapsaltro
1162 2672 1192 2703 Α
1287 2670 1352 2702 604
1377 2677 1486 2711 eapse
1511 2670 1560 2701 A:
1591 2676 1634 2701 ea
1657 2666 1738 2711 ipsa
1762 2665 1797 2700 P

221 2736 442 2761 accesserem
459 2727 489 2760 A
502 2725 534 2760 V
535 2725 577 2767 E,
603 2736 822 2761 arcerserem
841 2725 898 2766 B,·
923 2725 973 2770 cf.
995 2723 1238 2759 Buechelerus
1260 2734 1348 2759 mus.
1369 2714 1482 2759 Rlz‘en.
1501 2723 1561 2763 39,
1580 2723 1648 2757 414
1741 2725 1805 2757 605
1824 2721 1885 2767 qui

220 2782 347 2816 nichili
372 2781 406 2816 P
495 2784 674 2817 606—609
698 2783 776 2817 sine
795 2782 967 2828 personis
983 2780 1057 2822 ΑΡ,
1084 2792 1176 2816 corr.
1206 2779 1360 2815 Boakias
1384 2780 1501 2820 (etiam
1529 2780 1606 2813 606
1631 2778 1672 2813 L.
1690 2797 1734 2802 —
1758 2779 1817 2819 A.)

222 2840 287 2872 606
312 2839 480 2873 morabor
502 2837 577 2872 scil.
596 2849 750 2873 uxorem
775 2838 838 2883 (cf.
859 2837 1054 2884 Lanqenus
1076 2837 1187 2882 symb.
1213 2837 1260 2871 17
1264 2837 1294 2878 7)
1386 2838 1450 2869 609
1476 2835 1534 2870 dei
1553 2834 1586 2869 P
1673 2837 1710 2870 te
1734 2834 1771 2869 di
1791 2834 1884 2869 Lcm-

221 2906 347 2940 geum,
373 2895 423 2940 cf.
449 2894 655 2941 Seyffertus
677 2895 770 2929 stud.
798 2894 855 2930 Pl.
885 2896 907 2928 6
1005 2897 1070 2929 610
1096 2893 1322 2935 missurunne
1348 2894 1378 2927 Α
