2018 3183
205 104 286 142 420
363 154 365 156 q
382 103 384 105 ’
939 101 1121 137 PLAVTI
1248 149 1249 152 Ἴ
1402 69 1411 87 ⁷:
1679 104 1708 131 v
1725 105 1751 135 5,
1765 104 1867 135 31-53

205 220 270 269 qui
304 224 339 257 te
371 217 547 269 luppiter
578 215 695 267 dique
727 227 875 262 omnes,
909 221 1174 267 percontator,
1208 215 1406 266 perduint.
1876 225 1934 259 930

203 286 321 331 Men.
374 285 487 323 Nunc
519 284 637 322 homo
669 283 843 322 insanire
876 288 1074 334 occeptat:
1108 282 1154 321 de
1187 282 1259 322 illis
1290 283 1416 322 verbis
1447 295 1537 323 cave
1568 283 1653 323 tibi.

203 354 302 394 SEX.
354 352 475 391 lmmo
508 351 647 390 Nestor
679 363 786 390 nunc
817 350 973 402 quidem
1005 356 1063 390 est
1092 349 1139 389 de
1170 349 1311 397 verbis,
1345 352 1482 402 prdem
1513 351 1658 391 dudum
1692 353 1782 400 suit3

206 433 294 460 nam
326 420 472 459 dudum
506 430 667 457 uxorem
699 430 808 457 suam
840 430 924 457 esse
955 418 1082 457 aiebat
1112 418 1304 457 rabiosam
1337 431 1489 458 canem.

203 489 319 528 ΜΕΝ.
351 487 466 533 Quid,
496 485 598 536 ego?
637 485 736 526 Sex.
780 485 880 525 Dixti
898 486 1071 532 insanus,
1098 485 1270 537 inquam.
1313 485 1429 526 ΜΕΝ.
1470 485 1636 537 Egone?
1670 486 1770 526 Sex.
1810 486 1869 526 Tu

1276 553 1374 600 istic,
1406 554 1473 604 qui
1504 555 1597 593 mibi

205 625 316 663 etiam
349 635 410 662 me
443 622 588 661 iunctis
619 621 817 673 quadrigis
848 621 1060 660 minitatu’s
1092 627 1357 673 prosternere.
1880 628 1938 663 935

206 697 363 743 egomet
391 691 487 729 haec
518 696 554 729 te
587 689 660 729 vidi
693 690 832 737 facere,
864 692 1019 741 egomet
1049 689 1143 728 baec
1176 688 1237 728 ted
1271 701 1406 740 arguo,
1768 695 1938 730 936-910

204 760 320 799 ΜΕΝ.
370 759 419 797 At
449 770 521 809 ego
555 764 592 797 te
623 769 770 797 sacram
802 769 988 797 coronam
1021 757 1271 810 surrupuisse
1303 757 1380 796 lovi
1412 757 1505 799 scio.

204 834 243 866 et
275 826 324 866 ob
356 839 440 866 eam
473 839 554 865 rem
587 826 624 865 in
658 838 853 865 carcerem
887 825 949 864 ted
982 838 1065 865 esse
1096 832 1342 876 compactum
1375 825 1469 868 scio,

205 901 243 934 et
273 899 479 946 postquam
511 906 552 933 es
583 894 759 940 emissus,
792 904 946 932 caesum
978 893 1096 944 virgis
1126 891 1200 932 sub
1233 894 1340 931 furca
1371 892 1475 939 scio;

204 969 286 1002 tum
319 968 469 1013 patrem
502 961 690 1000 occidisse
721 966 760 1000 et
789 966 953 1000 matrem
985 960 1202 1000 vendidisse
1235 960 1349 999 etiam
1382 960 1475 999 scio.

204 1031 303 1069 satin
334 1030 429 1068 haec
462 1042 532 1081 pro
563 1041 659 1069 sano
692 1028 791 1068 male
821 1028 922 1067 dicta
952 1028 1052 1067 male
1082 1028 1194 1068 dictis
1225 1026 1479 1079 respondeo?
1883 1034 1939 1068 945

204 1098 304 1138 SEN.
355 1097 529 1137 Obsecro
561 1097 704 1143 hercle,
738 1096 899 1144 medice,
930 1108 1113 1148 propere,
1144 1095 1334 1148 quidquid
1364 1095 1563 1143 facturus,
1597 1095 1692 1135 sace.

206 1179 287 1206 non
320 1166 424 1205 vides
455 1165 653 1204 bominem
686 1162 889 1204 insanire?
948 1164 1065 1203 MED.
1116 1164 1208 1203 Scin
1241 1163 1334 1215 quid
1366 1163 1483 1202 facias
1514 1163 1706 1215 optimum
1738 1160 1825 1202 est?

205 1235 249 1274 ad
283 1247 344 1274 me
375 1235 459 1273 sace
490 1233 546 1272 uti
578 1233 789 1272 deferatur.
849 1232 948 1272 Sex.
1000 1231 1107 1270 Itane
1140 1229 1310 1271 censes?
1369 1231 1486 1271 ΜΕΙ).
1537 1228 1757 1282 Quippini?

205 1302 258 1341 ibi
292 1315 377 1342 meo
410 1301 598 1340 arbitratu
630 1306 768 1352 potero
799 1311 938 1339 curare
969 1299 1184 1338 hominem.
1245 1298 1344 1339 SEN.
1395 1299 1475 1349 Age
1506 1304 1549 1337 ut
1578 1297 1699 1338 lubet.

205 1370 322 1410 MED.
373 1369 600 1409 Elleborum
632 1367 786 1420 potabis
816 1368 904 1407 saxo
936 1367 1086 1419 aliquos
1116 1367 1253 1418 viginti
1284 1367 1377 1406 dies.
1883 1371 1941 1405 950

205 1438 322 1478 ΜΕΝ.
372 1439 421 1477 At
451 1449 523 1489 ego
554 1443 592 1476 te
623 1435 862 1488 pendentem
895 1436 1037 1475 fodiam
1069 1436 1236 1475 stimulis
1266 1435 1425 1486 triginta
1457 1435 1551 1474 dies.

205 1506 323 1546 MED.
362 1506 388 1554 1,
411 1518 563 1545 arcesse
580 1505 772 1552 homines,
794 1505 861 1555 qui
877 1504 998 1543 illunc
1013 1504 1058 1543 ad
1077 1516 1138 1543 me
1155 1503 1342 1542 deferant.
1384 1502 1485 1545 SEN.
1522 1502 1628 1548 Quot
1641 1508 1735 1542 sunt
1750 1500 1872 1542 satis?

206 1574 323 1613 MED.
375 1573 544 1612 Proinde
574 1579 617 1612 ut
648 1573 822 1612 insanire
851 1572 975 1619 video,
1007 1578 1205 1623 quattuor,
1238 1571 1359 1610 nihilo
1393 1571 1536 1610 minus.

206 1642 305 1682 SEN.
347 1641 426 1680 Iam
449 1641 510 1681 hic
532 1647 662 1680 erunt.
704 1652 855 1680 asserva
878 1646 918 1679 tu
941 1640 1084 1687 istunc,
1106 1639 1267 1679 medice.
1308 1639 1426 1678 Men.
1467 1639 1589 1678 Immo
1612 1638 1676 1677 ibo
1699 1637 1871 1686 domum,

206 1716 249 1749 ut
278 1715 468 1761 parentur
498 1709 640 1761 quibus
670 1709 813 1761 paratis
844 1721 944 1760 opus
975 1714 1044 1747 est.
1105 1714 1146 1746 tu
1178 1719 1310 1747 servos
1341 1707 1431 1746 iube
1885 1709 1943 1743 955

206 1777 313 1817 hunc
329 1777 375 1817 ad
391 1789 452 1816 me
468 1777 608 1816 ferant.
639 1777 738 1817 SEX.
779 1776 858 1815 Iam
876 1789 948 1827 ego
966 1775 1043 1815 illic
1062 1776 1148 1815 saxo
1167 1776 1250 1814 erit.
1282 1775 1398 1815 MED.
1422 1774 1542 1814 Abeo.
1583 1774 1682 1815 Sex.
1705 1774 1875 1814 Vale.—

321 1913 386 1945 930
411 1921 463 1945 m:
475 1920 617 1956 praem.
686 1909 845 1954 perdunt
864 1908 978 1944 B¹CD
1064 1908 1194 1954 priore
1209 1916 1385 1953 responso
1395 1905 1550 1952 prolato
1567 1916 1642 1940 non
1657 1916 1695 1941 se
1719 1905 1877 1942 continet

206 1972 241 2003 et
265 1970 460 2012 antequam
484 1966 638 2000 alterum
649 1965 828 2011 proferat
851 1966 888 1999 in
905 1965 1175 2001 execrationem
1192 1963 1349 2009 erumpit
1441 1964 1506 1998 933
1531 1962 1654 1998 alebat
1670 1959 1786 1998 B'CD

207 2026 273 2058 934
306 2023 392 2068 quid
415 2022 567 2058 —istic
598 2020 832 2056 Menaechmo
863 2022 1125 2056 continuantur
1154 2022 1210 2062 (sn
1241 2019 1303 2064 qui
1331 2018 1378 2061 Β)
1469 2018 1565 2062 dixi,
1597 2018 1750 2054 correxi
1777 2017 1877 2064 (quid

207 2090 272 2125 ego
297 2079 396 2114 dixi?
422 2078 508 2114 Seu.
533 2078 671 2113 insanis
696 2090 731 2120 ς,
757 2077 880 2123 vulqo)
973 2079 1014 2112 tu
1038 2076 1122 2112 istic
1148 2089 1188 2113 ς.·
1211 2075 1324 2112 tustic
1348 2074 1395 2116 D,
1421 2075 1538 2110 custic
1565 2075 1603 2118 C,
1629 2075 1725 2110 istuc
1754 2073 1786 2109 Β
1818 2118 1827 2122 δ

206 2139 272 2172 935
298 2135 462 2180 quaesita
488 2135 746 2180 pronominum
772 2134 959 2180 positione
989 2143 1190 2168 sermonem
1218 2131 1481 2178 impeditiorem
1503 2131 1646 2176 factum
1670 2142 1744 2166 non
1768 2131 1877 2166 mira-

204 2203 308 2233 mur;
336 2191 401 2226 sed
429 2190 669 2237 probabiliter
709 2190 900 2236 Vssinqius
935 2189 1042 2225 talem
1078 2200 1218 2225 versum
1254 2189 1348 2223 inter
1379 2188 1452 2223 934
1483 2193 1519 2223 et
1550 2188 1625 2223 935
1653 2187 1877 2223 intercidisse

206 2248 378 2284 coniecit:
410 2247 572 2292 scipione
603 2247 674 2282 hoc
705 2257 784 2281 meo
823 2246 1065 2282 comminuere
1101 2244 1320 2291 occeptabas
1357 2247 1465 2280 artua
1601 2244 1807 2280 ministatus
1831 2243 1877 2285 D,

205 2305 312 2340 minis
337 2306 456 2340 status
480 2302 565 2338 B¹C
646 2308 737 2349 post
764 2303 837 2337 935
861 2301 1085 2337 Menaechmi
1110 2312 1250 2337 versum
1275 2300 1494 2336 desideravit
1517 2299 1748 2342 machalius,
1772 2310 1877 2346 quem

209 2361 315 2397 talem
339 2360 514 2396 indicavit
551 2357 752 2394 Vahlenus:
782 2359 862 2403 quis
895 2369 933 2393 se
965 2358 1056 2394 dicit
1087 2359 1179 2393 haec
1203 2368 1260 2393 me
1290 2357 1413 2392 facere
1445 2356 1582 2392 uidisse
1611 2359 1677 2392 aut
1705 2356 1786 2402 quis
1818 2365 1876 2391 ar-

205 2418 308 2462 guit?
401 2420 467 2452 940
492 2415 577 2451 uide
601 2414 718 2450 B¹CIJ
810 2418 847 2451 te
940 2417 1002 2449 941
1031 2414 1112 2450 Ioui
1137 2414 1212 2450 scio
1237 2412 1416 2460 Pylades,
1443 2412 1691 2448 Camerarius:
1714 2411 1807 2448 iouis
1830 2410 1878 2455 B,

205 2474 242 2509 lo
266 2473 363 2509 iouis
388 2471 473 2514 CD‚·
496 2472 546 2517 cf.
572 2471 669 2506 Trin.
697 2472 756 2506 84.
798 2471 856 2507 aio
881 2471 979 2507 Iouis
997 2470 1139 2506 Parcus
1230 2472 1296 2505 942
1321 2472 1358 2505 te
1381 2469 1507 2505 deesse
1526 2469 1559 2504 B
1576 2472 1662 2504 ante
1685 2479 1793 2510 corr„
1817 2467 1878 2503 teb

209 2531 335 2566 deesse
361 2528 422 2564 CD
515 2532 579 2564 943
605 2531 699 2564 etze
725 2527 786 2563 CD
877 2527 1038 2563 suffurca
1054 2526 1105 2561 B¹
1129 2532 1237 2568 reete,
1262 2526 1410 2562 sufurca
1436 2525 1497 2562 CD
1589 2528 1654 2561 945
1677 2524 1877 2561 rescondeo

210 2586 326 2622 B‘CI)
403 2589 468 2621 946
493 2585 668 2621 maledice
693 2584 809 2621 B¹CD
884 2584 934 2629 cf.
961 2582 1070 2630 Epid.
1094 2583 1174 2618 234
1251 2585 1315 2617 947
1341 2582 1397 2618 sin
1422 2581 1539 2619 B¹CD
1607 2593 1646 2618 es
1674 2580 1788 2618 B¹CD

211 2646 276 2678 948
301 2645 342 2679 ut
365 2642 401 2677 B
469 2642 571 2678 itane.
597 2641 711 2677 B¹CD
788 2644 866 2677 950.
892 2643 954 2675 951
981 2639 1125 2676 inverso
1150 2639 1289 2682 ordine,
1314 2649 1408 2674 corr.
1433 2637 1664 2674 Camerarius
1737 2640 1803 2673 950
1828 2636 1877 2672 Μ.

210 2711 279 2735 om.
295 2699 332 2734 B
422 2698 535 2734 helles
559 2699 686 2734 borum
710 2698 840 2741 (forum
858 2696 929 2740 ΒΞ)
1019 2696 1170 2742 (hosce)
1193 2695 1332 2740 aliquos
1350 2693 1560 2737 Muellerus,
1587 2694 1756 2738 Brixius,
1780 2693 1880 2739 quod

210 2767 327 2791 sermo
351 2766 440 2790 sane
463 2754 532 2790 hoc
556 2754 636 2790 loco
661 2765 734 2790 non
758 2752 983 2789 commendat
1075 2752 1166 2788 alios
1191 2754 1240 2788 B²
1336 2754 1402 2787 952
1426 2751 1439 2785 i
1460 2761 1604 2787 arcesse
1622 2750 1782 2787 Parcus:
1805 2749 1877 2785 lar-

211 2823 312 2847 cesse
338 2811 437 2853 B10,
462 2821 485 2846 a
508 2822 652 2847 arcesse
678 2810 722 2853 D,
747 2820 891 2846 arcesse
915 2809 968 2845 Β2
1074 2808 1175 2844 illum
1284 2810 1349 2842 953
1374 2810 1416 2843 ut
1441 2807 1496 2842 B:
1520 2808 1557 2843 ui
1584 2806 1644 2843 ΟΒ
1751 2806 1878 2842 uideor

212 2867 328 2903 B¹CD
418 2868 509 2903 nihil
533 2868 699 2904 hominus
725 2866 840 2903 B¹CD
933 2869 996 2901 955
1021 2868 1062 2902 tu
1086 2877 1123 2902 c:
1146 2867 1205 2900 tus
1232 2863 1303 2906 CD,
1328 2866 1410 2900 tuos
1435 2863 1471 2898 B
1562 2862 1646 2899 lube
1673 2862 1733 2899 CD

2007 1614 2010 1619 -
2000 1578 2018 1596 φ
