2018 3183
243 126 324 163 254
980 115 1162 151 PLAVTI
1705 109 1749 137 111
1762 110 1789 143 5,
1808 109 1909 137 40—56

354 240 459 279 PAR.
510 237 647 275 Sciens
678 234 725 273 de
756 233 812 271 via
844 235 882 270 in
915 230 1090 270 semitam
1123 227 1349 279 degredere.
1916 229 1983 262 675

275 336 282 343 .
355 307 455 346 Lrs.
504 302 701 353 Numquid
733 300 827 339 mihi
857 296 1058 338 minatur?
1116 297 1222 336 PAR.
1271 294 1359 334 Tibi
1389 294 1530 333 infesta
1561 291 1669 332 solist

243 376 332 427 plus
359 385 475 425 quam
505 371 700 421 cuiquam.
738 369 786 410 L.
817 368 942 414 Quam
960 366 1010 406 oh
1027 363 1139 404 rem?
1169 364 1215 404 P.
1237 363 1335 409 Quia
1353 374 1394 402 sc
1411 361 1479 401 des
1495 371 1655 400 uxorem
1673 357 1911 411 Olympioni,

244 455 374 493 neque
404 453 446 480 se
476 446 584 479 tuam
617 450 690 477 nec
720 450 760 476 se
791 448 902 475 suam
934 446 1064 485 neque
1095 432 1165 471 viri
1196 431 1311 470 vitam
1342 429 1473 469 sinere
1504 428 1544 467 in

246 510 463 550 crastinum
495 506 673 560 protolli:
707 505 744 544 id
776 505 852 542 huc
969 504 1085 541 missa
1115 511 1200 540 sum
1233 498 1304 537 tibi
1335 504 1377 537 ut
1406 497 1592 542 dicerem,
1841 497 1983 532 679680

244 579 291 618 ab
324 589 367 617 ea
389 577 445 616 uti
467 578 601 616 caveas
632 574 714 613 tibi.
773 572 873 611 LYS.
907 570 1009 609 Perii
1030 568 1161 608 hercle
1184 570 1255 617 ego
1279 566 1407 605 miser.
1447 564 1553 604 PAR.
1585 562 1735 613 Dignus
1755 557 1855 614 (es).

356 645 457 685 LYS.
502 645 637 695 Neque
668 645 727 681 est
758 652 886 691 neque
918 640 990 678 suit
1020 649 1081 676 me
1111 638 1231 676 senex
1262 634 1468 685 quisquam
1499 633 1648 670 amator

416 714 589 763 adaeque
619 711 749 751 miser.
808 707 913 748 PAR.
963 706 1072 745 Ludo
1104 717 1176 755 ego
1208 704 1315 742 hiinc
1346 702 1488 748 facete;
1791 699 1983 735 683--685

361 794 451 820 nam
483 782 582 832 quae
614 779 713 818 sacta
745 777 823 816 dixi
854 775 984 814 omnia
1014 774 1106 813 huic
1137 772 1228 810 falsa
1260 770 1356 808 dixi:

360 861 425 888 era
455 851 571 899 atque
602 847 696 886 haec
727 845 858 884 dolum
890 846 936 882 ex
967 853 1160 894 proxumo
1192 839 1298 877 hunc
1329 836 1591 889 protulerunt,

361 929 432 968 ego
464 917 570 955 hunc
602 915 717 954 missa
748 916 833 952 sum
863 911 1010 950 ludere.
1070 909 1169 948 LYs.
1222 906 1328 945 Heus
1359 904 1589 943 Pardalisca.

360 985 464 1024 PAR.
487 982 588 1029 Quid
606 980 689 1021 est?
717 981 817 1020 LYs.
836 979 905 1018 Est
922 1002 975 1006 —
991 977 1036 1016 P.
1058 973 1186 1021 Quid?
1217 974 1264 1014 L.
1286 964 1355 1012 Est
1367 971 1469 1022 quod
1488 970 1574 1009 volo
1592 967 1797 1019 exquirere
1809 968 1915 1005 exte.

361 1052 466 1091 PAR.
514 1050 662 1089 Moram
695 1050 813 1088 offers
843 1046 949 1085 mihi.
1008 1044 1108 1084 LYs.
1159 1028 1206 1081 Ᾰῑ
1236 1049 1277 1080 tu
1309 1039 1402 1078 mihi
1434 1038 1551 1077 offers
1580 1039 1811 1075 maerorem.
1927 1037 1984 1070 690

419 1119 484 1157 sed
516 1118 685 1157 etiamne
715 1116 832 1154 habet
949 1123 1056 1151 nunc
1088 1110 1224 1150 Casina
1255 1104 1450 1159 gladium?

361 1187 466 1226 PAR.
516 1185 652 1231 Habet,
685 1184 752 1223 sed
783 1183 893 1222 duos.
951 1180 1050 1219 LYs.
1101 1177 1215 1225 Quid,
1247 1173 1373 1215 duos?
1431 1174 1536 1213 PAR.
1586 1172 1715 1211 Altero
1747 1176 1786 1209 te

365 1257 586 1293 occisurum
617 1255 681 1300 ait,
713 1251 832 1290 altero
862 1249 1018 1288 vilicum
1051 1245 1178 1286 hodie.

421 1323 521 1362 Lm.
572 1320 845 1360 Occisissimtis
875 1329 962 1356 sum
993 1314 1168 1354 omnium
1201 1312 1266 1363 qui
1296 1310 1441 1349 vivont.

421 1391 579 1429 loricam
611 1389 770 1428 induam
803 1386 856 1424 mi
887 1390 1091 1436 optumum
1123 1383 1205 1421 esse
1238 1380 1390 1431 opinor.
1932 1375 1988 1409 695

423 1458 514 1509 quid
544 1461 646 1497 uxor
676 1452 791 1494 mea?
823 1457 903 1493 non
936 1451 1028 1491 adiit
1058 1453 1174 1500 atque
1206 1443 1376 1486 ademit?

363 1527 468 1566 PAR.
517 1525 640 1564 Nemo
672 1523 788 1562 audet
817 1532 941 1573 prope
971 1517 1168 1558 accedere.
1228 1515 1328 1554 Lm.
1377 1502 1533 1551 Exorat.
1592 1509 1697 1548 PAR.
1748 1492 1861 1547 Orat:

367 1597 483 1644 negat
513 1604 664 1645 ponere
694 1591 768 1630 Alio
799 1588 915 1628 modo
949 1587 1026 1626 ullo
1056 1585 1246 1638 profecto,

369 1662 441 1701 nisi
473 1674 515 1700 se
545 1661 641 1700 sciat
669 1659 781 1698 vilico
814 1669 894 1696 non
926 1655 1059 1694 datum
1089 1653 1148 1692 iri.

366 1729 466 1769 LYS.
516 1729 643 1779 Atque
674 1726 861 1778 ingratiis,
894 1724 983 1775 quia
1014 1734 1094 1760 non
1126 1720 1215 1766 volt,
1249 1717 1370 1757 nubet
1399 1716 1525 1771 hodie.
1931 1716 1987 1749 700

371 1876 434 1908 675
460 1871 681 1917 deg[re]dere
706 1868 781 1909 ΑΡ,
807 1867 994 1912 degredire
1020 1864 1207 1899 Bentleius
1299 1863 1363 1895 676
1384 1870 1470 1894 num
1495 1857 1546 1892 P:
1568 1866 1652 1891 nam
1675 1856 1707 1890 Α
1810 1856 1919 1889 678-

256 1933 318 1965 681
347 1930 440 1975 disp.
465 1930 516 1963 A:
544 1937 662 1971 neque
686 1946 730 1950 —
753 1925 791 1959 in
812 1928 816 1967 1
839 1924 1036 1960 crastinum
1061 1941 1102 1945 —
1128 1920 1284 1954 dicerem
1304 1917 1310 1962 1
1331 1916 1376 1951 ab
1404 1936 1445 1940 —-
1471 1914 1566 1959 dig-3
1592 1918 1701 1958 alque
1723 1912 1759 1947 in
1778 1910 1814 1945 P
1835 1920 1922 1956 quo-

256 1997 325 2032 que
349 1987 392 2029 (v.
418 1984 467 2020 ad
493 1986 558 2019 651
576 1987 644 2028 sq.)
670 1983 866 2017 crastinum
894 2000 931 2004 —
964 1979 1119 2013 dicerem
1148 1985 1258 2009 unum
1282 1983 1421 2008 versum
1451 1972 1568 2016 fuisse
1600 1968 1794 2003 ostendunt
1816 1966 1922 2001 muti·

256 2042 333 2077 lata
357 2041 407 2076 ibi
431 2040 606 2075 vocabula
627 2039 744 2074 sinere
761 2038 798 2072 in
823 2041 858 2072 et
883 2036 1037 2070 dicerem
1056 2061 1063 2069 .
1084 2032 1294 2068 octonarius
1318 2027 1491 2064 baccheos
1515 2026 1679 2071 sequitur
1702 2028 1741 2058 ut
1766 2035 1797 2059 υ.
1828 2023 1899 2058 706
1908 2034 1923 2063 ,-

255 2096 385 2133 deinde
410 2095 598 2131 trochaeos
622 2095 769 2139 aquom
792 2092 996 2128 Sclzoellz'us
1102 2092 1166 2125 677
1194 2085 1379 2132 olimpioni
1405 2083 1438 2118 P
1543 2084 1608 2116 678
1634 2092 1673 2116 se
1698 2090 1767 2115 om.
1784 2080 1828 2121 A,
1852 2088 1924 2123 quo

257 2165 368 2200 aeqre
392 2163 557 2187 caremus
650 2151 768 2185 sinere
791 2150 830 2184 in
856 2150 905 2183 Α.·
932 2147 987 2183 sin
1011 2145 1046 2180 P
1142 2146 1259 2189 neque
1285 2153 1324 2178 se
1348 2146 1448 2177 tuam
1475 2149 1542 2174 nec
1568 2139 1669 2173 suam
1692 2146 1808 2181 neque
1828 2137 1834 2178 1
1855 2134 1925 2169 uiri

257 2211 372 2246 uitam
398 2209 516 2244 sinere
539 2210 575 2242 in
602 2207 720 2250 [diem]
747 2204 971 2245 Schoellius;
998 2202 1157 2248 clispesta
1184 2198 1357 2236 vocabula
1381 2199 1419 2232 in
1439 2198 1445 2240 Ι
1466 2194 1665 2231 crastinum
1687 2198 1845 2238 systema
1869 2191 1924 2225 in-

257 2268 393 2307 dicant,
418 2265 512 2301 velut
536 2265 648 2300 uitam
673 2262 905 2307 <asseuerat>
1033 2262 1109 2292 679.
1135 2259 1199 2292 680
1226 2257 1410 2297 ᾱίοο1τθ]ιῃ
1436 2256 1484 2288 Α.·
1512 2251 1549 2286 di
1567 2250 1602 2284 P
1622 2249 1753 2290 (dicam
1772 2248 1835 2290 B2)

259 2326 322 2359 681
350 2327 392 2359 ut
408 2321 478 2358 ΑΡ
566 2320 695 2365 dignus
721 2329 777 2353 es:
805 2318 865 2361 dig
890 2337 929 2341 -
957 2318 1000 2356 A,
1025 2325 1092 2349 om.
1109 2313 1153 2357 P,
1178 2313 1320 2356 dignu's
1344 2314 1385 2346 tu
1411 2308 1611 2345 Schoellius
1627 2305 1704 2351 (qui
1725 2305 1764 2339 in
1782 2305 1814 2339 Α
1837 2302 1927 2339 vidit

258 2381 319 2424 dig
338 2400 376 2404 —
397 2390 433 2422 u,
458 2379 507 2423 cf.
521 2377 647 2423 praef.
667 2375 773 2410 Most.
786 2386 825 2420 p.
844 2364 902 2411 1⁶6>
997 2373 1173 2406 636-707
1201 2369 1294 2414 disp.
1313 2367 1365 2401 P:
1388 2366 1481 2402 Nam
1497 2385 1542 2390 —
1561 2363 1681 2398 dolum
1707 2361 1785 2407 (secl
1808 2359 1897 2402 Era)
1917 2361 1922 2403 Ι

259 2437 317 2471 Ex
342 2456 384 2460 —
410 2435 536 2470 ludere
556 2433 561 2478 1
584 2433 684 2467 Heus
707 2451 754 2457 —
777 2433 833 2466 est
853 2432 858 2473 1
880 2429 985 2472 Quod
1006 2429 1103 2461 —tu
1124 2429 1128 2467 1
1151 2426 1242 2460 Mihi
1270 2445 1309 2449 -
1328 2423 1486 2468 gladium
1512 2419 1589 2460 (secl
1611 2420 1694 2460 Sed)
1716 2421 1720 2462 1
1743 2417 1866 2453 Habet
1883 2435 1924 2440 —

259 2493 464 2529 occisurum
484 2493 489 2535 1
510 2490 574 2525 Ait
587 2509 628 2514 —
643 2488 775 2523 uiuunt
795 2490 798 2526 1
822 2485 989 2521 Loricam
1006 2504 1041 2508 —
1060 2493 1150 2517 uxor
1163 2482 1238 2523 (sed
1254 2480 1360 2525 Quid)
1382 2482 1386 2521 1
1409 2478 1493 2513 Mea.
1509 2497 1546 2501 —
1566 2476 1741 2511 accedere
1762 2479 1766 2514 1
1788 2473 1926 2507 Exoret

259 2569 304 2575 —
319 2547 484 2593 profecto
507 2550 511 2589 1
533 2545 581 2580 Ni
598 2565 640 2570 —
658 2544 737 2579 uult
757 2547 762 2584 1
783 2543 906 2578 Nubet
920 2561 959 2566 ——
979 2539 1083 2584 coepi
1104 2542 1108 2582 1
1129 2538 1179 2572 Vt
1196 2558 1230 2561 —
1252 2536 1360 2571 uilico
1383 2535 1388 2579 1
1410 2533 1578 2579 Sepicule
1594 2551 1640 2558 -—
1657 2532 1809 2567 obsecro
1830 2529 1836 2573 1
1856 2527 1925 2563 Dic

261 2625 297 2630 -
330 2608 365 2640 et
386 2607 390 2645 1
411 2603 545 2638 Redire
563 2623 604 2626 —
624 2604 726 2637 orato
748 2600 753 2644 1
773 2599 823 2634 Et
839 2618 883 2624 —
900 2597 1011 2633 audin
1103 2597 1168 2628 685
1195 2595 1302 2636 hume
1319 2593 1371 2626 Α.·
1394 2592 1465 2626 huc
1494 2589 1525 2623 P
1608 2590 1673 2623 689
1698 2592 1807 2622 nolae
1827 2594 1924 2631 pers.

260 2664 500 2697 commutatae
523 2659 559 2693 in
584 2657 620 2692 P
720 2668 766 2700 ex,
790 2659 825 2691 te
850 2656 900 2689 A:
925 2656 984 2689 ate
1009 2651 1044 2686 P
1145 2653 1205 2684 691
1236 2649 1299 2684 sed
1323 2646 1495 2683 adhaeret
1514 2645 1638 2691 priori
1662 2643 1783 2679 versui
1804 2642 1836 2676 A

261 2728 360 2752 nunc
385 2715 468 2752 AP:
503 2726 572 2750 om.
601 2713 734 2748 Gellius
757 2714 790 2753 1,
820 2714 849 2756 7,
874 2712 914 2745 11
1030 2708 1081 2753 cf.
1107 2706 1156 2741 acl
1183 2706 1256 2740 663
1372 2705 1436 2738 692
1461 2702 1548 2747 quid
1572 2702 1662 2737 duos
1686 2698 1768 2735 AP:
1797 2697 1927 2743 quibus

264 2773 401 2808 Gellius
517 2773 581 2806 693
608 2770 812 2805 occisurum
836 2767 879 2808 P,
905 2765 1004 2812 quod
1028 2768 1179 2799 testatur
1206 2761 1358 2796 Gellius:
1390 2759 1589 2795 occisuram
1614 2758 1668 2798 A,·
1691 2756 1740 2801 cf!
1769 2755 1836 2790 671

262 2829 372 2864 hodie
396 2839 463 2864 om.
490 2827 624 2863 Gellius
718 2828 783 2860 694
808 2824 990 2866 o[mnium]
1016 2821 1078 2867 qui
1102 2821 1233 2865 uiuunt
1251 2817 1318 2853 ΑΡ
1408 2819 1472 2850 696
1497 2814 1592 2861 (an)
1608 2824 1681 2849 non
1708 2811 1865 2847 Weisius

263 2886 339 2920 adit
356 2885 387 2919 Α
457 2884 582 2919 adimit
602 2883 633 2917 Ρ
723 2884 788 2916 699
805 2881 872 2923 nisi
892 2881 942 2914 A:
967 2879 1005 2913 ni
1024 2878 1058 2912 P
1147 2879 1211 2910 700
1228 2874 1328 2920 atqui
1346 2875 1375 2908 Α
1445 2870 1636 2917 ingrastssis
1653 2872 1703 2906 Α.·
1726 2866 1878 2913 ingratis
1897 2864 1930 2900 P
