1998 3179
98 76 112 102 I
131 76 157 108 1,
175 75 259 102 1—15

757 869 1089 910 PALINVRVS
1687 873 1707 911 Ι
1731 875 1751 911 1

97 948 183 994 Quo
216 949 280 987 ted
309 948 384 987 hoc
415 948 543 988 noctis
573 949 696 987 dicam
728 949 924 1000 proficisci
956 950 1059 988 foras

97 1015 192 1055 Cum
223 1016 321 1055 istoc
351 1021 492 1055 ornatu
523 1028 689 1067 cumque
719 1017 792 1055 hac
822 1029 977 1068 pompa,
1008 1015 1281 1056 Phaedrome?

724 1129 1124 1170 PHAEDROMVS

95 1206 180 1253 Quo
210 1207 343 1247 Venus
374 1208 603 1259 Cupidoque
634 1209 811 1260 imperat,
841 1208 977 1248 suadet
1007 1209 1146 1247 Amor:

95 1275 126 1313 si
157 1274 280 1313 media
312 1288 390 1314 nox
421 1282 478 1314 est
507 1276 585 1315 sive
617 1282 674 1314 est
704 1276 829 1327 prima
860 1288 1032 1327 vespera,

95 1342 126 1380 si
156 1348 278 1381 status
308 1343 512 1382 condictus
543 1355 631 1382 cum
663 1343 774 1382 hoste
806 1343 1013 1382 intercedit
1043 1344 1136 1389 dies,
1786 1350 1803 1381 5

95 1415 224 1448 tamen
256 1415 315 1448 est
345 1409 519 1449 eundum
551 1422 628 1461 quo
662 1410 858 1461 imperant
889 1411 1075 1462 ingratiis.

93 1476 195 1516 PAL.
246 1478 294 1515 At
324 1477 495 1523 tandem,
527 1477 683 1515 tandem
714 1501 768 1506 —
826 1478 997 1518 PHAED.
1043 1478 1218 1517 Tandem
1249 1490 1290 1517 es
1321 1477 1478 1517 odiosus
1511 1479 1617 1518 mihi.

93 1543 194 1584 PAL.
246 1544 351 1583 Istuc
382 1544 539 1595 quidem
572 1557 645 1583 nec
676 1544 821 1583 bellum
854 1551 911 1584 est
942 1558 1016 1584 nec
1048 1545 1321 1585 memorabile:

92 1616 175 1649 tute
204 1610 273 1649 tibi
305 1624 404 1663 puer
434 1624 488 1658 es,
518 1612 646 1651 lautus
678 1612 785 1652 luces
817 1624 989 1651 cereum.

93 1678 260 1718 PHAED.
310 1678 420 1729 Egon
454 1679 695 1731 apicularum
729 1686 958 1730 congestum
992 1691 1110 1730 opera
1143 1693 1222 1719 non
1257 1681 1391 1728 feram,
1787 1685 1823 1717 10

94 1757 138 1784 ex
168 1745 272 1784 dulci
303 1746 515 1786 oriundum
546 1747 712 1786 melculo
744 1747 848 1786 dulci
878 1745 995 1785 meo?

92 1813 194 1854 PAL.
242 1814 337 1853 Nam
369 1826 447 1864 quo
478 1819 517 1852 te
547 1814 672 1854 dicam
703 1827 775 1865 ego
807 1813 893 1853 ire?
952 1815 1122 1855 PHAED.
1172 1814 1212 1854 Si
1244 1821 1286 1853 tu
1318 1827 1378 1854 me
1409 1827 1538 1866 roges,

93 1880 215 1920 dicam
245 1887 289 1920 ut
318 1882 429 1920 scias.
489 1882 590 1922 PAL.
643 1882 682 1921 Si
713 1882 892 1931 rogitem,
926 1882 1017 1932 quid
1049 1880 1317 1933 respondeas?

92 1947 259 1989 Pmn.
310 1949 395 1987 Hoc
426 1949 631 2000 Aesculapi
664 1950 798 1988 sanum
830 1955 899 1988 est.
959 1950 1061 1988 PAL.
1113 1949 1205 1989 Plus
1237 1950 1310 1988 iam
1342 1962 1447 1989 anno
1479 1950 1572 1989 scio.

92 2015 260 2055 PHAED.
310 2015 411 2055 Huic
442 2029 677 2068 proxumum
710 2017 801 2056 illud
834 2018 1011 2056 ostiumst
1043 2017 1323 2056 oculissimum.
1786 2023 1821 2055 15

203 2158 412 2194 PALmvnvs
437 2170 570 2194 SERVVS
593 2170 811 2195 PHEDRomvs
836 2170 1065 2195 Anonssscnus
1090 2159 1205 2194 BVE
1324 2165 1337 2194 1
1367 2171 1437 2204 quo
1461 2160 1522 2196 ted
1546 2161 1615 2195 hac
1638 2159 1756 2196 noetis

93 2213 127 2247 d.
145 2225 180 2258 p.
199 2214 224 2248 f.
250 2214 364 2255 codd„
390 2225 460 2260 quo
478 2217 515 2250 te
531 2216 575 2250 de
592 2217 660 2251 hoc
681 2218 768 2251 noct
791 2236 833 2240 —
859 2216 974 2251 ficisci
998 2215 1096 2251 foras
1116 2215 1270 2252 Charisii
1292 2227 1330 2261 p.
1349 2218 1418 2251 112
1436 2216 1637 2257 Bobimsis,
1662 2216 1755 2260 quod

93 2271 129 2305 et
151 2270 221 2306 hoc
244 2271 291 2306 tis
317 2271 509 2307 Diomedes
532 2272 602 2307 441
633 2275 797 2317 (uterque
827 2276 998 2307 testantes
1025 2272 1100 2314 ted)
1215 2275 1234 2306 2
1257 2273 1328 2307 isto
1353 2272 1405 2306 B¹
1521 2275 1539 2306 3
1565 2272 1660 2317 quod
1684 2271 1757 2306 Νο-

93 2325 175 2360 nius
197 2327 281 2369 421,
306 2338 410 2372 quem
433 2328 544 2363 schol.
569 2329 657 2364 Aen.
683 2329 718 2369 4,
734 2328 806 2362 194
922 2328 1123 2373 cupidoque
1148 2327 1302 2369 Nonius,
1326 2328 1438 2363 schol.
1475 2328 1599 2375 Ve7·q..·
1623 2329 1754 2373 cupido

92 2381 212 2426 (cupio
238 2382 280 2425 V)
349 2384 530 2429 imperant
546 2383 717 2430 Pylades,
741 2384 791 2429 cf.
811 2385 885 2418 632
901 2384 982 2419 Αιιῖ.
1004 2386 1086 2426 750,
1114 2384 1191 2419 Ter.
1209 2384 1274 2419 Ad.
1294 2386 1382 2419 340.
1400 2385 1476 2419 470
1545 2385 1673 2419 suadet
1690 2383 1755 2425 13¹,

92 2436 201 2472 schol.
229 2438 354 2485 γονῇ..-
380 2441 579 2485 suadetque
603 2440 724 2476 ῙῙΕΒ2
815 2445 834 2476 5
860 2440 1026 2476 conditus
1051 2439 1118 2474 VE
1206 2440 1401 2476 intercedit
1423 2441 1504 2475 item
1529 2441 1658 2475 Festus
1675 2441 1757 2483 314,

93 2491 203 2529 schol.
229 2496 317 2530 Aen.
342 2496 377 2537 4,
402 2497 498 2531 424:
526 2497 733 2533 intercessit
756 2496 968 2532 Macrobius
990 2498 1022 2539 1,
1047 2497 1104 2538 16,
1129 2497 1174 2530 14
1269 2499 1288 2529 6
1312 2496 1491 2540 imperant
1514 2496 1662 2531 Festus:
1689 2497 1754 2531 im-

92 2552 197 2593 perat
269 2551 432 2596 ingratus
457 2552 534 2595 VE,
558 2554 709 2599 ingratis
725 2553 855 2588 Festus
934 2556 975 2587 10
1000 2563 1106 2596 egon:
1134 2563 1198 2596 ego
1215 2563 1298 2587 nam
1314 2551 1528 2587 Priscianus
1544 2554 1575 2594 1,
1592 2553 1669 2587 107

94 2613 205 2649 opera
228 2611 437 2652 congestum
461 2620 540 2644 cum
565 2609 776 2652 Prisciano,
801 2620 895 2645 corr.
921 2608 1081 2644 Botleius
1199 2612 1235 2643 11
1263 2608 1460 2651 melliculo‚
1484 2608 1536 2653 cf.
1563 2608 1642 2644 Cas.
1670 2609 1753 2643 837.

91 2661 248 2705 pertinet
271 2663 320 2698 ad
343 2669 534 2711 utrumque
557 2665 657 2701 dulci
728 2668 768 2700 12
792 2665 860 2700 PH.
880 2676 946 2700 om.
972 2668 1125 2710 (praem.
1144 2676 1176 2700 v.
1193 2667 1260 2709 sq.)
1335 2668 1384 2699 13.
1413 2667 1454 2698 14
1470 2675 1573 2709 pers.
1597 2675 1664 2699 om.

98 2719 137 2750 15
161 2718 303 2760 ostium,
328 2730 420 2755 corr.
437 2720 690 2757 Fleckeisenus
782 2720 1076 2764 occlusissimum,
1101 2725 1301 2755 correctum
1317 2730 1366 2754 ex
1382 2719 1490 2754 Festo
1508 2720 1580 2754 178
1600 2719 1754 2764 <oculis—

95 2771 242 2818 si>mum
261 2775 391 2811 ostium
403 2777 552 2820 amicae,
569 2777 619 2822 cf.
634 2776 773 2812 Paulus
786 2777 1029 2812 oculissimum
1047 2776 1282 2818 carissimum,
1300 2775 1352 2809 Pl.
1369 2775 1612 2811 oculissimum
1625 2777 1755 2812 ostium

95 2832 242 2875 amicae,
266 2832 327 2866 ubi
351 2832 489 2868 amicae
512 2834 743 2878 grammatici
763 2838 826 2875 est,
852 2843 924 2868 non
947 2836 1076 2878 poelae
