2018 3183
237 94 318 133 384
974 92 1156 128 PLAVTI
1709 94 1780 129 prol.
1799 94 1902 122 73—76

441 209 599 261 quando
631 208 701 246 alia
733 213 882 259 agetur,
914 206 1015 246 aliud
1047 207 1114 246 fiet
1143 207 1352 260 oppidum3

440 277 541 316 sicut
571 275 735 314 familiae
766 286 924 326 quoque
954 274 1083 314 solent
1114 275 1320 314 mutarier:

440 343 556 383 modo
595 343 664 384 ÷ni
695 342 835 382 caditat
863 341 968 389 leno,
1001 342 1116 381 modo
1147 342 1387 389 adulescens,
1420 343 1536 381 modo
1567 354 1701 385 senex,

441 422 606 463 pauper,
640 410 855 456 mendicus,
887 422 968 457 rex,
1000 409 1206 461 parasitus,
1238 410 1412 450 hariolus

1061 491 1081 514 ᾖ

353 601 395 632 74
417 598 563 640 mutari,
587 608 681 633 corr.
709 597 937 634 Camerarius
1053 602 1094 633 75
1119 610 1142 633 a
1165 599 1271 641 modo
1295 599 1431 644 incepit
1454 600 1486 633 Α
1576 597 1681 633 modo
1707 597 1766 632 hic
1789 596 1904 641 agitat

240 653 417 689 Gruterus
433 665 506 689 uon
530 659 626 689 recte
648 656 697 696 (et
708 653 902 700 flagitatur
916 654 1012 689 idem
1036 660 1068 689 et
1086 660 1305 701 expectatur
1319 654 1509 694 lenonem),
1530 653 1672 689 habitat
1689 651 1904 694 Sohaemus,

237 710 302 746 sed
324 710 363 745 id
384 720 450 747 nec
474 710 523 745 ad
547 721 669 746 omnes
682 721 862 756 personas
886 721 952 747 uec
976 710 1024 745 acl
1040 710 1196 746 familias
1215 721 1281 746 nec
1297 710 1346 746 ad
1361 709 1625 746 habitationum
1643 707 1903 744 multitudinem

239 772 323 813 apte
347 765 529 813 quadrat;
558 767 770 802 sententiam
795 778 868 802 uon
891 773 1041 803 metrum
1074 767 1193 813 effecit
1219 766 1468 803 Camerarius:
1497 765 1604 801 modo
1629 765 1723 801 enim
1746 765 1840 800 idem
1863 764 1906 800 fit

237 823 332 859 leno.
394 822 459 859 sed
492 834 537 858 ue
572 823 730 858 familiae
766 822 908 869 quidem
943 824 1021 858 sine
1059 823 1359 859 determinatione
1393 823 1484 858 satis
1528 822 1687 868 quemvis
1727 826 1905 857 certumve

238 879 447 915 histrionem
464 879 636 914 indicant.
677 879 728 923 cf.
748 879 819 914 Bio
836 878 938 925 apud
955 878 1107 915 Teletem
1121 891 1159 925 p.
1179 880 1214 921 3,
1227 881 1277 921 2,·
1299 880 1402 921 40,2
1422 878 1480 921 Η.,
1496 878 1647 914 Luciau.
1666 877 1828 924 Menipp.
1846 878 1903 912 16.

238 936 380 972 videtur
401 940 486 982 post
509 946 540 971 v.
561 936 604 970 74
622 934 764 981 aliquid
779 935 1002 970 intercidisse
1019 940 1127 982 (puta
1143 935 1287 979 mutari,
1308 935 1384 979 <uti
1409 938 1570 970 mutatur
1594 934 1731 979 fabula,
1755 934 1903 970 habitus

240 1003 437 1038 moresque,
468 992 562 1027 idem
594 993 721 1036 homo>
745 992 850 1028 modo
875 995 916 1027 ut
941 992 1007 1027 fiat
1029 992 1110 1027 leno
1137 994 1191 1034 -)
1284 992 1366 1026 item
1388 992 1475 1036 finis
1492 991 1645 1037 proloqi
1666 991 1787 1037 periit.
1833 1001 1906 1025 uno

238 1059 343 1083 versu
368 1049 510 1084 auctior
532 1047 609 1093 fuit
631 1048 663 1082 A
