1998 3179
87 91 153 125 113,
172 91 249 125 9—4‚
271 92 303 119 15
774 86 1058 123 AVLVLARIA
1665 84 1744 122 103

89 218 196 245 nunc
225 205 414 257 probrum
445 209 561 255 atque
591 202 789 254 partitudo
819 214 943 253 prope
974 200 1084 239 adest
1114 206 1154 238 ut
1186 200 1251 238 fiat
1282 199 1428 251 palam;

90 271 193 323 quod
224 271 389 311 celatum
421 277 534 322 atque
565 270 800 309 occultatum
833 274 890 307 est
920 280 1044 319 usque
1075 267 1213 314 adhuc,
1246 278 1353 305 nunc
1385 279 1463 306 non
1496 273 1637 318 potest.

89 339 152 378 ibo
184 339 300 387 intro,
330 345 372 378 ut
404 351 494 378 erus
524 349 622 389 quae
652 336 854 387 imperavit
883 337 994 381 sacta,
1026 347 1113 374 cum
1145 335 1284 380 veniat,
1316 335 1429 374 sient.

90 418 177 445 nam
209 413 360 446 ecastor
389 406 531 445 malum
561 416 739 443 maerore
769 409 900 442 metuo
931 415 980 441 ne
1010 403 1172 441 mixtum
1205 402 1348 441 bibam.
1380 426 1435 432 -—

737 491 1105 532 PYTHODIC‘VS
1654 491 1700 530 II
1719 492 1745 531 4

347 563 553 612 Postquam
586 560 787 600 obsonavit
818 572 908 598 erus
938 565 975 597 et
1006 559 1195 597 conduxit
1225 570 1374 609 coquos
1756 563 1813 596 280

290 619 548 679 tibicinasque
579 628 694 667 hasce.
724 626 825 678 apud
857 627 999 672 sorum,
1031 626 1147 665 edixit
1179 625 1272 664 mihi

291 703 334 736 ut
363 696 606 749 dispertirem
640 695 846 735 obsonium
878 694 940 733 hic
971 693 1158 732 bifariam.

767 783 1059 844 ANTHRAX

290 854 352 893 Me
382 853 538 904 quidem
569 852 712 899 hercle,
743 851 867 890 dicam
897 843 1014 904 (tibi)
1043 851 1182 902 palam,
1220 862 1298 889 non
1332 850 1494 897 divides;

290 922 320 961 si
353 933 431 972 quo
463 927 501 959 tu
532 927 656 959 totum
688 931 750 958 me
780 919 836 957 ire
866 919 933 964 vis,
965 930 1124 970 operam
1155 917 1267 957 dabo.

796 1008 1050 1049 CONGRIO

291 1077 441 1117 Bellum
473 1084 511 1116 et
540 1077 725 1129 pudicum
756 1089 847 1116 vero
877 1076 1136 1129 prostibulum
1168 1075 1287 1127 popli.
1760 1079 1818 1112 285

292 1152 381 1197 post
411 1146 441 1184 si
473 1145 560 1196 quis
589 1145 717 1191 vellet,
748 1151 786 1184 te
815 1145 914 1183 haud
948 1156 1028 1182 non
1061 1144 1176 1183 velles
1207 1143 1333 1182 dividi.

291 1213 427 1253 PYTH.
477 1214 603 1263 Atque
633 1224 706 1263 ego
736 1213 847 1257 istuc,
880 1212 1067 1257 Anthrax,
1098 1211 1172 1250 alio
1202 1222 1359 1250 vorsum
1391 1211 1575 1260 dixeram,

293 1294 372 1320 non
405 1281 504 1319 istuc
535 1292 612 1331 quo
643 1287 685 1319 tu
716 1280 929 1319 insimulas.
978 1280 1044 1319 sed
1077 1291 1166 1318 erus
1198 1279 1353 1329 nuptias

292 1360 402 1387 meus
433 1347 547 1386 hodie
578 1348 704 1386 faciet.
762 1346 934 1387 ANTHR,
980 1347 1098 1386 Cuius
1127 1346 1231 1385 ducit
1263 1344 1409 1384 filiam?

290 1415 427 1454 PYTH.
475 1414 599 1453 Vicini
630 1415 745 1453 huius
775 1414 976 1453 Euclionis
1005 1412 1155 1468 (senis)
1186 1426 1206 1452 e
1237 1413 1428 1465 proximo.
1761 1417 1818 1449 290

293 1484 327 1521 ei
358 1482 453 1522 adeo
485 1482 624 1522 obsoni
654 1483 746 1521 hinc
777 1483 888 1522 iussit
916 1482 1116 1520 dimidium
1149 1481 1242 1526 dari,

293 1562 430 1590 cocum
462 1550 626 1589 alterum
656 1551 867 1601 itidemque
899 1550 1058 1589 alteram
1090 1549 1303 1588 tibicinam.

292 1618 463 1659 ANTHR.
512 1618 662 1670 Nempe
691 1619 768 1658 huc
798 1618 997 1657 dimidium
1030 1618 1136 1663 dicis,
1169 1617 1369 1655 dimidium
1400 1614 1590 1655 domum?

293 1685 428 1726 PYTH.
458 1686 606 1737 Nempe
626 1689 727 1725 sicut
747 1686 855 1725 dicis.
905 1685 1077 1725 Amnp..
1108 1682 1237 1731 Quid?
1259 1684 1321 1723 hic
1337 1696 1417 1723 non
1440 1689 1591 1735 poterat
1613 1683 1659 1722 de
1680 1694 1751 1722 suo

207 1844 272 1876 276
295 1851 408 1877 nunc:
434 1852 517 1877 nam
542 1840 720 1882 Londin.,·
745 1852 869 1876 versus
890 1841 980 1886 fort.
1006 1840 1213 1882 additio-ius,
1238 1841 1289 1885 cf.
1320 1842 1365 1876 75
1477 1842 1541 1874 279
1566 1850 1752 1882 merorem,

93 1907 186 1933 corr.
215 1896 416 1933 Gronovius
521 1898 670 1932 mixtum
703 1897 768 1930 V2:
792 1897 982 1933 minixtum
1007 1897 1077 1932 BD
1087 1897 1143 1939 V’,
1167 1897 1357 1932 inmixtum
1383 1895 1558 1931 Gruterus
1583 1895 1657 1937 (-im
1681 1894 1752 1929 Pa-

93 1956 188 1996 reus)
280 1954 332 1998 cf.
350 1953 457 1989 Most.
477 1954 572 1995 5³52,-
594 1953 777 1999 Staphyla
793 1954 843 1988 acl
857 1965 1066 1996 maerorem,
1089 1965 1192 2000 quem
1209 1953 1325 1995 habet,
1342 1953 1467 1988 meluit
1483 1964 1528 1987 ne
1544 1952 1676 1986 malum
1695 1963 1754 1986 ccc-

93 2010 209 2051 cedat,
233 2009 283 2055 cf.
304 2009 383 2045 Cas.
401 2010 482 2044 441.
523 2009 566 2045 cle
583 2009 688 2044 verbo
706 2009 758 2054 cf.
775 2009 907 2044 Pseud.
929 2011 976 2045 63
994 2010 1026 2044 T
1023 2011 1091 2044 rin.
1109 2011 1195 2052 122,
1213 2014 1295 2044 Aoo.
1314 2013 1359 2043 tr.
1379 2010 1428 2044 83
1445 2008 1579 2043 Pacuv.
1594 2009 1664 2043 414

95 2068 159 2101 280
184 2066 389 2102 Srnomws
413 2069 637 2107 (smmnonvs‚
660 2065 724 2101 secl
747 2077 767 2101 o
790 2076 871 2112 sup.
893 2077 907 2100 1
930 2066 978 2109 B)
1002 2077 1137 2102 snssvvs
1158 2085 1168 2092 ·
1182 2076 1360 2100 Alam-mx
1374 2084 1383 2092 ·
1399 2074 1555 2100 commo
1580 2067 1752 2107 (commo

94 2121 143 2165 B)
165 2141 171 2148 ·
197 2132 279 2158 coel
302 2141 310 2148 ·
333 2132 522 2157 vaswu
542 2140 553 2147 ·
574 2132 810 2157 Exssnssvsxvm
834 2127 1057 2162 (EXFLESIVM
1087 2123 1131 2165 Β)
1147 2142 1156 2148 -
1173 2132 1335 2168 runcum
1350 2140 1361 2147 -
1375 2132 1404 2155 11
1421 2140 1428 2146 ·
1446 2132 1562 2157 smmx
1586 2120 1664 2157 BV

96 2177 323 2214 tibio-inarum
346 2178 494 2213 nomina
518 2178 596 2214 vide
620 2190 651 2213 v.
671 2179 767 2219 333,·
791 2190 812 2212 a
835 2177 997 2224 ‘coquo'‚
1021 2189 1124 2224 quem
1142 2178 1218 2214 siue
1234 2179 1378 2212 nomine
1400 2175 1625 2212 sermonibus
1642 2185 1755 2220 prae-

91 2234 224 2281 figunt,
250 2234 486 2280 Conqrionem
512 2238 629 2279 (quem
648 2233 890 2280 Gonyriouem
915 2235 1032 2280 maqis
1046 2245 1178 2280 qraece
1196 2233 1360 2280 appellat
1384 2233 1449 2278 qui
1469 2232 1609 2267 scaenis
1634 2230 1756 2265 titulos

92 2290 281 2336 praefixit)
298 2290 525 2336 distinquunt
549 2290 654 2325 codd.
663 2303 679 2333 ‚·
699 2291 859 2336 priorem
876 2290 1092 2325 Antfcracem
1116 2301 1193 2325 esse
1215 2289 1397 2325 intellexit
1421 2287 1591 2324 Goetzius
1615 2290 1658 2327 (υ.
1675 2286 1756 2321 283

94 2347 294 2389 Acidalius,
317 2347 396 2382 293
411 2346 603 2393 Pylades),·
628 2348 710 2382 item
732 2347 815 2392 fere
834 2347 989 2382 Merula.
1038 2345 1196 2382 Strobz'lo
1222 2357 1254 2382 v.
1270 2347 1358 2381 264.
1378 2346 1462 2381 334.
1482 2345 1560 2379 351.
1581 2343 1654 2377 354
1677 2342 1757 2377 sub-

94 2402 312 2439 stituendum
347 2403 464 2438 videri
496 2401 738 2449 Pythodicum
775 2404 839 2448 (cf.
873 2404 962 2446 363)
997 2403 1169 2449 exposuit
1204 2402 1386 2438 Dziatzlco
1421 2413 1509 2437 mus.
1545 2399 1659 2435 Rhen.
1697 2400 1756 2440 37,

95 2459 176 2494 268
266 2461 330 2494 280
354 2470 529 2504 posquam
547 2459 581 2494 B
673 2462 736 2494 281
762 2459 1010 2505 tibicenasque
1102 2461 1167 2494 282
1185 2458 1255 2493 nisi
1269 2458 1450 2494 scribatur
1474 2460 1514 2493 ut
1531 2456 1757 2501 dispertirem

94 2517 187 2551 haec
211 2518 319 2560 atque
341 2515 452 2550 hosce
476 2516 548 2559 hic,
573 2526 652 2550 cum
678 2527 708 2551 v.
722 2517 802 2551 283
826 2517 990 2552 acumine
1014 2519 1149 2556 careat,
1175 2519 1246 2548 tum
1263 2516 1345 2550 287
1356 2525 1463 2549 seusu
1556 2514 1619 2547 283
1645 2511 1757 2557 (tibi)

105 2571 295 2617 Vssinqius
386 2573 450 2606 285
463 2582 517 2617 sq.
536 2570 696 2614 Strobili,
713 2583 807 2607 corr.
826 2572 982 2607 Bothius
1074 2573 1138 2606 286
1155 2573 1255 2616 post:
1272 2570 1334 2615 pol
1352 2569 1506 2605 Brixius
1598 2567 1757 2603 neuelles

100 2626 283 2662 Goellerus
374 2630 438 2662 287
464 2628 554 2670 coci,
578 2631 644 2663 288
661 2628 810 2663 Strobili
833 2628 989 2671 nomine,
1013 2638 1108 2662 corr.
1130 2627 1356 2663 Camerarius
1448 2627 1510 2659 287
1537 2627 1668 2659 antrax

98 2685 163 2718 288
189 2683 300 2727 quod,
331 2694 426 2718 corr.
453 2683 611 2719 Botlu'us
749 2687 812 2718 290
844 2684 986 2729 <senis>
1021 2683 1264 2724 Camerarius,
1296 2681 1347 2726 cf.
1373 2681 1535 2716 Bae-liius
1565 2681 1602 2714 in
1626 2679 1756 2715 Stude·

97 2738 221 2773 mundi
242 2739 335 2773 stud.
359 2741 396 2781 2,
420 2741 493 2774 196
629 2743 690 2775 291
717 2740 778 2774 hle
806 2739 938 2775 Gellius
963 2741 997 2781 3,
1022 2740 1078 2783 14,
1102 2740 1149 2773 15
1274 2737 1379 2772 iussit
1403 2736 1589 2772 dimidium
1606 2736 1759 2771 Gellius.-

100 2794 285 2830 dimidium
308 2795 414 2831 iussit
534 2798 596 2830 293
622 2796 718 2839 huic,
743 2806 839 2830 corr.
868 2795 1016 2831 Guietus
1138 2794 1240 2829 ducis
1275 2793 1306 2827 V
1425 2794 1530 2837 domi,
1556 2804 1650 2828 corr.
1676 2793 1757 2828 Aci-

99 2849 217 2885 dalius
