1998 3179
108 103 150 129 Π*
163 103 190 136 2,
209 103 286 135 9—4,
305 103 339 130 12
792 104 1074 139 AVLVLARIA
1677 105 1755 141 117

106 215 257 256 STROB.
306 217 351 256 Di
382 217 630 264 immortales,
662 218 766 268 quod
797 231 868 269 ego
899 218 1005 257 hunc
1034 219 1232 259 hominem
1264 220 1415 259 facinus
1445 218 1569 258 audivi
1601 219 1727 270 loqui:

107 296 148 323 se
178 284 304 323 aulam
336 291 515 324 onustam
546 285 630 323 auri
661 284 892 324 abstrusisse
922 285 985 324 hic
1015 287 1120 325 intus
1149 287 1188 325 in
1222 287 1310 326 sano
1343 287 1447 326 Fide.

106 362 196 390 cave
226 358 268 390 tu
299 351 351 390 illi
382 351 518 398 fidelis,
549 363 706 402 quaeso,
737 352 866 404 potius
896 353 1026 399 fueris,
1059 366 1172 404 quam
1205 354 1309 392 mihi.

105 424 219 469 atque
249 418 312 457 hic
341 426 453 470 pater
481 425 550 464 est,
583 425 624 457 ut
655 431 726 470 ego
758 419 911 471 opinor,
942 420 1070 467 huius,
1101 433 1191 459 erus
1221 423 1337 471 quam
1369 428 1482 467 amat,
1512 417 1729 473 (virginis).

104 485 168 524 ibo
199 485 290 524 hinc
322 485 439 532 intro,
470 485 746 536 perscrutabor
775 487 921 533 sanum,
952 486 983 525 si
1014 487 1208 526 inveniam
1241 489 1389 539 uspiam
1769 499 1826 531 620

104 565 254 600 aurum,
286 553 378 591 dum
408 553 471 591 hic
501 559 559 591 est
590 559 815 603 occupatus.
865 553 930 592 sed
962 554 993 592 si
1024 567 1250 606 repperero,
1283 568 1305 594 o
1337 555 1462 603 Fides,

103 620 217 659 mulsi
249 619 462 670 congialem
493 619 650 671 plenam
680 620 813 659 faciam
846 619 914 658 tibi
946 621 1124 659 fideliam.

102 685 139 724 id
172 687 267 725 adeo
297 686 366 724 tibi
397 686 553 734 saciam3
585 699 716 725 verum
749 699 819 737 ego
852 687 941 725 milii
975 687 1118 733 bibam,
1151 689 1215 727 ubi
1247 689 1282 728 id
1316 690 1458 728 secero.
1491 712 1542 716 —

829 777 1041 817 EVCLIO
1647 778 1712 818 IV
1733 781 1756 818 3

100 843 187 882 Non
219 851 364 882 temere
395 850 453 881 est
483 843 586 893 quod
618 855 755 883 corvos
786 852 914 883 cantat
944 846 1038 883 mihi
1068 857 1176 884 nunc
1206 845 1253 884 ab
1284 846 1388 885 laeva
1420 857 1558 893 manu3

101 912 224 951 semul
254 910 414 950 radebat
444 911 608 963 pedibus
637 917 782 950 terram
814 919 852 950 et
880 924 975 951 voce
1006 913 1202 952 croccibat
1230 925 1320 952 sua:
1767 926 1825 958 625

101 979 289 1018 continuo
320 991 450 1018 meum
480 991 550 1018 cor
579 979 709 1029 coepit
738 986 860 1018 artem
892 980 1017 1018 facere
1047 981 1234 1019 ludicram

100 1053 215 1097 atque
247 1047 284 1085 in
317 1054 453 1098 pectus
483 1046 664 1085 emicare.
715 1046 782 1085 sed
814 1058 885 1096 ego
917 1059 1026 1085 cesso
1057 1046 1246 1086 currere?

98 1179 159 1235 <l>
189 1183 304 1229 foras,
335 1181 536 1228 lumbrice,
568 1181 634 1231 qui
665 1181 738 1220 sub
769 1188 871 1220 terra
902 1182 1078 1233 erepsisti
1110 1182 1239 1228 modo,
1646 1181 1711 1221 IV
1730 1184 1756 1220 4

99 1249 163 1299 qui
194 1249 310 1287 modo
344 1261 536 1299 nusquam
566 1249 832 1299 comparebas,
864 1261 984 1296 nunc,
1016 1261 1104 1287 cum
1136 1261 1351 1300 compares,
1381 1249 1496 1300 peris.

99 1328 170 1366 ego
202 1316 267 1367 pol
298 1323 346 1363 te,
379 1316 680 1367 praestrigiator,
711 1316 862 1354 miseris
891 1316 966 1354 iam
999 1317 1185 1366 accipiam
1218 1317 1354 1355 modis.
1767 1319 1825 1350 630

776 1405 1088 1446 STROBILVS

98 1472 206 1517 Quae
237 1479 275 1510 te
305 1473 401 1511 mala
433 1485 526 1511 crux
559 1471 704 1523 agitat?
735 1473 827 1523 quid
858 1473 925 1510 tibi
958 1485 1107 1511 mecum
1141 1480 1199 1512 est
1229 1473 1450 1519 commerci,
1481 1473 1630 1513 senex?

99 1539 191 1590 quid
221 1552 283 1578 me
313 1539 512 1579 adflictas?
545 1540 635 1591 quid
667 1553 729 1579 me
760 1538 916 1591 raptas?
947 1553 1019 1591 qua
1051 1552 1112 1579 me
1144 1553 1258 1579 causa
1289 1539 1498 1579 verberas?

96 1607 226 1647 EVCL.
277 1607 646 1654 Verberabilissime,
679 1608 792 1646 etiam
824 1607 980 1658 rogitas,
1014 1621 1092 1646 non
1126 1609 1199 1653 fur,
1231 1607 1297 1647 sed
1327 1606 1477 1647 trifur’?

96 1673 248 1715 STROB.
293 1675 393 1720 Quid
424 1676 491 1714 tibi
515 1673 732 1726 si'irrupui'?
790 1675 920 1714 EVCL.
967 1674 1097 1713 Redde
1130 1676 1205 1714 huc
1234 1676 1298 1714 sis.
1358 1675 1509 1715 STROB.
1555 1675 1657 1721 Quid
1687 1674 1755 1713 tibi

501 1743 558 1781 vis
587 1740 774 1780 reddam?
833 1743 962 1782 Evcn.
1011 1741 1168 1793 Rogas?

97 1809 247 1850 STROB.
279 1810 340 1849 Nil
360 1810 538 1861 equidem
561 1810 629 1848 tibi
652 1810 803 1848 abstuli.
854 1810 986 1850 EVCL.
1018 1812 1063 1848 At
1086 1810 1176 1849 illud
1200 1810 1302 1860 quod
1325 1809 1393 1848 tibi
1417 1809 1630 1848 abstuleras
1647 1808 1824 1847 cedo.635

98 1877 237 1928 ecquid
254 1876 364 1929 agis?
401 1877 554 1917 STROB.
577 1877 677 1923 Quid
695 1876 836 1928 agam?
876 1877 924 1918 E.
946 1878 1111 1916 Auferre
1130 1890 1208 1915 uon
1226 1884 1349 1929 potes.
1381 1876 1447 1917 ST.
1470 1876 1571 1922 Quid
1586 1877 1642 1916 vis
1657 1875 1756 1915 tibi?

96 1945 225 1986 EVCL.
272 1945 391 1984 Pone.
436 1945 589 1985 STROB.
631 1945 670 1983 ld
694 1945 850 1995 quidem
880 1944 947 1995 pol
976 1953 1012 1983 te
1044 1945 1175 1983 datare
1207 1945 1324 1983 credo
1346 1950 1592 1990 consuetum,
1623 1956 1754 1982 senex.

96 2013 226 2053 EVCL.
280 2013 385 2051 Pone
416 2013 491 2051 hoc
522 2013 586 2058 sis,
618 2013 728 2051 aufer
758 2012 942 2057 cavillam,
975 2025 1054 2051 non
1086 2025 1157 2063 ego
1191 2024 1298 2050 nunc
1329 2024 1450 2062 nugas
1481 2024 1565 2062 ago.

97 2080 248 2121 STROB.
301 2080 401 2126 Quid
433 2093 504 2131 ego
545 2077 719 2130 ponam?
758 2080 853 2130 quin
887 2088 926 2117 tu
958 2079 1143 2131 eloquere
1174 2079 1360 2130 quidquid
1394 2086 1452 2118 est
1481 2091 1551 2117 suo
1586 2078 1756 2116 nomine.

210 2238 275 2270 616
307 2234 432 2277 audio,
465 2244 560 2268 corr.
587 2233 745 2268 Bolluus
836 2236 899 2267 617
925 2234 1010 2269 fidei
1042 2233 1155 2274 cotlcl„
1187 2234 1297 2269 Fides
1322 2233 1493 2278 Pylades,
1517 2233 1606 2277 fore.
1637 2244 1666 2268 v.
1689 2234 1759 2266 0¹18

98 2302 186 2327 caue
201 2295 242 2326 tu
257 2291 322 2334 illi,
347 2290 469 2333 Fides,
484 2290 602 2324 fidelis
619 2290 741 2335 potius
834 2294 898 2325 619
916 2290 1114 2335 (uirginis)
1131 2290 1328 2325 Muellerus
1419 2293 1482 2325 621
1500 2299 1668 2334 reperero

98 2349 161 2381 623
178 2345 216 2380 id
232 2345 295 2380 ubi
313 2344 460 2378 Reizius
552 2355 666 2379 novae
682 2354 835 2379 scaenae
860 2345 1070 2390 inscriptum
1086 2344 1231 2379 Evcmo
1250 2344 1284 2378 B
1291 2343 1324 2378 E
1413 2347 1477 2378 625
1495 2345 1600 2380 simul
1616 2345 1758 2379 Nonius

97 2403 164 2437 45:
189 2401 298 2437 semel
323 2401 448 2436 (semul
472 2404 502 2442 ς)
593 2401 804 2445 grocchibat
828 2400 944 2442 codd„
975 2401 1161 2445 groccibat
1192 2401 1401 2443 (croccibat)
1425 2400 1568 2435 Nonius
1591 2403 1642 2436 45
1663 2404 1756 2446 (gro-

97 2459 170 2496 cire
187 2470 230 2504 p.
255 2459 357 2500 455),
389 2457 439 2502 cf.
465 2456 631 2492 Loewius
653 2457 701 2502 ql.
726 2468 819 2492 nom.
846 2460 924 2492 250
1016 2460 1081 2492 626
1113 2468 1252 2492 mecum
1276 2457 1327 2491 B¹
1419 2457 1590 2492 ludictam
1615 2457 1666 2492 B¹

98 2518 161 2550 628
188 2515 327 2550 Evcmo
353 2524 550 2549 soenonrnvs
576 2513 689 2548 BVE
777 2515 826 2559 (i)
844 2514 1041 2549 Lambinus
1133 2517 1197 2549 629
1224 2515 1458 2558 comparabas
1552 2516 1615 2548 630
1641 2514 1703 2558 pol
1719 2526 1757 2550 ς.·

97 2571 224 2616 edepol
359 2570 591 2616 prestigiator
623 2569 692 2604 VE
827 2573 891 2606 634
921 2572 1056 2615 rogitas
1087 2574 1168 2613 (om.
1195 2571 1278 2613 13¹),
1308 2582 1403 2606 corr.
1439 2570 1666 2606 Camerarius

97 2632 162 2664 635
186 2627 316 2663 abstoli
429 2627 530 2662 illum
554 2626 606 2661 Βι
719 2628 919 2662 abstoleras
1039 2631 1103 2663 636
1135 2630 1227 2663 haec
1259 2627 1344 2671 quid
1458 2625 1589 2671 (hinc)
1613 2626 1756 2661 auferre

98 2684 245 2720 Reizius
369 2684 462 2719 inter
483 2694 662 2730 personas
693 2682 873 2718 distribuit
897 2684 1084 2718 Acidalius
1107 2688 1196 2728 (ecq.
1221 2694 1254 2718 a.
1280 2683 1442 2725 Slrobili,
1467 2682 1554 2727 quid
1578 2703 1622 2706 —
1651 2685 1756 2727 potes

98 2739 285 2775 Euclionis
309 2740 345 2774 in
377 2739 496 2782 codd.)
633 2742 696 2774 637
726 2740 764 2773 id
795 2740 938 2784 quidem
970 2739 1129 2775 Pareus:
1161 2740 1198 2774 di
1228 2739 1368 2784 quidem
1505 2748 1599 2783 pone
1628 2748 1754 2772 nomen

97 2801 147 2831 est
174 2794 393 2832 Buechelero
417 2806 506 2831 mus.
530 2795 645 2831 Rlzen.
663 2796 722 2838 35,
740 2796 817 2830 393
911 2800 973 2830 639
999 2807 1082 2840 ergo
1175 2795 1347 2831 Euclioni
1368 2795 1542 2841 quidquid
1557 2805 1611 2839 sq.
1636 2793 1756 2837 adsiq-

97 2856 232 2886 uantur
