<?xml version="1.0" encoding="UTF-8"?>
<!DOCTYPE html PUBLIC "-//W3C//DTD XHTML 1.0 Transitional//EN"
    "http://www.w3.org/TR/xhtml1/DTD/xhtml1-transitional.dtd">
<html xmlns="http://www.w3.org/1999/xhtml" xml:lang="en" lang="en">
 <head>
  <title>
</title>
<meta http-equiv="Content-Type" content="text/html;charset=utf-8" />
  <meta name='ocr-system' content='tesseract 3.04.00' />
  <meta name='ocr-capabilities' content='ocr_page ocr_carea ocr_par ocr_line ocrx_word'/>
</head>
<body>
  <div class='ocr_page' id='page_1' title='image "./comoediaerecensu01plauuoft_0356.png"; bbox 0 0 2018 3183; ppageno 0'>
   <div class='ocr_carea' id='block_1_1' title="bbox 235 69 1903 114">
    <p class='ocr_par' dir='ltr' id='par_1_1' title="bbox 235 69 1903 114">
     <span class='ocr_line' id='line_1_1' title="bbox 235 69 1903 114; baseline -0.01 -1"><span class='ocrx_word' id='word_1_1' title='bbox 235 76 317 114; x_wconf 88' lang='lat'><strong>344</strong></span> <span class='ocrx_word' id='word_1_2' title='bbox 975 71 1157 107; x_wconf 86' lang='lat' dir='ltr'><strong>PLAVTI</strong></span> <span class='ocrx_word' id='word_1_3' title='bbox 1732 69 1746 98; x_wconf 95' lang='lat'>1</span> <span class='ocrx_word' id='word_1_4' title='bbox 1763 69 1903 103; x_wconf 85' lang='lat'>1,11—27</span> 
     </span>
    </p>
   </div>
   <div class='ocr_carea' id='block_1_2' title="bbox 230 183 2018 1182">
    <p class='ocr_par' dir='ltr' id='par_1_2' title="bbox 232 183 2018 911">
     <span class='ocr_line' id='line_1_2' title="bbox 235 183 1682 236; baseline -0.006 -5"><span class='ocrx_word' id='word_1_5' title='bbox 235 192 311 232; x_wconf 87' lang='grc' dir='ltr'><strong>ΕΡ.</strong></span> <span class='ocrx_word' id='word_1_6' title='bbox 361 190 408 230; x_wconf 90' lang='lat' dir='ltr'><strong>Di</strong></span> <span class='ocrx_word' id='word_1_7' title='bbox 439 189 676 229; x_wconf 86' lang='lat' dir='ltr'><strong>immortales</strong></span> <span class='ocrx_word' id='word_1_8' title='bbox 706 195 745 227; x_wconf 90' lang='lat' dir='ltr'><strong>te</strong></span> <span class='ocrx_word' id='word_1_9' title='bbox 777 186 992 233; x_wconf 79' lang='lat' dir='ltr'><strong>infelicent,</strong></span> <span class='ocrx_word' id='word_1_10' title='bbox 1023 193 1066 226; x_wconf 88' lang='lat' dir='ltr'><strong>ut</strong></span> <span class='ocrx_word' id='word_1_11' title='bbox 1096 192 1137 225; x_wconf 86' lang='lat' dir='ltr'><strong>tu</strong></span> <span class='ocrx_word' id='word_1_12' title='bbox 1170 198 1211 224; x_wconf 89' lang='lat' dir='ltr'><strong>es</strong></span> <span class='ocrx_word' id='word_1_13' title='bbox 1241 184 1426 236; x_wconf 87' lang='lat' dir='ltr'><strong>gradibus</strong></span> <span class='ocrx_word' id='word_1_14' title='bbox 1455 183 1682 234; x_wconf 82' lang='lat' dir='ltr'><strong>grandibus.</strong></span> 
     </span>
     <span class='ocr_line' id='line_1_3' title="bbox 237 252 1581 309; baseline -0.007 -10"><span class='ocrx_word' id='word_1_15' title='bbox 237 271 327 298; x_wconf 87' lang='lat' dir='ltr'><strong>nam</strong></span> <span class='ocrx_word' id='word_1_16' title='bbox 359 262 402 298; x_wconf 81' lang='lat' dir='ltr'><strong>ut</strong></span> <span class='ocrx_word' id='word_1_17' title='bbox 430 258 531 309; x_wconf 90' lang='lat' dir='ltr'><strong>apud</strong></span> <span class='ocrx_word' id='word_1_18' title='bbox 564 263 722 308; x_wconf 88' lang='lat' dir='ltr'><strong>portum</strong></span> <span class='ocrx_word' id='word_1_19' title='bbox 753 262 790 293; x_wconf 90' lang='lat' dir='ltr'><strong>te</strong></span> <span class='ocrx_word' id='word_1_20' title='bbox 822 254 1023 305; x_wconf 82' lang='lat' dir='ltr'>conspexi,</span> <span class='ocrx_word' id='word_1_21' title='bbox 1054 252 1252 293; x_wconf 89' lang='lat' dir='ltr'><strong>curriculo</strong></span> <span class='ocrx_word' id='word_1_22' title='bbox 1284 252 1420 304; x_wconf 89' lang='lat' dir='ltr'><strong>occepi</strong></span> <span class='ocrx_word' id='word_1_23' title='bbox 1451 252 1581 302; x_wconf 88' lang='lat' dir='ltr'><strong>sequi:</strong></span> 
     </span>
     <span class='ocr_line' id='line_1_4' title="bbox 233 317 1965 376; baseline -0.005 -11"><span class='ocrx_word' id='word_1_24' title='bbox 233 327 296 365; x_wconf 80' lang='lat' dir='ltr'><strong>vix</strong></span> <span class='ocrx_word' id='word_1_25' title='bbox 326 323 565 376; x_wconf 83' lang='lat' dir='ltr'><strong>adipiscendi</strong></span> <span class='ocrx_word' id='word_1_26' title='bbox 597 328 768 374; x_wconf 85' lang='lat' dir='ltr'><strong>potestas</strong></span> <span class='ocrx_word' id='word_1_27' title='bbox 800 321 914 360; x_wconf 86' lang='lat' dir='ltr'><strong>modo</strong></span> <span class='ocrx_word' id='word_1_28' title='bbox 946 321 1030 359; x_wconf 90' lang='lat' dir='ltr'><strong>fuit.</strong></span> <span class='ocrx_word' id='word_1_29' title='bbox 1090 320 1169 360; x_wconf 99' lang='grc' dir='ltr'><strong>ΤΗ.</strong></span> <span class='ocrx_word' id='word_1_30' title='bbox 1221 319 1364 358; x_wconf 87' lang='lat' dir='ltr'><strong>Scurra</strong></span> <span class='ocrx_word' id='word_1_31' title='bbox 1396 331 1450 358; x_wconf 88' lang='lat' dir='ltr'><strong>es.</strong></span> <span class='ocrx_word' id='word_1_32' title='bbox 1509 319 1585 359; x_wconf 93' lang='grc' dir='ltr'><strong>ΕΡ.</strong></span> <span class='ocrx_word' id='word_1_33' title='bbox 1637 317 1727 357; x_wconf 88' lang='lat' dir='ltr'><strong>Scio</strong></span> <span class='ocrx_word' id='word_1_34' title='bbox 1929 323 1965 356; x_wconf 85' lang='lat'><strong>15</strong></span> 
     </span>
     <span class='ocr_line' id='line_1_5' title="bbox 236 366 2018 443; baseline -0.006 -10"><span class='ocrx_word' id='word_1_35' title='bbox 236 401 273 433; x_wconf 91' lang='lat' dir='ltr'><strong>te</strong></span> <span class='ocrx_word' id='word_1_36' title='bbox 306 405 391 432; x_wconf 89' lang='lat' dir='ltr'><strong>esse</strong></span> <span class='ocrx_word' id='word_1_37' title='bbox 430 391 610 443; x_wconf 86' lang='lat' dir='ltr'>equidem</span> <span class='ocrx_word' id='word_1_38' title='bbox 651 390 853 429; x_wconf 89' lang='lat' dir='ltr'><strong>hominem</strong></span> <span class='ocrx_word' id='word_1_39' title='bbox 894 388 1113 427; x_wconf 86' lang='lat' dir='ltr'><strong>militarem.</strong></span> <span class='ocrx_word' id='word_1_40' title='bbox 1173 388 1251 428; x_wconf 86' lang='grc' dir='ltr'><strong>ΤΗ.</strong></span> <span class='ocrx_word' id='word_1_41' title='bbox 1302 387 1499 426; x_wconf 78' lang='lat' dir='ltr'><strong>Audacter</strong></span> <span class='ocrx_word' id='word_1_42' title='bbox 1539 398 1655 438; x_wconf 88' lang='lat' dir='ltr'><strong>quam</strong></span> <span class='ocrx_word' id='word_1_43' title='bbox 1685 385 1741 425; x_wconf 90' lang='lat' dir='ltr'><strong>vis</strong></span> <span class='ocrx_word' id='word_1_44' title='bbox 1771 385 1900 424; x_wconf 82' lang='lat' dir='ltr'><strong>dicito.</strong></span> <span class='ocrx_word' id='word_1_45' title='bbox 2005 366 2018 439; x_wconf 63' lang='grc' dir='ltr'>ξ</span> 
     </span>
     <span class='ocr_line' id='line_1_6' title="bbox 236 451 2018 509; baseline -0.003 -12"><span class='ocrx_word' id='word_1_46' title='bbox 236 458 329 509; x_wconf 90' lang='lat' dir='ltr'><strong>quid</strong></span> <span class='ocrx_word' id='word_1_47' title='bbox 360 455 443 496; x_wconf 80' lang='lat' dir='ltr'><strong>ais?</strong></span> <span class='ocrx_word' id='word_1_48' title='bbox 474 462 694 508; x_wconf 83' lang='lat' dir='ltr'><strong>perpetuen</strong></span> <span class='ocrx_word' id='word_1_49' title='bbox 727 452 907 493; x_wconf 81' lang='lat' dir='ltr'><strong>valuisti?</strong></span> <span class='ocrx_word' id='word_1_50' title='bbox 966 453 1042 494; x_wconf 91' lang='grc' dir='ltr'><strong>ΕΡ.</strong></span> <span class='ocrx_word' id='word_1_51' title='bbox 1093 452 1219 492; x_wconf 85' lang='lat' dir='ltr'><strong>Varie.</strong></span> <span class='ocrx_word' id='word_1_52' title='bbox 1279 452 1358 492; x_wconf 88' lang='grc' dir='ltr'><strong>ΤΗ.</strong></span> <span class='ocrx_word' id='word_1_53' title='bbox 1409 451 1484 498; x_wconf 91' lang='lat' dir='ltr'><strong>Qui</strong></span> <span class='ocrx_word' id='word_1_54' title='bbox 1515 453 1617 492; x_wconf 90' lang='lat' dir='ltr'><strong>varie</strong></span> <span class='ocrx_word' id='word_1_55' title='bbox 1648 453 1789 499; x_wconf 86' lang='lat' dir='ltr'><strong>valent,</strong></span> <span class='ocrx_word' id='word_1_56' title='bbox 2003 451 2018 462; x_wconf 53' lang='lat'><strong>⁴⁰</strong></span> 
     </span>
     <span class='ocr_line' id='line_1_7' title="bbox 233 520 1786 576; baseline -0.003 -13"><span class='ocrx_word' id='word_1_57' title='bbox 233 524 514 576; x_wconf 78' lang='lat' dir='ltr'><strong>capreaginum</strong></span> <span class='ocrx_word' id='word_1_58' title='bbox 547 523 750 562; x_wconf 87' lang='lat' dir='ltr'><strong>hominum</strong></span> <span class='ocrx_word' id='word_1_59' title='bbox 784 524 863 561; x_wconf 81' lang='lat' dir='ltr'><strong>non</strong></span> <span class='ocrx_word' id='word_1_60' title='bbox 896 521 1024 573; x_wconf 90' lang='lat' dir='ltr'><strong>placet</strong></span> <span class='ocrx_word' id='word_1_61' title='bbox 1054 520 1147 560; x_wconf 90' lang='lat' dir='ltr'><strong>mihi</strong></span> <span class='ocrx_word' id='word_1_62' title='bbox 1179 522 1308 570; x_wconf 76' lang='lat' dir='ltr'><strong>neque</strong></span> <span class='ocrx_word' id='word_1_63' title='bbox 1340 520 1619 570; x_wconf 70' lang='lat' dir='ltr'><strong>pantherinUm</strong></span> <span class='ocrx_word' id='word_1_64' title='bbox 1650 532 1786 572; x_wconf 85' lang='lat' dir='ltr'><strong>genus.</strong></span> 
     </span>
     <span class='ocr_line' id='line_1_8' title="bbox 233 586 1901 639; baseline -0.004 -8"><span class='ocrx_word' id='word_1_65' title='bbox 233 592 308 632; x_wconf 87' lang='grc' dir='ltr'><strong>ΕΡ.</strong></span> <span class='ocrx_word' id='word_1_66' title='bbox 340 591 440 637; x_wconf 89' lang='lat' dir='ltr'>Quid</span> <span class='ocrx_word' id='word_1_67' title='bbox 456 590 527 630; x_wconf 87' lang='lat' dir='ltr'><strong>tibi</strong></span> <span class='ocrx_word' id='word_1_68' title='bbox 545 590 599 629; x_wconf 84' lang='lat' dir='ltr'><strong>vis</strong></span> <span class='ocrx_word' id='word_1_69' title='bbox 614 589 739 629; x_wconf 88' lang='lat' dir='ltr'><strong>dicam</strong></span> <span class='ocrx_word' id='word_1_70' title='bbox 758 589 947 639; x_wconf 85' lang='lat' dir='ltr'><strong>nisiquod</strong></span> <span class='ocrx_word' id='word_1_71' title='bbox 966 587 1053 627; x_wconf 78' lang='lat' dir='ltr'><strong>est?</strong></span> <span class='ocrx_word' id='word_1_72' title='bbox 1127 594 1170 626; x_wconf 92' lang='lat' dir='ltr'><strong>ut</strong></span> <span class='ocrx_word' id='word_1_73' title='bbox 1186 587 1272 626; x_wconf 80' lang='lat' dir='ltr'><strong>illae</strong></span> <span class='ocrx_word' id='word_1_74' title='bbox 1290 586 1379 626; x_wconf 74' lang='lat' dir='ltr'><strong>res?</strong></span> <span class='ocrx_word' id='word_1_75' title='bbox 1403 588 1613 639; x_wconf 84' lang='lat' dir='ltr'><strong>responde.</strong></span> <span class='ocrx_word' id='word_1_76' title='bbox 1658 588 1738 628; x_wconf 91' lang='grc' dir='ltr'><strong>ΤΗ.</strong></span> <span class='ocrx_word' id='word_1_77' title='bbox 1759 586 1901 626; x_wconf 88' lang='lat' dir='ltr'><strong>Probe.</strong></span> 
     </span>
     <span class='ocr_line' id='line_1_9' title="bbox 234 655 2018 706; baseline -0.003 -7"><span class='ocrx_word' id='word_1_78' title='bbox 234 660 311 700; x_wconf 89' lang='grc' dir='ltr'><strong>ΕΡ.</strong></span> <span class='ocrx_word' id='word_1_79' title='bbox 361 659 461 705; x_wconf 91' lang='lat' dir='ltr'><strong>Quid</strong></span> <span class='ocrx_word' id='word_1_80' title='bbox 494 658 598 698; x_wconf 81' lang='lat' dir='ltr'><strong>erilis</strong></span> <span class='ocrx_word' id='word_1_81' title='bbox 632 664 766 696; x_wconf 85' lang='lat' dir='ltr'><strong>noster</strong></span> <span class='ocrx_word' id='word_1_82' title='bbox 795 655 927 696; x_wconf 78' lang='lat' dir='ltr'><strong>filius?</strong></span> <span class='ocrx_word' id='word_1_83' title='bbox 985 656 1065 697; x_wconf 88' lang='grc' dir='ltr'><strong>ΤΗ.</strong></span> <span class='ocrx_word' id='word_1_84' title='bbox 1117 655 1226 695; x_wconf 86' lang='lat' dir='ltr'><strong>Valet</strong></span> <span class='ocrx_word' id='word_1_85' title='bbox 1257 655 1424 706; x_wconf 82' lang='lat' dir='ltr'><strong>pugilice</strong></span> <span class='ocrx_word' id='word_1_86' title='bbox 1458 662 1574 706; x_wconf 85' lang='lat' dir='ltr'><strong>atque</strong></span> <span class='ocrx_word' id='word_1_87' title='bbox 1605 655 1796 695; x_wconf 82' lang='lat' dir='ltr'><strong>athletice.</strong></span> <span class='ocrx_word' id='word_1_88' title='bbox 1934 661 1971 694; x_wconf 77' lang='lat'><strong>20</strong></span> <span class='ocrx_word' id='word_1_89' title='bbox 2009 667 2018 669; x_wconf 56' lang='grc'>“</span> 
     </span>
     <span class='ocr_line' id='line_1_10' title="bbox 233 722 1748 778; baseline -0.003 -11"><span class='ocrx_word' id='word_1_90' title='bbox 233 728 309 768; x_wconf 91' lang='grc' dir='ltr'><strong>ΕΡ.</strong></span> <span class='ocrx_word' id='word_1_91' title='bbox 358 726 644 778; x_wconf 78' lang='lat' dir='ltr'><strong>Voluptahilem</strong></span> <span class='ocrx_word' id='word_1_92' title='bbox 676 724 772 764; x_wconf 89' lang='lat' dir='ltr'><strong>mihi</strong></span> <span class='ocrx_word' id='word_1_93' title='bbox 805 724 986 763; x_wconf 89' lang='lat' dir='ltr'><strong>nuntium</strong></span> <span class='ocrx_word' id='word_1_94' title='bbox 1019 732 1086 763; x_wconf 88' lang='lat' dir='ltr'><strong>tuo</strong></span> <span class='ocrx_word' id='word_1_95' title='bbox 1118 722 1285 762; x_wconf 76' lang='lat' dir='ltr'><strong>adventu</strong></span> <span class='ocrx_word' id='word_1_96' title='bbox 1316 723 1512 775; x_wconf 81' lang='lat' dir='ltr'><strong>adportas,</strong></span> <span class='ocrx_word' id='word_1_97' title='bbox 1544 723 1748 775; x_wconf 84' lang='lat' dir='ltr'><strong>Thesprio.</strong></span> 
     </span>
     <span class='ocr_line' id='line_1_11' title="bbox 232 789 1901 842; baseline -0.004 -6"><span class='ocrx_word' id='word_1_98' title='bbox 232 796 301 836; x_wconf 87' lang='lat' dir='ltr'><strong>sed</strong></span> <span class='ocrx_word' id='word_1_99' title='bbox 321 795 427 835; x_wconf 86' lang='lat' dir='ltr'><strong>ubist</strong></span> <span class='ocrx_word' id='word_1_100' title='bbox 456 793 516 834; x_wconf 81' lang='lat' dir='ltr'><strong>is?</strong></span> <span class='ocrx_word' id='word_1_101' title='bbox 575 794 654 834; x_wconf 90' lang='grc' dir='ltr'><strong>ΤΗ.</strong></span> <span class='ocrx_word' id='word_1_102' title='bbox 695 793 862 832; x_wconf 83' lang='lat' dir='ltr'><strong>Advenit</strong></span> <span class='ocrx_word' id='word_1_103' title='bbox 885 792 1012 832; x_wconf 89' lang='lat' dir='ltr'><strong>simul.</strong></span> <span class='ocrx_word' id='word_1_104' title='bbox 1071 792 1148 832; x_wconf 90' lang='grc' dir='ltr'><strong>ΕΡ.</strong></span> <span class='ocrx_word' id='word_1_105' title='bbox 1198 791 1269 830; x_wconf 81' lang='lat' dir='ltr'><strong>Vbi</strong></span> <span class='ocrx_word' id='word_1_106' title='bbox 1287 791 1318 830; x_wconf 90' lang='lat' dir='ltr'><strong>is</strong></span> <span class='ocrx_word' id='word_1_107' title='bbox 1340 804 1433 842; x_wconf 88' lang='lat' dir='ltr'><strong>ergo</strong></span> <span class='ocrx_word' id='word_1_108' title='bbox 1451 790 1538 830; x_wconf 80' lang='lat' dir='ltr'><strong>cst?</strong></span> <span class='ocrx_word' id='word_1_109' title='bbox 1570 791 1643 831; x_wconf 90' lang='lat' dir='ltr'><strong>nisi</strong></span> <span class='ocrx_word' id='word_1_110' title='bbox 1660 791 1691 830; x_wconf 85' lang='lat' dir='ltr'><strong>si</strong></span> <span class='ocrx_word' id='word_1_111' title='bbox 1708 791 1748 830; x_wconf 91' lang='lat' dir='ltr'><strong>in</strong></span> <span class='ocrx_word' id='word_1_112' title='bbox 1770 789 1901 830; x_wconf 86' lang='lat' dir='ltr'><strong>vidulo</strong></span> 
     </span>
     <span class='ocr_line' id='line_1_12' title="bbox 234 859 1787 911; baseline -0.005 -7"><span class='ocrx_word' id='word_1_113' title='bbox 234 870 300 904; x_wconf 88' lang='lat' dir='ltr'><strong>aut</strong></span> <span class='ocrx_word' id='word_1_114' title='bbox 329 863 361 903; x_wconf 87' lang='lat' dir='ltr'><strong>si</strong></span> <span class='ocrx_word' id='word_1_115' title='bbox 391 863 430 902; x_wconf 91' lang='lat' dir='ltr'><strong>in</strong></span> <span class='ocrx_word' id='word_1_116' title='bbox 463 862 621 902; x_wconf 85' lang='lat' dir='ltr'><strong>mellina</strong></span> <span class='ocrx_word' id='word_1_117' title='bbox 654 861 827 900; x_wconf 77' lang='lat' dir='ltr'><strong>attulisti.</strong></span> <span class='ocrx_word' id='word_1_118' title='bbox 888 860 967 900; x_wconf 84' lang='grc' dir='ltr'><strong>ΤΗ.</strong></span> <span class='ocrx_word' id='word_1_119' title='bbox 1020 860 1065 899; x_wconf 90' lang='lat' dir='ltr'><strong>Di</strong></span> <span class='ocrx_word' id='word_1_120' title='bbox 1096 866 1134 899; x_wconf 86' lang='lat' dir='ltr'><strong>te</strong></span> <span class='ocrx_word' id='word_1_121' title='bbox 1165 859 1344 911; x_wconf 85' lang='lat' dir='ltr'><strong>perdant.</strong></span> <span class='ocrx_word' id='word_1_122' title='bbox 1403 860 1478 900; x_wconf 90' lang='grc' dir='ltr'><strong>ΕΡ.</strong></span> <span class='ocrx_word' id='word_1_123' title='bbox 1531 859 1585 899; x_wconf 89' lang='lat' dir='ltr'><strong>Te</strong></span> <span class='ocrx_word' id='word_1_124' title='bbox 1615 859 1702 898; x_wconf 86' lang='lat' dir='ltr'><strong>volo</strong></span> <span class='ocrx_word' id='word_1_125' title='bbox 1733 882 1787 888; x_wconf 85' lang='lat'><strong>—-</strong></span> 
     </span>
    </p>

    <p class='ocr_par' dir='ltr' id='par_1_3' title="bbox 230 927 1970 1114">
     <span class='ocr_line' id='line_1_13' title="bbox 401 927 1410 982; baseline -0.005 -12"><span class='ocrx_word' id='word_1_126' title='bbox 401 929 645 982; x_wconf 83' lang='lat' dir='ltr'><strong>percontari:</strong></span> <span class='ocrx_word' id='word_1_127' title='bbox 680 940 838 981; x_wconf 82' lang='lat' dir='ltr'><strong>operam</strong></span> <span class='ocrx_word' id='word_1_128' title='bbox 869 928 930 975; x_wconf 81' lang='lat' dir='ltr'><strong>da,</strong></span> <span class='ocrx_word' id='word_1_129' title='bbox 962 930 1080 979; x_wconf 83' lang='lat' dir='ltr'><strong>opera</strong></span> <span class='ocrx_word' id='word_1_130' title='bbox 1111 927 1296 966; x_wconf 74' lang='lat' dir='ltr'><strong>reddetur</strong></span> <span class='ocrx_word' id='word_1_131' title='bbox 1327 927 1410 966; x_wconf 86' lang='lat' dir='ltr'><strong>tihi.</strong></span> 
     </span>
     <span class='ocr_line' id='line_1_14' title="bbox 230 991 1970 1046; baseline -0.004 -7"><span class='ocrx_word' id='word_1_132' title='bbox 230 1000 309 1040; x_wconf 89' lang='grc' dir='ltr'><strong>ΤΗ.</strong></span> <span class='ocrx_word' id='word_1_133' title='bbox 349 998 414 1038; x_wconf 90' lang='lat' dir='ltr'><strong>Ius</strong></span> <span class='ocrx_word' id='word_1_134' title='bbox 436 998 543 1037; x_wconf 89' lang='lat' dir='ltr'><strong>dicis.</strong></span> <span class='ocrx_word' id='word_1_135' title='bbox 584 997 660 1037; x_wconf 91' lang='grc' dir='ltr'><strong>ΕΡ.</strong></span> <span class='ocrx_word' id='word_1_136' title='bbox 700 996 760 1035; x_wconf 83' lang='lat' dir='ltr'><strong>Me</strong></span> <span class='ocrx_word' id='word_1_137' title='bbox 783 996 906 1035; x_wconf 88' lang='lat' dir='ltr'><strong>decet.</strong></span> <span class='ocrx_word' id='word_1_138' title='bbox 955 996 1033 1035; x_wconf 86' lang='grc' dir='ltr'><strong>ΤΗ.</strong></span> <span class='ocrx_word' id='word_1_139' title='bbox 1075 994 1153 1033; x_wconf 87' lang='lat' dir='ltr'><strong>Iam</strong></span> <span class='ocrx_word' id='word_1_140' title='bbox 1174 1001 1214 1034; x_wconf 92' lang='lat' dir='ltr'><strong>tu</strong></span> <span class='ocrx_word' id='word_1_141' title='bbox 1237 1002 1366 1034; x_wconf 89' lang='lat' dir='ltr'><strong>autem</strong></span> <span class='ocrx_word' id='word_1_142' title='bbox 1389 995 1503 1034; x_wconf 88' lang='lat' dir='ltr'><strong>nohis</strong></span> <span class='ocrx_word' id='word_1_143' title='bbox 1524 1002 1746 1046; x_wconf 87' lang='lat' dir='ltr'><strong>praeturam</strong></span> <span class='ocrx_word' id='word_1_144' title='bbox 1769 991 1901 1044; x_wconf 80' lang='lat' dir='ltr'><strong>geris?</strong></span> <span class='ocrx_word' id='word_1_145' title='bbox 1932 1000 1970 1033; x_wconf 78' lang='lat'><strong>25</strong></span> 
     </span>
     <span class='ocr_line' id='line_1_15' title="bbox 232 1059 1782 1114; baseline -0.005 -7"><span class='ocrx_word' id='word_1_146' title='bbox 232 1067 307 1107; x_wconf 88' lang='lat' dir='ltr'><strong>EP.</strong></span> <span class='ocrx_word' id='word_1_147' title='bbox 359 1066 484 1113; x_wconf 86' lang='lat' dir='ltr'><strong>Quem</strong></span> <span class='ocrx_word' id='word_1_148' title='bbox 516 1065 622 1103; x_wconf 83' lang='lat' dir='ltr'><strong>dices</strong></span> <span class='ocrx_word' id='word_1_149' title='bbox 653 1063 871 1114; x_wconf 84' lang='lat' dir='ltr'><strong>digniorem</strong></span> <span class='ocrx_word' id='word_1_150' title='bbox 905 1075 989 1102; x_wconf 88' lang='lat' dir='ltr'><strong>esse</strong></span> <span class='ocrx_word' id='word_1_151' title='bbox 1019 1062 1220 1102; x_wconf 87' lang='lat' dir='ltr'><strong>hominem</strong></span> <span class='ocrx_word' id='word_1_152' title='bbox 1251 1062 1366 1101; x_wconf 76' lang='lat' dir='ltr'><strong>llodie</strong></span> <span class='ocrx_word' id='word_1_153' title='bbox 1397 1062 1560 1101; x_wconf 81' lang='lat' dir='ltr'><strong>Athenis</strong></span> <span class='ocrx_word' id='word_1_154' title='bbox 1590 1059 1782 1100; x_wconf 76' lang='lat' dir='ltr'><strong>alterum?</strong></span> 
     </span>
    </p>

    <p class='ocr_par' dir='ltr' id='par_1_4' title="bbox 589 1132 1295 1182">
     <span class='ocr_line' id='line_1_16' title="bbox 589 1132 1295 1182; baseline -0.004 -11"><span class='ocrx_word' id='word_1_155' title='bbox 589 1132 667 1171; x_wconf 91' lang='grc' dir='ltr'><strong>ΤΗ.</strong></span> <span class='ocrx_word' id='word_1_156' title='bbox 717 1132 766 1169; x_wconf 90' lang='lat' dir='ltr'><strong>At</strong></span> <span class='ocrx_word' id='word_1_157' title='bbox 795 1134 919 1169; x_wconf 83' lang='lat' dir='ltr'><strong>unum</strong></span> <span class='ocrx_word' id='word_1_158' title='bbox 951 1142 969 1168; x_wconf 86' lang='lat' dir='ltr'><strong>a</strong></span> <span class='ocrx_word' id='word_1_159' title='bbox 1001 1137 1184 1182; x_wconf 85' lang='lat' dir='ltr'><strong>praetura</strong></span> <span class='ocrx_word' id='word_1_160' title='bbox 1217 1136 1295 1177; x_wconf 82' lang='lat' dir='ltr'><strong>tua,</strong></span> 
     </span>
    </p>
   </div>
   <div class='ocr_carea' id='block_1_3' title="bbox 2001 547 2018 608">
    <p class='ocr_par' dir='ltr' id='par_1_5' title="bbox 2001 547 2018 608">
     <span class='ocr_line' id='line_1_17' title="bbox 2001 547 2018 608; baseline 0 0"><span class='ocrx_word' id='word_1_161' title='bbox 2001 547 2018 608; x_wconf 67' lang='grc' dir='ltr'>ἐ</span> 
     </span>
    </p>
   </div>
   <div class='ocr_carea' id='block_1_4' title="bbox 588 1196 1969 1386">
    <p class='ocr_par' dir='ltr' id='par_1_6' title="bbox 588 1196 1969 1386">
     <span class='ocr_line' id='line_1_18' title="bbox 588 1196 1969 1251; baseline -0.001 -13"><span class='ocrx_word' id='word_1_162' title='bbox 588 1199 761 1251; x_wconf 87' lang='lat' dir='ltr'><strong>Epidice‚</strong></span> <span class='ocrx_word' id='word_1_163' title='bbox 794 1198 915 1237; x_wconf 71' lang='lat' dir='ltr'><strong>abest.</strong></span> <span class='ocrx_word' id='word_1_164' title='bbox 975 1198 1051 1239; x_wconf 92' lang='grc' dir='ltr'><strong>ΕΡ.</strong></span> <span class='ocrx_word' id='word_1_165' title='bbox 1102 1196 1327 1244; x_wconf 82' lang='lat' dir='ltr'><strong>Quidnam?</strong></span> <span class='ocrx_word' id='word_1_166' title='bbox 1385 1197 1465 1238; x_wconf 87' lang='grc' dir='ltr'><strong>ΤΗ.</strong></span> <span class='ocrx_word' id='word_1_167' title='bbox 1517 1197 1645 1237; x_wconf 84' lang='lat' dir='ltr'><strong>Scies:</strong></span> <span class='ocrx_word' id='word_1_168' title='bbox 1932 1203 1969 1237; x_wconf 80' lang='grc'><strong>21</strong></span> 
     </span>
     <span class='ocr_line' id='line_1_19' title="bbox 589 1266 1126 1314; baseline -0.002 -8"><span class='ocrx_word' id='word_1_169' title='bbox 589 1268 748 1306; x_wconf 82' lang='lat' dir='ltr'><strong>lictores</strong></span> <span class='ocrx_word' id='word_1_170' title='bbox 778 1267 869 1314; x_wconf 80' lang='lat' dir='ltr'><strong>du0,</strong></span> <span class='ocrx_word' id='word_1_171' title='bbox 901 1266 978 1306; x_wconf 91' lang='lat' dir='ltr'><strong>duo</strong></span> <span class='ocrx_word' id='word_1_172' title='bbox 1009 1266 1126 1306; x_wconf 86' lang='lat' dir='ltr'><strong>ulmei</strong></span> 
     </span>
     <span class='ocr_line' id='line_1_20' title="bbox 589 1332 1968 1386; baseline -0.001 -12"><span class='ocrx_word' id='word_1_173' title='bbox 589 1336 711 1374; x_wconf 83' lang='lat' dir='ltr'><strong>fasces</strong></span> <span class='ocrx_word' id='word_1_174' title='bbox 742 1335 949 1386; x_wconf 82' lang='lat' dir='ltr'><strong>virgarum.</strong></span> <span class='ocrx_word' id='word_1_175' title='bbox 1008 1335 1084 1374; x_wconf 90' lang='grc' dir='ltr'><strong>ΕΡ.</strong></span> <span class='ocrx_word' id='word_1_176' title='bbox 1135 1333 1211 1373; x_wconf 86' lang='lat' dir='ltr'><strong>Vae</strong></span> <span class='ocrx_word' id='word_1_177' title='bbox 1243 1332 1325 1372; x_wconf 89' lang='lat' dir='ltr'><strong>tibi.</strong></span> <span class='ocrx_word' id='word_1_178' title='bbox 1930 1338 1968 1372; x_wconf 76' lang='lat'><strong>28</strong></span> 
     </span>
    </p>
   </div>
   <div class='ocr_carea' id='block_1_5' title="bbox 230 1397 1841 1455">
    <p class='ocr_par' dir='ltr' id='par_1_7' title="bbox 230 1397 1841 1455">
     <span class='ocr_line' id='line_1_21' title="bbox 230 1397 1841 1455; baseline -0.003 -12"><span class='ocrx_word' id='word_1_179' title='bbox 230 1404 298 1444; x_wconf 83' lang='lat' dir='ltr'><strong>sed</strong></span> <span class='ocrx_word' id='word_1_180' title='bbox 330 1403 422 1455; x_wconf 87' lang='lat' dir='ltr'><strong>quid</strong></span> <span class='ocrx_word' id='word_1_181' title='bbox 460 1401 541 1443; x_wconf 79' lang='lat' dir='ltr'><strong>ais?</strong></span> <span class='ocrx_word' id='word_1_182' title='bbox 600 1403 679 1442; x_wconf 88' lang='grc' dir='ltr'><strong>ΤΗ.</strong></span> <span class='ocrx_word' id='word_1_183' title='bbox 730 1401 830 1448; x_wconf 88' lang='lat' dir='ltr'><strong>Quid</strong></span> <span class='ocrx_word' id='word_1_184' title='bbox 868 1401 1011 1455; x_wconf 82' lang='lat' dir='ltr'><strong>rogas?</strong></span> <span class='ocrx_word' id='word_1_185' title='bbox 1069 1403 1145 1442; x_wconf 87' lang='grc' dir='ltr'><strong>ΕΡ.</strong></span> <span class='ocrx_word' id='word_1_186' title='bbox 1196 1401 1267 1440; x_wconf 91' lang='lat' dir='ltr'><strong>Vhi</strong></span> <span class='ocrx_word' id='word_1_187' title='bbox 1299 1404 1403 1440; x_wconf 70' lang='lat' dir='ltr'><strong>arum</strong></span> <span class='ocrx_word' id='word_1_188' title='bbox 1434 1407 1528 1440; x_wconf 87' lang='lat' dir='ltr'><strong>sunt</strong></span> <span class='ocrx_word' id='word_1_189' title='bbox 1557 1397 1841 1453; x_wconf 85' lang='lat' dir='ltr'><strong>Stratippocli?</strong></span> 
     </span>
    </p>
   </div>
   <div class='ocr_carea' id='block_1_6' title="bbox 223 1566 1903 2801">
    <p class='ocr_par' dir='ltr' id='par_1_8' title="bbox 223 1566 1903 2801">
     <span class='ocr_line' id='line_1_22' title="bbox 344 1566 1902 1615; baseline -0.003 -8"><span class='ocrx_word' id='word_1_190' title='bbox 344 1574 384 1607; x_wconf 86' lang='lat'>13</span> <span class='ocrx_word' id='word_1_191' title='bbox 411 1575 446 1608; x_wconf 84' lang='lat' dir='ltr'><strong>te</strong></span> <span class='ocrx_word' id='word_1_192' title='bbox 470 1582 538 1606; x_wconf 85' lang='lat' dir='ltr'><strong>om.</strong></span> <span class='ocrx_word' id='word_1_193' title='bbox 557 1571 591 1606; x_wconf 87' lang='lat' dir='ltr'><em>P</em></span> <span class='ocrx_word' id='word_1_194' title='bbox 680 1581 718 1615; x_wconf 82' lang='lat' dir='ltr'><strong>es</strong></span> <span class='ocrx_word' id='word_1_195' title='bbox 743 1570 826 1606; x_wconf 87' lang='lat' dir='ltr'><strong>AP:</strong></span> <span class='ocrx_word' id='word_1_196' title='bbox 850 1570 882 1605; x_wconf 83' lang='lat' dir='ltr'><strong>is</strong></span> <span class='ocrx_word' id='word_1_197' title='bbox 906 1569 1099 1608; x_wconf 76' lang='lat' dir='ltr'><strong>Scutarius</strong></span> <span class='ocrx_word' id='word_1_198' title='bbox 1123 1575 1159 1606; x_wconf 82' lang='lat' dir='ltr'><strong>et</strong></span> <span class='ocrx_word' id='word_1_199' title='bbox 1183 1570 1258 1612; x_wconf 73' lang='lat' dir='ltr'><strong>alii,</strong></span> <span class='ocrx_word' id='word_1_200' title='bbox 1283 1574 1412 1604; x_wconf 81' lang='lat' dir='ltr'><strong>contra</strong></span> <span class='ocrx_word' id='word_1_201' title='bbox 1437 1578 1529 1614; x_wconf 75' lang='lat' dir='ltr'><strong>quos</strong></span> <span class='ocrx_word' id='word_1_202' title='bbox 1553 1567 1682 1603; x_wconf 81' lang='lat' dir='ltr'><strong>Dousa</strong></span> <span class='ocrx_word' id='word_1_203' title='bbox 1706 1572 1743 1603; x_wconf 86' lang='lat' dir='ltr'><strong>et</strong></span> <span class='ocrx_word' id='word_1_204' title='bbox 1767 1566 1902 1604; x_wconf 83' lang='lat' dir='ltr'><strong>Guliel-</strong></span> 
     </span>
     <span class='ocr_line' id='line_1_23' title="bbox 226 1625 1903 1674; baseline -0.001 -12"><span class='ocrx_word' id='word_1_205' title='bbox 226 1629 319 1663; x_wconf 78' lang='lat' dir='ltr'><strong>mius</strong></span> <span class='ocrx_word' id='word_1_206' title='bbox 345 1628 411 1673; x_wconf 84' lang='lat' dir='ltr'><strong>(cf.</strong></span> <span class='ocrx_word' id='word_1_207' title='bbox 435 1627 628 1674; x_wconf 80' lang='lat' dir='ltr'><strong>Hasperus</strong></span> <span class='ocrx_word' id='word_1_208' title='bbox 652 1628 700 1662; x_wconf 76' lang='lat' dir='ltr'><strong>acl</strong></span> <span class='ocrx_word' id='word_1_209' title='bbox 726 1626 795 1673; x_wconf 78' lang='lat' dir='ltr'><strong>Ep.</strong></span> <span class='ocrx_word' id='word_1_210' title='bbox 819 1628 914 1662; x_wconf 80' lang='lat' dir='ltr'><strong>coni.</strong></span> <span class='ocrx_word' id='word_1_211' title='bbox 944 1628 975 1669; x_wconf 84' lang='lat'><strong>7,</strong></span> <span class='ocrx_word' id='word_1_212' title='bbox 998 1626 1228 1662; x_wconf 74' lang='lat' dir='ltr'><strong>Abrahamus</strong></span> <span class='ocrx_word' id='word_1_213' title='bbox 1251 1625 1344 1660; x_wconf 78' lang='lat' dir='ltr'><strong>stud.</strong></span> <span class='ocrx_word' id='word_1_214' title='bbox 1369 1625 1424 1660; x_wconf 89' lang='lat' dir='ltr'><strong>Pl.</strong></span> <span class='ocrx_word' id='word_1_215' title='bbox 1442 1626 1549 1668; x_wconf 86' lang='lat'><strong>220),</strong></span> <span class='ocrx_word' id='word_1_216' title='bbox 1574 1635 1648 1660; x_wconf 81' lang='lat' dir='ltr'><strong>non</strong></span> <span class='ocrx_word' id='word_1_217' title='bbox 1671 1625 1799 1660; x_wconf 80' lang='lat' dir='ltr'><strong>melius</strong></span> <span class='ocrx_word' id='word_1_218' title='bbox 1815 1629 1903 1672; x_wconf 81' lang='lat' dir='ltr'><strong>post</strong></span> 
     </span>
     <span class='ocr_line' id='line_1_24' title="bbox 226 1680 1902 1731; baseline -0.001 -12"><span class='ocrx_word' id='word_1_219' title='bbox 226 1683 412 1731; x_wconf 76' lang='lat' dir='ltr'><strong>principia</strong></span> <span class='ocrx_word' id='word_1_220' title='bbox 428 1683 612 1730; x_wconf 77' lang='lat' dir='ltr'><strong>colloquii.</strong></span> <span class='ocrx_word' id='word_1_221' title='bbox 645 1683 963 1728; x_wconf 76' lang='grc' dir='ltr'><em>διαπεπλιγμένον</em></span> <span class='ocrx_word' id='word_1_222' title='bbox 980 1688 1094 1723; x_wconf 82' lang='lat' dir='ltr'><strong>vocat,</strong></span> <span class='ocrx_word' id='word_1_223' title='bbox 1113 1684 1162 1729; x_wconf 61' lang='lat' dir='ltr'><strong>cf?</strong></span> <span class='ocrx_word' id='word_1_224' title='bbox 1178 1682 1289 1717; x_wconf 83' lang='lat' dir='ltr'><strong>Poen.</strong></span> <span class='ocrx_word' id='word_1_225' title='bbox 1305 1682 1381 1717; x_wconf 85' lang='lat'><strong>506</strong></span> <span class='ocrx_word' id='word_1_226' title='bbox 1394 1692 1445 1727; x_wconf 81' lang='lat' dir='ltr'><strong>sq.</strong></span> <span class='ocrx_word' id='word_1_227' title='bbox 1465 1680 1574 1716; x_wconf 77' lang='lat' dir='ltr'><strong>Mero.</strong></span> <span class='ocrx_word' id='word_1_228' title='bbox 1593 1682 1667 1716; x_wconf 87' lang='lat'><strong>595</strong></span> <span class='ocrx_word' id='word_1_229' title='bbox 1758 1684 1799 1716; x_wconf 88' lang='lat'><strong>14</strong></span> <span class='ocrx_word' id='word_1_230' title='bbox 1816 1693 1902 1727; x_wconf 86' lang='lat' dir='ltr'><strong>por·</strong></span> 
     </span>
     <span class='ocr_line' id='line_1_25' title="bbox 225 1737 1902 1786; baseline -0.001 -10"><span class='ocrx_word' id='word_1_231' title='bbox 225 1744 299 1776; x_wconf 82' lang='lat' dir='ltr'><strong>tam</strong></span> <span class='ocrx_word' id='word_1_232' title='bbox 323 1740 585 1786; x_wconf 74' lang='lat' dir='ltr'><strong>Lanqrelzrius,</strong></span> <span class='ocrx_word' id='word_1_233' title='bbox 610 1740 660 1785; x_wconf 81' lang='lat' dir='ltr'><strong>cf.</strong></span> <span class='ocrx_word' id='word_1_234' title='bbox 685 1741 767 1774; x_wconf 88' lang='lat'><strong>217.</strong></span> <span class='ocrx_word' id='word_1_235' title='bbox 792 1741 867 1775; x_wconf 88' lang='lat'><strong>221</strong></span> <span class='ocrx_word' id='word_1_236' title='bbox 961 1740 1122 1776; x_wconf 88' lang='lat' dir='ltr'><strong>curculio</strong></span> <span class='ocrx_word' id='word_1_237' title='bbox 1149 1739 1183 1774; x_wconf 92' lang='lat' dir='ltr'><strong><em>P</em></strong></span> <span class='ocrx_word' id='word_1_238' title='bbox 1298 1741 1338 1774; x_wconf 88' lang='lat'><strong>16</strong></span> <span class='ocrx_word' id='word_1_239' title='bbox 1363 1738 1507 1783; x_wconf 88' lang='lat' dir='ltr'><strong>quidem</strong></span> <span class='ocrx_word' id='word_1_240' title='bbox 1531 1737 1566 1771; x_wconf 89' lang='lat' dir='ltr'><em>P</em></span> <span class='ocrx_word' id='word_1_241' title='bbox 1680 1742 1719 1774; x_wconf 78' lang='lat'>17</span> <span class='ocrx_word' id='word_1_242' title='bbox 1733 1749 1789 1785; x_wconf 82' lang='lat' dir='ltr'><strong>sq.</strong></span> <span class='ocrx_word' id='word_1_243' title='bbox 1815 1740 1902 1784; x_wconf 88' lang='lat' dir='ltr'><strong>quid</strong></span> 
     </span>
     <span class='ocr_line' id='line_1_26' title="bbox 227 1794 1902 1843; baseline -0.001 -10"><span class='ocrx_word' id='word_1_244' title='bbox 227 1797 304 1841; x_wconf 86' lang='lat' dir='ltr'><strong>agis</strong></span> <span class='ocrx_word' id='word_1_245' title='bbox 329 1807 381 1842; x_wconf 81' lang='lat' dir='ltr'><strong>sq.</strong></span> <span class='ocrx_word' id='word_1_246' title='bbox 413 1795 580 1843; x_wconf 68' lang='lat' dir='ltr'><strong>Epidici,</strong></span> <span class='ocrx_word' id='word_1_247' title='bbox 610 1796 712 1831; x_wconf 83' lang='lat' dir='ltr'><strong>varie</strong></span> <span class='ocrx_word' id='word_1_248' title='bbox 749 1795 1000 1843; x_wconf 76' lang='lat' dir='ltr'><strong>leesprz&#39;om&#39;s,</strong></span> <span class='ocrx_word' id='word_1_249' title='bbox 1037 1797 1096 1841; x_wconf 89' lang='lat' dir='ltr'><strong>qui</strong></span> <span class='ocrx_word' id='word_1_250' title='bbox 1122 1816 1164 1821; x_wconf 91' lang='lat'>—</span> <span class='ocrx_word' id='word_1_251' title='bbox 1196 1806 1308 1841; x_wconf 86' lang='lat' dir='ltr'><strong>genus</strong></span> <span class='ocrx_word' id='word_1_252' title='bbox 1341 1794 1506 1841; x_wconf 73' lang='lat' dir='ltr'><strong>Epidici,</strong></span> <span class='ocrx_word' id='word_1_253' title='bbox 1543 1794 1629 1839; x_wconf 86' lang='lat' dir='ltr'><strong>quid</strong></span> <span class='ocrx_word' id='word_1_254' title='bbox 1654 1815 1692 1819; x_wconf 89' lang='lat'><strong>—</strong></span> <span class='ocrx_word' id='word_1_255' title='bbox 1721 1797 1777 1830; x_wconf 82' lang='lat' dir='ltr'><strong>est</strong></span> <span class='ocrx_word' id='word_1_256' title='bbox 1814 1795 1902 1831; x_wconf 76' lang='lat' dir='ltr'><strong>lee-</strong></span> 
     </span>
     <span class='ocr_line' id='line_1_27' title="bbox 225 1851 1903 1900; baseline 0 -12"><span class='ocrx_word' id='word_1_257' title='bbox 225 1854 388 1900; x_wconf 79' lang='lat' dir='ltr'><strong>sprionz&#39;s</strong></span> <span class='ocrx_word' id='word_1_258' title='bbox 411 1852 455 1895; x_wconf 90' lang='lat' dir='ltr'><strong>P,</strong></span> <span class='ocrx_word' id='word_1_259' title='bbox 480 1853 637 1888; x_wconf 72' lang='lat' dir='ltr'><strong>concinit</strong></span> <span class='ocrx_word' id='word_1_260' title='bbox 654 1854 685 1887; x_wconf 88' lang='lat' dir='ltr'><strong>A</strong></span> <span class='ocrx_word' id='word_1_261' title='bbox 693 1865 708 1894; x_wconf 93' lang='lat'><em>;</em></span> <span class='ocrx_word' id='word_1_262' title='bbox 733 1852 833 1897; x_wconf 82' lang='lat' dir='ltr'><strong>quod</strong></span> <span class='ocrx_word' id='word_1_263' title='bbox 855 1851 1022 1888; x_wconf 80' lang='lat' dir='ltr'><strong>viderunt</strong></span> <span class='ocrx_word' id='word_1_264' title='bbox 1039 1858 1127 1900; x_wconf 84' lang='lat' dir='ltr'><strong>post</strong></span> <span class='ocrx_word' id='word_1_265' title='bbox 1154 1853 1176 1887; x_wconf 91' lang='lat'><em>9</em></span> <span class='ocrx_word' id='word_1_266' title='bbox 1192 1863 1245 1898; x_wconf 78' lang='lat' dir='ltr'><strong>sq.</strong></span> <span class='ocrx_word' id='word_1_267' title='bbox 1269 1852 1369 1897; x_wconf 78' lang='lat' dir='ltr'><strong>ferri</strong></span> <span class='ocrx_word' id='word_1_268' title='bbox 1389 1862 1463 1886; x_wconf 79' lang='lat' dir='ltr'><strong>non</strong></span> <span class='ocrx_word' id='word_1_269' title='bbox 1485 1861 1612 1897; x_wconf 82' lang='lat' dir='ltr'><strong>posse,</strong></span> <span class='ocrx_word' id='word_1_270' title='bbox 1637 1851 1686 1896; x_wconf 82' lang='lat' dir='ltr'><strong>cf.</strong></span> <span class='ocrx_word' id='word_1_271' title='bbox 1705 1851 1903 1898; x_wconf 74' lang='lat' dir='ltr'><strong>Lanqenus</strong></span> 
     </span>
     <span class='ocr_line' id='line_1_28' title="bbox 225 1905 1902 1954; baseline -0.001 -10"><span class='ocrx_word' id='word_1_272' title='bbox 225 1909 318 1945; x_wconf 79' lang='lat' dir='ltr'><strong>stud.</strong></span> <span class='ocrx_word' id='word_1_273' title='bbox 336 1909 393 1945; x_wconf 89' lang='lat' dir='ltr'><strong>Pl.</strong></span> <span class='ocrx_word' id='word_1_274' title='bbox 410 1911 502 1945; x_wconf 81' lang='lat'><strong>288.</strong></span> <span class='ocrx_word' id='word_1_275' title='bbox 545 1919 726 1954; x_wconf 78' lang='lat' dir='ltr'><strong>personas</strong></span> <span class='ocrx_word' id='word_1_276' title='bbox 743 1910 878 1944; x_wconf 76' lang='lat' dir='ltr'><strong>mutavi</strong></span> <span class='ocrx_word' id='word_1_277' title='bbox 902 1910 1079 1952; x_wconf 79' lang='lat' dir='ltr'><strong>(17thes.‚</strong></span> <span class='ocrx_word' id='word_1_278' title='bbox 1096 1910 1145 1944; x_wconf 79' lang='lat'>13</span> <span class='ocrx_word' id='word_1_279' title='bbox 1161 1914 1196 1944; x_wconf 81' lang='lat' dir='ltr'><strong>et</strong></span> <span class='ocrx_word' id='word_1_280' title='bbox 1219 1909 1265 1944; x_wconf 87' lang='lat'><strong>19</strong></span> <span class='ocrx_word' id='word_1_281' title='bbox 1282 1907 1376 1953; x_wconf 87' lang='lat' dir='ltr'><strong>epid.</strong></span> <span class='ocrx_word' id='word_1_282' title='bbox 1393 1917 1532 1953; x_wconf 81' lang='lat' dir='ltr'><strong>praem.</strong></span> <span class='ocrx_word' id='word_1_283' title='bbox 1553 1905 1615 1949; x_wconf 86' lang='lat' dir='ltr'><strong>E),</strong></span> <span class='ocrx_word' id='word_1_284' title='bbox 1640 1908 1690 1953; x_wconf 84' lang='lat' dir='ltr'><strong>cf.</strong></span> <span class='ocrx_word' id='word_1_285' title='bbox 1709 1907 1902 1944; x_wconf 77' lang='lat' dir='ltr'><strong>Sclzredin-</strong></span> 
     </span>
     <span class='ocr_line' id='line_1_29' title="bbox 223 1963 1901 2012; baseline -0.001 -10"><span class='ocrx_word' id='word_1_286' title='bbox 223 1977 335 2012; x_wconf 72' lang='lat' dir='ltr'><strong>qerus</strong></span> <span class='ocrx_word' id='word_1_287' title='bbox 350 1965 424 2002; x_wconf 83' lang='lat' dir='ltr'><strong>obs.</strong></span> <span class='ocrx_word' id='word_1_288' title='bbox 442 1967 479 2001; x_wconf 79' lang='lat' dir='ltr'><strong>in</strong></span> <span class='ocrx_word' id='word_1_289' title='bbox 497 1964 567 2011; x_wconf 86' lang='lat' dir='ltr'><strong>Ep.</strong></span> <span class='ocrx_word' id='word_1_290' title='bbox 590 1966 612 1999; x_wconf 79' lang='lat'><strong><em>6</em></strong></span> <span class='ocrx_word' id='word_1_291' title='bbox 619 1966 640 2000; x_wconf 83' lang='lat'><em>7</em></span> <span class='ocrx_word' id='word_1_292' title='bbox 651 1976 704 2011; x_wconf 77' lang='lat' dir='ltr'><strong>sq.</strong></span> <span class='ocrx_word' id='word_1_293' title='bbox 777 1969 817 2001; x_wconf 79' lang='lat'>17</span> <span class='ocrx_word' id='word_1_294' title='bbox 843 1965 897 2001; x_wconf 88' lang='lat' dir='ltr'><strong>ais</strong></span> <span class='ocrx_word' id='word_1_295' title='bbox 915 1964 1048 2001; x_wconf 75' lang='lat' dir='ltr'><strong>LomL:</strong></span> <span class='ocrx_word' id='word_1_296' title='bbox 1071 1966 1148 2010; x_wconf 84' lang='lat' dir='ltr'><strong>agis</strong></span> <span class='ocrx_word' id='word_1_297' title='bbox 1166 1964 1233 2001; x_wconf 84' lang='grc' dir='ltr'><strong>ΑΡ</strong></span> <span class='ocrx_word' id='word_1_298' title='bbox 1324 1966 1364 1999; x_wconf 82' lang='lat'><strong>18</strong></span> <span class='ocrx_word' id='word_1_299' title='bbox 1390 1973 1660 2009; x_wconf 77' lang='lat' dir='ltr'><strong>capreagenum</strong></span> <span class='ocrx_word' id='word_1_300' title='bbox 1676 1963 1745 1999; x_wconf 91' lang='grc' dir='ltr'><strong>ΑΡ</strong></span> <span class='ocrx_word' id='word_1_301' title='bbox 1757 1967 1901 2010; x_wconf 79' lang='lat' dir='ltr'><strong>(capere</strong></span> 
     </span>
     <span class='ocr_line' id='line_1_30' title="bbox 226 2019 1902 2068; baseline -0.001 -10"><span class='ocrx_word' id='word_1_302' title='bbox 226 2023 371 2068; x_wconf 77' lang='lat' dir='ltr'><strong>aginam</strong></span> <span class='ocrx_word' id='word_1_303' title='bbox 406 2021 447 2064; x_wconf 84' lang='lat' dir='ltr'><strong>V,</strong></span> <span class='ocrx_word' id='word_1_304' title='bbox 471 2022 702 2067; x_wconf 83' lang='lat' dir='ltr'><strong>caprigenum</strong></span> <span class='ocrx_word' id='word_1_305' title='bbox 728 2022 792 2064; x_wconf 53' lang='grc' dir='ltr'><strong>ΒΞ)</strong></span> <span class='ocrx_word' id='word_1_306' title='bbox 887 2025 927 2057; x_wconf 87' lang='grc'><strong>19</strong></span> <span class='ocrx_word' id='word_1_307' title='bbox 952 2025 994 2058; x_wconf 76' lang='lat' dir='ltr'><strong>ut</strong></span> <span class='ocrx_word' id='word_1_308' title='bbox 1016 2023 1101 2058; x_wconf 86' lang='lat' dir='ltr'><strong>illae</strong></span> <span class='ocrx_word' id='word_1_309' title='bbox 1124 2033 1182 2057; x_wconf 88' lang='lat' dir='ltr'><strong>res</strong></span> <span class='ocrx_word' id='word_1_310' title='bbox 1206 2021 1405 2066; x_wconf 87' lang='lat' dir='ltr'><strong>responde:</strong></span> <span class='ocrx_word' id='word_1_311' title='bbox 1431 2023 1472 2056; x_wconf 83' lang='lat' dir='ltr'><strong>ut</strong></span> <span class='ocrx_word' id='word_1_312' title='bbox 1495 2019 1549 2055; x_wconf 91' lang='lat' dir='ltr'><strong>illi</strong></span> <span class='ocrx_word' id='word_1_313' title='bbox 1573 2030 1707 2066; x_wconf 82' lang='lat' dir='ltr'><strong>respon</strong></span> <span class='ocrx_word' id='word_1_314' title='bbox 1730 2027 1902 2067; x_wconf 78' lang='lat' dir='ltr'><strong>sequente</strong></span> 
     </span>
     <span class='ocr_line' id='line_1_31' title="bbox 225 2077 1902 2125; baseline -0.001 -11"><span class='ocrx_word' id='word_1_315' title='bbox 225 2078 346 2125; x_wconf 78' lang='lat' dir='ltr'><strong>spatio</strong></span> <span class='ocrx_word' id='word_1_316' title='bbox 363 2077 399 2113; x_wconf 92' lang='lat' dir='ltr'><em>P</em></span> <span class='ocrx_word' id='word_1_317' title='bbox 420 2079 471 2120; x_wconf 80' lang='lat' dir='ltr'><strong>(in</strong></span> <span class='ocrx_word' id='word_1_318' title='bbox 494 2079 615 2125; x_wconf 78' lang='lat' dir='ltr'><strong>spatio</strong></span> <span class='ocrx_word' id='word_1_319' title='bbox 641 2077 725 2113; x_wconf 74' lang='lat' dir='ltr'><strong>add.</strong></span> <span class='ocrx_word' id='word_1_320' title='bbox 752 2078 789 2113; x_wconf 87' lang='lat' dir='ltr'><strong>di</strong></span> <span class='ocrx_word' id='word_1_321' title='bbox 807 2078 869 2120; x_wconf 51' lang='grc' dir='ltr'><strong>ΒΞ,</strong></span> <span class='ocrx_word' id='word_1_322' title='bbox 895 2078 948 2114; x_wconf 82' lang='lat' dir='ltr'><strong>dit</strong></span> <span class='ocrx_word' id='word_1_323' title='bbox 974 2078 1048 2122; x_wconf 56' lang='grc' dir='ltr'><strong>ΕΞ),</strong></span> <span class='ocrx_word' id='word_1_324' title='bbox 1074 2082 1114 2122; x_wconf 68' lang='lat' dir='ltr'><strong>ut</strong></span> <span class='ocrx_word' id='word_1_325' title='bbox 1137 2078 1222 2123; x_wconf 67' lang='lat' dir='ltr'><strong>illae</strong></span> <span class='ocrx_word' id='word_1_326' title='bbox 1245 2089 1303 2122; x_wconf 79' lang='lat' dir='ltr'><strong>res</strong></span> <span class='ocrx_word' id='word_1_327' title='bbox 1329 2077 1497 2122; x_wconf 70' lang='lat' dir='ltr'><strong>obstenia.</strong></span> <span class='ocrx_word' id='word_1_328' title='bbox 1518 2081 1689 2122; x_wconf 76' lang='lat' dir='ltr'><strong>sequente</strong></span> <span class='ocrx_word' id='word_1_329' title='bbox 1712 2082 1778 2112; x_wconf 84' lang='lat' dir='ltr'><strong>aut</strong></span> <span class='ocrx_word' id='word_1_330' title='bbox 1800 2077 1902 2113; x_wconf 81' lang='lat' dir='ltr'><strong>nulla</strong></span> 
     </span>
     <span class='ocr_line' id='line_1_32' title="bbox 227 2132 1900 2180; baseline -0.001 -10"><span class='ocrx_word' id='word_1_331' title='bbox 227 2135 348 2171; x_wconf 78' lang='lat' dir='ltr'><strong>littera</strong></span> <span class='ocrx_word' id='word_1_332' title='bbox 373 2139 436 2171; x_wconf 82' lang='lat' dir='ltr'><strong>aut</strong></span> <span class='ocrx_word' id='word_1_333' title='bbox 467 2146 542 2170; x_wconf 81' lang='lat' dir='ltr'><strong>una</strong></span> <span class='ocrx_word' id='word_1_334' title='bbox 574 2134 756 2170; x_wconf 68' lang='lat' dir='ltr'><strong>duabusve</strong></span> <span class='ocrx_word' id='word_1_335' title='bbox 780 2137 811 2169; x_wconf 99' lang='lat' dir='ltr'><strong>A</strong></span> <span class='ocrx_word' id='word_1_336' title='bbox 836 2136 966 2180; x_wconf 71' lang='lat' dir='ltr'><strong>(fuisse</strong></span> <span class='ocrx_word' id='word_1_337' title='bbox 997 2135 1140 2171; x_wconf 77' lang='lat' dir='ltr'><strong>videtur</strong></span> <span class='ocrx_word' id='word_1_338' title='bbox 1164 2137 1307 2171; x_wconf 82' lang='lat' dir='ltr'><strong>ostenta</strong></span> <span class='ocrx_word' id='word_1_339' title='bbox 1328 2145 1400 2180; x_wconf 79' lang='lat' dir='ltr'><strong>pro</strong></span> <span class='ocrx_word' id='word_1_340' title='bbox 1424 2133 1616 2178; x_wconf 86' lang='lat' dir='ltr'><strong>responde)</strong></span> <span class='ocrx_word' id='word_1_341' title='bbox 1731 2132 1800 2168; x_wconf 80' lang='grc' dir='ltr'><strong>ΤΗ.</strong></span> <span class='ocrx_word' id='word_1_342' title='bbox 1833 2133 1900 2168; x_wconf 73' lang='lat'><strong>3².-</strong></span> 
     </span>
     <span class='ocr_line' id='line_1_33' title="bbox 223 2189 1900 2239; baseline 0.001 -13"><span class='ocrx_word' id='word_1_343' title='bbox 223 2192 383 2239; x_wconf 75' lang='lat' dir='ltr'><strong>spatium</strong></span> <span class='ocrx_word' id='word_1_344' title='bbox 407 2191 474 2227; x_wconf 94' lang='grc' dir='ltr'><strong>ΑΡ</strong></span> <span class='ocrx_word' id='word_1_345' title='bbox 587 2191 752 2235; x_wconf 66' lang='lat' dir='ltr'><strong>p[i·obe]e</strong></span> <span class='ocrx_word' id='word_1_346' title='bbox 776 2192 807 2225; x_wconf 92' lang='lat' dir='ltr'><strong>A</strong></span> <span class='ocrx_word' id='word_1_347' title='bbox 925 2195 966 2226; x_wconf 86' lang='grc'><strong>20</strong></span> <span class='ocrx_word' id='word_1_348' title='bbox 994 2192 1064 2227; x_wconf 80' lang='grc' dir='ltr'><strong>ΤΗ.</strong></span> <span class='ocrx_word' id='word_1_349' title='bbox 1089 2196 1173 2238; x_wconf 81' lang='lat' dir='ltr'><strong>post</strong></span> <span class='ocrx_word' id='word_1_350' title='bbox 1196 2191 1293 2226; x_wconf 85' lang='lat' dir='ltr'><strong>valet</strong></span> <span class='ocrx_word' id='word_1_351' title='bbox 1316 2189 1352 2224; x_wconf 93' lang='lat' dir='ltr'><em>P</em></span> <span class='ocrx_word' id='word_1_352' title='bbox 1464 2192 1503 2225; x_wconf 86' lang='lat'>21</span> <span class='ocrx_word' id='word_1_353' title='bbox 1540 2191 1705 2235; x_wconf 80' lang='lat' dir='ltr'><strong>atportas</strong></span> <span class='ocrx_word' id='word_1_354' title='bbox 1737 2190 1900 2236; x_wconf 80' lang='lat' dir='ltr'><strong>thesprio</strong></span> 
     </span>
     <span class='ocr_line' id='line_1_34' title="bbox 226 2238 1902 2292; baseline -0.001 -8"><span class='ocrx_word' id='word_1_355' title='bbox 226 2250 278 2284; x_wconf 88' lang='lat' dir='ltr'><strong>A:</strong></span> <span class='ocrx_word' id='word_1_356' title='bbox 303 2248 468 2284; x_wconf 80' lang='lat' dir='ltr'><strong>adtulisti</strong></span> <span class='ocrx_word' id='word_1_357' title='bbox 484 2247 520 2283; x_wconf 89' lang='lat' dir='ltr'><em>P</em></span> <span class='ocrx_word' id='word_1_358' title='bbox 585 2238 595 2248; x_wconf 74' lang='grc'><strong><em>’</em></strong></span> <span class='ocrx_word' id='word_1_359' title='bbox 634 2250 675 2283; x_wconf 83' lang='grc'><strong>22</strong></span> <span class='ocrx_word' id='word_1_360' title='bbox 701 2248 832 2282; x_wconf 87' lang='lat' dir='ltr'><strong>adveni</strong></span> <span class='ocrx_word' id='word_1_361' title='bbox 850 2247 884 2282; x_wconf 90' lang='lat' dir='ltr'><em>P</em></span> <span class='ocrx_word' id='word_1_362' title='bbox 899 2249 1060 2290; x_wconf 85' lang='lat' dir='ltr'><strong>(advenis</strong></span> <span class='ocrx_word' id='word_1_363' title='bbox 1094 2248 1142 2291; x_wconf 81' lang='lat' dir='ltr'><strong>V)</strong></span> <span class='ocrx_word' id='word_1_364' title='bbox 1234 2247 1303 2282; x_wconf 85' lang='grc' dir='ltr'><strong>ΕΡ.</strong></span> <span class='ocrx_word' id='word_1_365' title='bbox 1330 2251 1414 2282; x_wconf 80' lang='lat' dir='ltr'><strong>ante</strong></span> <span class='ocrx_word' id='word_1_366' title='bbox 1438 2246 1510 2282; x_wconf 88' lang='lat' dir='ltr'><strong>nisi</strong></span> <span class='ocrx_word' id='word_1_367' title='bbox 1533 2245 1569 2280; x_wconf 92' lang='lat' dir='ltr'><em>P</em></span> <span class='ocrx_word' id='word_1_368' title='bbox 1659 2257 1743 2292; x_wconf 86' lang='lat' dir='ltr'><strong>ergo</strong></span> <span class='ocrx_word' id='word_1_369' title='bbox 1773 2250 1829 2284; x_wconf 85' lang='lat' dir='ltr'><strong>est</strong></span> <span class='ocrx_word' id='word_1_370' title='bbox 1851 2248 1902 2283; x_wconf 86' lang='lat' dir='ltr'><strong>A:</strong></span> 
     </span>
     <span class='ocr_line' id='line_1_35' title="bbox 227 2302 1811 2351; baseline -0.001 -10"><span class='ocrx_word' id='word_1_371' title='bbox 227 2307 329 2350; x_wconf 83' lang='lat' dir='ltr'><strong>egost</strong></span> <span class='ocrx_word' id='word_1_372' title='bbox 353 2304 389 2340; x_wconf 92' lang='lat' dir='ltr'><em>P</em></span> <span class='ocrx_word' id='word_1_373' title='bbox 478 2306 520 2339; x_wconf 86' lang='lat'><strong>23</strong></span> <span class='ocrx_word' id='word_1_374' title='bbox 545 2304 590 2340; x_wconf 85' lang='lat' dir='ltr'><strong>de</strong></span> <span class='ocrx_word' id='word_1_375' title='bbox 607 2304 701 2351; x_wconf 76' lang='lat' dir='ltr'><strong>pelle·</strong></span> <span class='ocrx_word' id='word_1_376' title='bbox 724 2303 857 2339; x_wconf 84' lang='lat' dir='ltr'><strong>melina</strong></span> <span class='ocrx_word' id='word_1_377' title='bbox 881 2304 931 2349; x_wconf 84' lang='lat' dir='ltr'><strong>cf.</strong></span> <span class='ocrx_word' id='word_1_378' title='bbox 957 2304 1200 2340; x_wconf 76' lang='lat' dir='ltr'><strong>Bluemnerus</strong></span> <span class='ocrx_word' id='word_1_379' title='bbox 1216 2304 1250 2339; x_wconf 85' lang='lat' dir='ltr'><strong>d.</strong></span> <span class='ocrx_word' id='word_1_380' title='bbox 1268 2303 1546 2347; x_wconf 75' lang='lat' dir='ltr'><strong>maximaltare&#39;f</strong></span> <span class='ocrx_word' id='word_1_381' title='bbox 1556 2302 1589 2337; x_wconf 85' lang='lat' dir='ltr'><strong>d.</strong></span> <span class='ocrx_word' id='word_1_382' title='bbox 1607 2302 1811 2339; x_wconf 75' lang='lat' dir='ltr'><strong>Diocl.124</strong></span> 
     </span>
     <span class='ocr_line' id='line_1_36' title="bbox 228 2359 1857 2408; baseline 0.001 -12"><span class='ocrx_word' id='word_1_383' title='bbox 228 2362 287 2406; x_wconf 80' lang='lat' dir='ltr'><strong>dei</strong></span> <span class='ocrx_word' id='word_1_384' title='bbox 299 2363 331 2396; x_wconf 92' lang='lat' dir='ltr'><strong>A</strong></span> <span class='ocrx_word' id='word_1_385' title='bbox 401 2361 450 2407; x_wconf 82' lang='lat' dir='ltr'><strong>cf.</strong></span> <span class='ocrx_word' id='word_1_386' title='bbox 467 2360 672 2397; x_wconf 77' lang='lat' dir='ltr'><strong>Lorenzz&#39;us</strong></span> <span class='ocrx_word' id='word_1_387' title='bbox 688 2360 737 2395; x_wconf 77' lang='lat' dir='ltr'><strong>acl</strong></span> <span class='ocrx_word' id='word_1_388' title='bbox 753 2359 831 2395; x_wconf 74' lang='lat' dir='ltr'><strong>Mil.</strong></span> <span class='ocrx_word' id='word_1_389' title='bbox 848 2362 929 2396; x_wconf 82' lang='lat'><strong>286</strong></span> <span class='ocrx_word' id='word_1_390' title='bbox 1022 2364 1065 2396; x_wconf 78' lang='lat'><strong>24</strong></span> <span class='ocrx_word' id='word_1_391' title='bbox 1087 2361 1278 2408; x_wconf 74' lang='lat' dir='ltr'><strong>paululum</strong></span> <span class='ocrx_word' id='word_1_392' title='bbox 1303 2372 1326 2395; x_wconf 78' lang='lat' dir='ltr'><em>a</em></span> <span class='ocrx_word' id='word_1_393' title='bbox 1343 2371 1456 2406; x_wconf 75' lang='lat' dir='ltr'><strong>marq.</strong></span> <span class='ocrx_word' id='word_1_394' title='bbox 1473 2359 1622 2395; x_wconf 80' lang='lat' dir='ltr'><strong>sinistro</strong></span> <span class='ocrx_word' id='word_1_395' title='bbox 1637 2359 1809 2396; x_wconf 78' lang='lat' dir='ltr'><strong>reductus</strong></span> <span class='ocrx_word' id='word_1_396' title='bbox 1824 2362 1857 2396; x_wconf 98' lang='lat' dir='ltr'><strong>A</strong></span> 
     </span>
     <span class='ocr_line' id='line_1_37' title="bbox 226 2414 1902 2464; baseline -0.001 -10"><span class='ocrx_word' id='word_1_397' title='bbox 226 2419 459 2463; x_wconf 82' lang='lat' dir='ltr'><strong>percunctari</strong></span> <span class='ocrx_word' id='word_1_398' title='bbox 475 2418 507 2453; x_wconf 93' lang='lat' dir='ltr'><strong>A</strong></span> <span class='ocrx_word' id='word_1_399' title='bbox 598 2416 763 2453; x_wconf 83' lang='lat' dir='ltr'><strong>redditur</strong></span> <span class='ocrx_word' id='word_1_400' title='bbox 784 2417 827 2461; x_wconf 81' lang='lat' dir='ltr'><strong>E,</strong></span> <span class='ocrx_word' id='word_1_401' title='bbox 856 2418 1021 2453; x_wconf 67' lang='lat' dir='ltr'><strong>*reditur</strong></span> <span class='ocrx_word' id='word_1_402' title='bbox 1038 2420 1143 2460; x_wconf 79' lang='lat' dir='ltr'><strong>(eras,</strong></span> <span class='ocrx_word' id='word_1_403' title='bbox 1163 2417 1218 2459; x_wconf 70' lang='grc' dir='ltr'><strong>οἳ)</strong></span> <span class='ocrx_word' id='word_1_404' title='bbox 1239 2417 1282 2457; x_wconf 84' lang='grc' dir='ltr'><strong>Β,</strong></span> <span class='ocrx_word' id='word_1_405' title='bbox 1301 2416 1442 2452; x_wconf 79' lang='lat' dir='ltr'><strong>reditur</strong></span> <span class='ocrx_word' id='word_1_406' title='bbox 1465 2414 1497 2450; x_wconf 89' lang='lat' dir='ltr'><em>V</em></span> <span class='ocrx_word' id='word_1_407' title='bbox 1587 2417 1722 2452; x_wconf 85' lang='lat'>24—26</span> <span class='ocrx_word' id='word_1_408' title='bbox 1739 2416 1833 2464; x_wconf 82' lang='lat' dir='ltr'><strong>disp.</strong></span> <span class='ocrx_word' id='word_1_409' title='bbox 1851 2415 1902 2452; x_wconf 90' lang='lat' dir='ltr'><strong>P:</strong></span> 
     </span>
     <span class='ocr_line' id='line_1_38' title="bbox 226 2473 1901 2518; baseline 0 -9"><span class='ocrx_word' id='word_1_410' title='bbox 226 2475 327 2510; x_wconf 82' lang='lat' dir='ltr'><strong>Pero.</strong></span> <span class='ocrx_word' id='word_1_411' title='bbox 355 2495 396 2500; x_wconf 89' lang='lat'><strong>—-—</strong></span> <span class='ocrx_word' id='word_1_412' title='bbox 422 2475 527 2510; x_wconf 83' lang='lat' dir='ltr'><strong>decet</strong></span> <span class='ocrx_word' id='word_1_413' title='bbox 547 2475 552 2518; x_wconf 87' lang='lat' dir='ltr'><strong>l</strong></span> <span class='ocrx_word' id='word_1_414' title='bbox 572 2474 649 2510; x_wconf 87' lang='lat' dir='ltr'><strong>Iam</strong></span> <span class='ocrx_word' id='word_1_415' title='bbox 668 2494 707 2498; x_wconf 92' lang='lat'>—</span> <span class='ocrx_word' id='word_1_416' title='bbox 727 2484 831 2518; x_wconf 89' lang='lat' dir='ltr'><strong>quem</strong></span> <span class='ocrx_word' id='word_1_417' title='bbox 853 2476 858 2518; x_wconf 85' lang='grc' dir='ltr'>Ι</span> <span class='ocrx_word' id='word_1_418' title='bbox 879 2474 989 2510; x_wconf 85' lang='lat' dir='ltr'><strong>Dices</strong></span> <span class='ocrx_word' id='word_1_419' title='bbox 1014 2494 1057 2499; x_wconf 89' lang='lat'><em>-</em></span> <span class='ocrx_word' id='word_1_420' title='bbox 1083 2474 1235 2509; x_wconf 81' lang='lat' dir='ltr'><strong>alterum</strong></span> <span class='ocrx_word' id='word_1_421' title='bbox 1328 2475 1383 2508; x_wconf 85' lang='lat'><strong>25.</strong></span> <span class='ocrx_word' id='word_1_422' title='bbox 1409 2475 1451 2507; x_wconf 83' lang='lat'><strong>26</strong></span> <span class='ocrx_word' id='word_1_423' title='bbox 1476 2475 1651 2518; x_wconf 82' lang='lat' dir='ltr'><strong>quattuor</strong></span> <span class='ocrx_word' id='word_1_424' title='bbox 1675 2473 1835 2509; x_wconf 78' lang='lat' dir='ltr'><strong>versibus</strong></span> <span class='ocrx_word' id='word_1_425' title='bbox 1849 2474 1901 2509; x_wconf 82' lang='lat' dir='ltr'><strong>A:</strong></span> 
     </span>
     <span class='ocr_line' id='line_1_39' title="bbox 226 2528 1900 2575; baseline -0.001 -9"><span class='ocrx_word' id='word_1_426' title='bbox 226 2531 284 2567; x_wconf 88' lang='lat' dir='ltr'><strong>ius</strong></span> <span class='ocrx_word' id='word_1_427' title='bbox 306 2532 310 2575; x_wconf 94' lang='grc' dir='ltr'>Ι</span> <span class='ocrx_word' id='word_1_428' title='bbox 332 2531 367 2566; x_wconf 91' lang='lat' dir='ltr'><strong>d.</strong></span> <span class='ocrx_word' id='word_1_429' title='bbox 393 2542 440 2566; x_wconf 90' lang='lat' dir='ltr'><strong>m.</strong></span> <span class='ocrx_word' id='word_1_430' title='bbox 466 2531 500 2566; x_wconf 91' lang='lat' dir='ltr'><strong>d.</strong></span> <span class='ocrx_word' id='word_1_431' title='bbox 522 2532 527 2575; x_wconf 83' lang='grc' dir='ltr'>Ι</span> <span class='ocrx_word' id='word_1_432' title='bbox 548 2531 620 2567; x_wconf 81' lang='lat' dir='ltr'><strong>iam</strong></span> <span class='ocrx_word' id='word_1_433' title='bbox 649 2550 693 2556; x_wconf 93' lang='lat'><em>-</em></span> <span class='ocrx_word' id='word_1_434' title='bbox 718 2541 823 2575; x_wconf 90' lang='lat' dir='ltr'><strong>quem</strong></span> <span class='ocrx_word' id='word_1_435' title='bbox 844 2532 849 2573; x_wconf 76' lang='grc'>1</span> <span class='ocrx_word' id='word_1_436' title='bbox 870 2530 940 2565; x_wconf 88' lang='lat' dir='ltr'><strong>dic.</strong></span> <span class='ocrx_word' id='word_1_437' title='bbox 966 2550 1007 2554; x_wconf 98' lang='lat'><strong>—</strong></span> <span class='ocrx_word' id='word_1_438' title='bbox 1033 2530 1204 2573; x_wconf 83' lang='lat' dir='ltr'><strong>alterum,</strong></span> <span class='ocrx_word' id='word_1_439' title='bbox 1236 2530 1343 2565; x_wconf 74' lang='lat' dir='ltr'><strong>eliam</strong></span> <span class='ocrx_word' id='word_1_440' title='bbox 1372 2529 1514 2566; x_wconf 83' lang='lat' dir='ltr'><strong>duobus</strong></span> <span class='ocrx_word' id='word_1_441' title='bbox 1544 2528 1681 2565; x_wconf 78' lang='lat' dir='ltr'><strong>ultimis</strong></span> <span class='ocrx_word' id='word_1_442' title='bbox 1708 2529 1900 2575; x_wconf 82' lang='lat' dir='ltr'><strong>paululum</strong></span> 
     </span>
     <span class='ocr_line' id='line_1_40' title="bbox 227 2584 1900 2633; baseline 0 -11"><span class='ocrx_word' id='word_1_443' title='bbox 227 2587 386 2623; x_wconf 79' lang='lat' dir='ltr'><strong>reductis</strong></span> <span class='ocrx_word' id='word_1_444' title='bbox 394 2606 406 2633; x_wconf 93' lang='lat'><em>;</em></span> <span class='ocrx_word' id='word_1_445' title='bbox 430 2587 481 2633; x_wconf 83' lang='lat' dir='ltr'><strong>cf.</strong></span> <span class='ocrx_word' id='word_1_446' title='bbox 499 2587 549 2623; x_wconf 84' lang='lat' dir='ltr'><strong>ad</strong></span> <span class='ocrx_word' id='word_1_447' title='bbox 564 2598 594 2622; x_wconf 86' lang='lat' dir='ltr'><strong>v.</strong></span> <span class='ocrx_word' id='word_1_448' title='bbox 615 2587 648 2622; x_wconf 89' lang='grc'><strong>9.</strong></span> <span class='ocrx_word' id='word_1_449' title='bbox 690 2597 805 2632; x_wconf 78' lang='lat' dir='ltr'><strong>neque</strong></span> <span class='ocrx_word' id='word_1_450' title='bbox 821 2586 897 2622; x_wconf 79' lang='lat' dir='ltr'><strong>illic</strong></span> <span class='ocrx_word' id='word_1_451' title='bbox 921 2596 1038 2632; x_wconf 80' lang='lat' dir='ltr'><strong>neque</strong></span> <span class='ocrx_word' id='word_1_452' title='bbox 1061 2585 1119 2621; x_wconf 67' lang='lat' dir='ltr'><strong>laic</strong></span> <span class='ocrx_word' id='word_1_453' title='bbox 1135 2585 1368 2621; x_wconf 76' lang='lat' dir='ltr'><strong>colomeeriae</strong></span> <span class='ocrx_word' id='word_1_454' title='bbox 1390 2584 1493 2621; x_wconf 81' lang='lat' dir='ltr'><strong>credi</strong></span> <span class='ocrx_word' id='word_1_455' title='bbox 1510 2589 1634 2631; x_wconf 79' lang='lat' dir='ltr'><strong>potest</strong></span> <span class='ocrx_word' id='word_1_456' title='bbox 1725 2587 1768 2621; x_wconf 88' lang='lat'><strong>26</strong></span> <span class='ocrx_word' id='word_1_457' title='bbox 1792 2586 1900 2622; x_wconf 75' lang='lat' dir='ltr'><strong>dictis</strong></span> 
     </span>
     <span class='ocr_line' id='line_1_41' title="bbox 228 2641 1900 2689; baseline 0 -11"><span class='ocrx_word' id='word_1_458' title='bbox 228 2643 284 2679; x_wconf 85' lang='lat' dir='ltr'><strong>vel</strong></span> <span class='ocrx_word' id='word_1_459' title='bbox 299 2643 412 2680; x_wconf 79' lang='lat' dir='ltr'><strong>diceis</strong></span> <span class='ocrx_word' id='word_1_460' title='bbox 427 2645 459 2680; x_wconf 88' lang='lat' dir='ltr'><strong>A</strong></span> <span class='ocrx_word' id='word_1_461' title='bbox 552 2643 732 2679; x_wconf 90' lang='lat' dir='ltr'><strong>hominem</strong></span> <span class='ocrx_word' id='word_1_462' title='bbox 750 2653 818 2679; x_wconf 90' lang='lat' dir='ltr'><strong>om.</strong></span> <span class='ocrx_word' id='word_1_463' title='bbox 836 2643 881 2685; x_wconf 90' lang='lat' dir='ltr'><strong>A,</strong></span> <span class='ocrx_word' id='word_1_464' title='bbox 907 2653 979 2689; x_wconf 80' lang='lat' dir='ltr'><strong>quo</strong></span> <span class='ocrx_word' id='word_1_465' title='bbox 996 2641 1079 2678; x_wconf 85' lang='lat' dir='ltr'><strong>cola</strong></span> <span class='ocrx_word' id='word_1_466' title='bbox 1092 2641 1189 2687; x_wconf 82' lang='lat' dir='ltr'><strong>fiunt</strong></span> <span class='ocrx_word' id='word_1_467' title='bbox 1213 2641 1338 2688; x_wconf 79' lang='lat' dir='ltr'><strong>qualia</strong></span> <span class='ocrx_word' id='word_1_468' title='bbox 1362 2652 1393 2677; x_wconf 84' lang='lat' dir='ltr'><strong>v.</strong></span> <span class='ocrx_word' id='word_1_469' title='bbox 1411 2642 1473 2676; x_wconf 87' lang='lat'><strong>29.</strong></span> <span class='ocrx_word' id='word_1_470' title='bbox 1501 2642 1561 2676; x_wconf 89' lang='lat'><strong>52.</strong></span> <span class='ocrx_word' id='word_1_471' title='bbox 1588 2642 1638 2676; x_wconf 85' lang='lat'><strong>57</strong></span> <span class='ocrx_word' id='word_1_472' title='bbox 1726 2644 1767 2676; x_wconf 80' lang='lat'><strong>27</strong></span> <span class='ocrx_word' id='word_1_473' title='bbox 1793 2645 1833 2678; x_wconf 77' lang='lat' dir='ltr'><strong>at</strong></span> <span class='ocrx_word' id='word_1_474' title='bbox 1856 2662 1900 2668; x_wconf 91' lang='lat'>—</span> 
     </span>
     <span class='ocr_line' id='line_1_42' title="bbox 225 2697 1901 2746; baseline -0.002 -10"><span class='ocrx_word' id='word_1_475' title='bbox 225 2704 292 2736; x_wconf 83' lang='lat' dir='ltr'><strong>tua</strong></span> <span class='ocrx_word' id='word_1_476' title='bbox 316 2711 440 2735; x_wconf 79' lang='lat' dir='ltr'><strong>versus</strong></span> <span class='ocrx_word' id='word_1_477' title='bbox 456 2700 573 2736; x_wconf 82' lang='lat' dir='ltr'><strong>brevis</strong></span> <span class='ocrx_word' id='word_1_478' title='bbox 597 2700 636 2734; x_wconf 80' lang='lat' dir='ltr'><strong>in</strong></span> <span class='ocrx_word' id='word_1_479' title='bbox 653 2701 695 2741; x_wconf 84' lang='lat' dir='ltr'><strong>A.</strong></span> <span class='ocrx_word' id='word_1_480' title='bbox 718 2703 912 2746; x_wconf 76' lang='lat' dir='ltr'><strong>sequentes</strong></span> <span class='ocrx_word' id='word_1_481' title='bbox 935 2709 1048 2745; x_wconf 80' lang='lat' dir='ltr'><strong>usque</strong></span> <span class='ocrx_word' id='word_1_482' title='bbox 1072 2697 1121 2733; x_wconf 83' lang='lat' dir='ltr'><strong>ad</strong></span> <span class='ocrx_word' id='word_1_483' title='bbox 1136 2709 1167 2733; x_wconf 88' lang='lat' dir='ltr'><strong>v.</strong></span> <span class='ocrx_word' id='word_1_484' title='bbox 1186 2699 1228 2733; x_wconf 89' lang='lat'><strong>51</strong></span> <span class='ocrx_word' id='word_1_485' title='bbox 1253 2697 1415 2733; x_wconf 81' lang='lat' dir='ltr'><strong>desunt</strong></span> <span class='ocrx_word' id='word_1_486' title='bbox 1423 2710 1438 2739; x_wconf 89' lang='lat'><em>;</em></span> <span class='ocrx_word' id='word_1_487' title='bbox 1463 2699 1503 2731; x_wconf 86' lang='lat'><strong>27</strong></span> <span class='ocrx_word' id='word_1_488' title='bbox 1530 2703 1563 2732; x_wconf 82' lang='lat' dir='ltr'><strong>el</strong></span> <span class='ocrx_word' id='word_1_489' title='bbox 1581 2700 1624 2732; x_wconf 88' lang='grc'><strong>28</strong></span> <span class='ocrx_word' id='word_1_490' title='bbox 1649 2708 1774 2734; x_wconf 82' lang='lat' dir='ltr'><strong>versus</strong></span> <span class='ocrx_word' id='word_1_491' title='bbox 1798 2698 1901 2744; x_wconf 78' lang='lat' dir='ltr'><strong>lonqi</strong></span> 
     </span>
     <span class='ocr_line' id='line_1_43' title="bbox 225 2751 1900 2801; baseline -0.001 -11"><span class='ocrx_word' id='word_1_492' title='bbox 225 2758 263 2791; x_wconf 73' lang='lat' dir='ltr'><strong>in</strong></span> <span class='ocrx_word' id='word_1_493' title='bbox 287 2755 324 2790; x_wconf 94' lang='lat' dir='ltr'><em>P</em></span> <span class='ocrx_word' id='word_1_494' title='bbox 436 2758 479 2792; x_wconf 90' lang='grc'><strong>28</strong></span> <span class='ocrx_word' id='word_1_495' title='bbox 503 2756 612 2792; x_wconf 88' lang='lat' dir='ltr'><strong>ulmei</strong></span> <span class='ocrx_word' id='word_1_496' title='bbox 641 2755 879 2791; x_wconf 78' lang='lat' dir='ltr'><strong>Hermannus</strong></span> <span class='ocrx_word' id='word_1_497' title='bbox 910 2755 1022 2798; x_wconf 85' lang='lat' dir='ltr'><strong>(elem.</strong></span> <span class='ocrx_word' id='word_1_498' title='bbox 1046 2755 1114 2790; x_wconf 88' lang='grc'><strong>161</strong></span> <span class='ocrx_word' id='word_1_499' title='bbox 1144 2751 1278 2801; x_wconf 80' lang='lat' dir='ltr'><strong>‘placet</strong></span> <span class='ocrx_word' id='word_1_500' title='bbox 1309 2753 1409 2800; x_wconf 78' lang='lat' dir='ltr'><strong>quod</strong></span> <span class='ocrx_word' id='word_1_501' title='bbox 1438 2753 1589 2800; x_wconf 77' lang='lat' dir='ltr'><em>quidam</em></span> <span class='ocrx_word' id='word_1_502' title='bbox 1620 2751 1900 2798; x_wconf 80' lang='lat' dir='ltr'><strong>coniecerunt’).·</strong></span> 
     </span>
    </p>
   </div>
   <div class='ocr_carea' id='block_1_7' title="bbox 226 2810 1053 2858">
    <p class='ocr_par' dir='ltr' id='par_1_9' title="bbox 226 2810 1053 2858">
     <span class='ocr_line' id='line_1_44' title="bbox 226 2810 1053 2858; baseline 0 -12"><span class='ocrx_word' id='word_1_503' title='bbox 226 2812 374 2848; x_wconf 89' lang='lat' dir='ltr'><strong>uiminei</strong></span> <span class='ocrx_word' id='word_1_504' title='bbox 467 2815 510 2848; x_wconf 84' lang='grc'><strong>29</strong></span> <span class='ocrx_word' id='word_1_505' title='bbox 536 2812 795 2858; x_wconf 77' lang='lat' dir='ltr'><strong>strathippocli</strong></span> <span class='ocrx_word' id='word_1_506' title='bbox 819 2811 974 2857; x_wconf 86' lang='lat' dir='ltr'><strong>(-phocli</strong></span> <span class='ocrx_word' id='word_1_507' title='bbox 1000 2810 1053 2854; x_wconf 87' lang='grc' dir='ltr'><strong>Ε)</strong></span> 
     </span>
    </p>
   </div>
  </div>
 </body>
</html>
