1998 3179
114 70 144 97 v
162 70 189 104 2,
201 70 304 99 ἰο-92
813 68 1088 105 MERCATOR
1695 69 1776 107 473

117 185 219 224 exite
250 185 369 233 illinc,
401 184 560 236 pallium
590 184 643 223 mi
674 184 833 224 ecferte.
892 184 997 224 Ev'r.
1047 183 1133 231 Em,
1165 196 1274 223 nunc
1303 189 1347 223 tu
1377 183 1471 222 mihi
1501 183 1645 235 places.

116 251 253 292 CHAR.
304 251 473 302 Optume
504 252 675 299 advenis,
705 254 840 303 puerei,
871 263 967 303 cape
998 251 1239 303 chlamydem
1271 257 1389 302 atque
1419 251 1506 290 istic
1535 257 1593 290 sta
1624 250 1729 299 ilico,

114 325 169 367 ut,
200 319 232 358 si
261 319 358 358 haec
388 332 470 358 non
501 319 580 359 sint
608 331 709 366 vera,
741 320 943 370 inceptum
973 319 1049 358 hoc
1078 318 1196 358 itiner
1225 320 1416 370 perficere
1447 331 1651 370 exsequar.

114 386 218 427 Ev'r.
268 387 355 426 Non
387 387 481 425 mihi
502 385 657 426 credis?
715 386 851 427 CHAR.
903 386 1042 426 Omnia
1065 386 1244 437 equidem
1265 386 1381 425 credo
1413 398 1512 438 quae
1542 386 1638 426 dicis
1667 387 1773 426 mihi.

115 451 182 490 sed
213 452 308 503 quin
341 452 445 491 intro
476 451 585 491 ducis
616 465 677 491 me
707 452 753 490 ad
785 464 880 499 eam,
913 457 955 490 ut
983 449 1159 490 videam?
1216 451 1321 491 Evm.
1371 451 1573 504 Paulisper
1603 467 1730 494 mane.
1786 460 1842 493 915

115 518 192 559 Cn.
242 519 356 567 Quid,
393 518 590 559 manebo?
647 520 696 560 E.
746 520 919 571 Tempus
959 532 1038 558 non
1080 525 1138 558 est
1166 519 1271 557 intro
1302 520 1433 558 eundi.
1492 520 1569 562 CH.
1619 522 1772 562 Enicas.

114 586 218 627 EVT.
258 587 344 626 Non
378 599 476 638 opus
506 593 576 634 est,
597 587 771 638 inquam,
793 599 902 626 nunc
922 587 1028 626 intro
1058 592 1098 626 te
1120 586 1188 624 ire.
1248 585 1385 626 CHAR.
1426 587 1636 639 Responde
1665 590 1772 637 mihi,

116 666 191 704 qua
223 653 366 693 causa?
415 655 519 694 Evm.
562 655 713 706 Operae
745 667 825 694 non
857 661 927 694 est.
987 653 1124 695 CHAR.
1166 652 1271 692 Cur?
1328 654 1434 695 Evrr.
1475 655 1572 701 Quia
1604 670 1685 696 non
1717 664 1775 697 est

1157 721 1210 760 illi
1242 723 1503 762 commodum.

115 786 252 828 CHAR.
283 787 419 827 Itane?
436 789 683 828 commodum
701 789 755 828 illi
772 801 852 828 non
871 795 940 836 est,
959 801 1058 840 quae
1074 801 1135 828 me
1153 794 1267 836 amat,
1285 801 1402 840 quam
1419 802 1490 842 ego
1508 797 1644 830 contra
1661 791 1774 831 amo?

118 855 302 895 omnibus
333 856 396 895 hic
425 856 650 896 ludificatur
679 869 741 896 me
771 857 908 896 modis.
970 869 1041 909 ego
1075 857 1241 905 stultior,
1785 866 1843 899 920

114 923 181 973 qui
211 923 274 963 isti
304 925 472 964 credam.
532 932 811 964 commoratur.
871 925 1114 977 chlamydem
1144 937 1292 964 sumam
1322 925 1465 965 denuo.

114 990 218 1031 EVT.
267 991 380 1031 Mane
411 1005 623 1044 parumper
660 999 777 1044 atque
813 994 909 1032 haec
939 993 1040 1032 audi.
1101 992 1237 1033 CHAR.
1289 993 1391 1044 Cape
1422 994 1495 1038 sis,
1535 1006 1668 1045 puere‚
1700 994 1775 1034 hoc

1329 1062 1504 1113 pallium.

114 1126 219 1166 EVT.
269 1127 391 1166 Mater
421 1128 516 1167 irata
548 1134 606 1168 est
635 1129 735 1180 patri
767 1129 1028 1176 vehementer,
1061 1129 1150 1179 quia
1180 1135 1354 1168 scortum
1386 1129 1459 1169 sibi

116 1193 167 1232 ob
200 1194 335 1234 oculos
365 1195 569 1235 adduxerit
598 1196 637 1234 in
671 1195 788 1243 aedis,
821 1196 912 1235 dum
944 1197 1025 1235 ruri
1056 1197 1139 1247 ipsa
1171 1196 1298 1235 abest:

120 1261 342 1312 suspicatur
372 1263 473 1301 illam
505 1263 668 1302 amicam
700 1275 784 1303 esse
814 1263 880 1302 illi.
940 1263 1077 1304 CHAR.
1127 1264 1271 1303 Sonam
1303 1264 1453 1303 sustuli.
1786 1272 1844 1304 925

114 1327 222 1368 Eva«.
271 1329 365 1368 Eam
389 1343 472 1369 rem
506 1343 613 1370 nunc
635 1331 804 1382 exquirit
834 1331 951 1370 intus.
1011 1331 1148 1372 CHAR.
1199 1331 1276 1370 Iam
1299 1332 1538 1371 machaerast
1569 1331 1607 1370 in
1642 1343 1774 1371 manu.

113 1395 219 1437 Evm.
259 1397 355 1436 Nam
372 1399 402 1437 si
425 1410 471 1437 eo
488 1399 551 1437 ted
569 1399 672 1438 intro
694 1399 832 1438 ducam
850 1422 903 1428 -
947 1399 1083 1439 CHAR.
1115 1399 1226 1438 Tollo
1244 1399 1451 1450 ampullam
1468 1405 1584 1450 atque
1601 1399 1693 1439 hinc
1710 1412 1769 1438 eo.

113 1463 218 1504 Ev'r.
268 1464 405 1513 Mane,
435 1479 570 1513 mane,
603 1467 783 1506 Charine.
843 1466 979 1506 CHAR.
1031 1466 1169 1514 Erras,
1207 1479 1271 1505 me
1301 1467 1482 1518 decipere
1514 1467 1614 1506 haud
1646 1473 1773 1519 potes.

114 1531 221 1572 EvT.
272 1533 408 1584 Neque
439 1534 578 1585 edepol
608 1534 709 1573 volo.
769 1534 906 1574 CHAR.
957 1533 1059 1579 Quin
1091 1541 1133 1573 tu
1172 1546 1266 1585 ergo
1298 1534 1416 1572 itiner
1453 1534 1612 1586 exsequi
1643 1546 1772 1574 meum

1286 1613 1347 1640 me
1379 1599 1503 1640 sinis?

113 1667 218 1707 EVT.
248 1667 335 1706 Non
358 1669 458 1708 sino.
505 1669 640 1710 CHAR.
675 1669 840 1719 Egomet
865 1681 927 1707 me
944 1681 1090 1707 moror.
1129 1675 1170 1708 tu
1187 1681 1323 1720 puere,
1345 1668 1408 1708 abi
1425 1669 1516 1708 hinc
1532 1669 1634 1708 intro
1653 1668 1772 1707 ocius.
1787 1674 1844 1707 930

114 1735 188 1773 iam
219 1735 259 1773 in
292 1747 449 1775 currum
482 1737 653 1783 escendi,
687 1737 759 1775 iam
791 1736 874 1775 lora
904 1739 943 1774 in
975 1748 1115 1775 manus
1146 1737 1231 1788 cepi
1262 1748 1378 1775 meas.

113 1802 219 1842 Ev'r.
269 1802 397 1842 Sanus
427 1817 508 1842 non
540 1817 592 1843 es.
653 1803 789 1844 CHAR.
841 1803 959 1850 Quin,
991 1805 1124 1855 pedes,
1155 1816 1222 1843 vos
1252 1804 1292 1842 in
1325 1803 1565 1843 curriculum
1597 1802 1775 1842 conicitis

117 1870 158 1908 in
195 1869 365 1922 Cyprum
396 1877 514 1918 recta,
547 1871 863 1922 quandoquidem
895 1877 1006 1922 pater
1036 1871 1128 1910 mihi
1161 1871 1318 1910 exilium
1349 1869 1488 1922 parat?

229 2039 291 2071 911
317 2037 409 2073 haec
433 2037 525 2073 ferte
616 2040 698 2073 hem
788 2037 876 2072 mihi
901 2038 1103 2073 Acidalias:
1127 2038 1214 2073 mihi
1231 2040 1272 2073 ut
1363 2039 1428 2072 912
1453 2036 1662 2080 adueniens,
1678 2047 1774 2072 corr.

114 2092 301 2127 Acidalius
393 2104 481 2138 cape
497 2104 609 2138 puere
629 2094 785 2129 Bothius
877 2094 1065 2129 clamidem
1156 2098 1264 2139 atque
1282 2093 1456 2129 Bollzius:
1472 2095 1581 2138 atque
1597 2094 1686 2127 haec

114 2148 224 2183 istinc
249 2151 322 2192 sat,
347 2159 442 2184 corr.
471 2149 698 2186 Camerarius
706 2164 721 2192 ,·
744 2151 806 2186 isti
831 2154 911 2186 asta
935 2150 1139 2196 Seyffertns
1162 2152 1198 2186 in
1227 2150 1404 2184 Bursiant'
1427 2150 1518 2183 actis
1542 2149 1600 2189 47,
1616 2150 1686 2183 101

115 2206 180 2239 913
204 2205 294 2240 sint:
324 2205 370 2240 sit
394 2205 430 2240 B
521 2206 651 2241 itinere
743 2209 809 2241 914
833 2208 918 2251 quia
941 2207 1052 2242 edicis
1145 2207 1213 2242 tibi
1238 2206 1273 2241 B
1298 2205 1386 2247 (scil.
1413 2205 1532 2248 credo,
1558 2216 1649 2249 quae
1674 2205 1775 2249 dicis,

114 2260 194 2301 tibi)
287 2263 353 2296 915
378 2262 479 2306 quin:
506 2273 587 2297 cum
612 2263 647 2297 B
739 2266 802 2298 917
829 2266 865 2298 te
889 2274 956 2298 om.
986 2263 1017 2297 Β
1107 2263 1161 2298 110
1184 2274 1243 2298 res
1270 2263 1334 2297 CH.
1360 2262 1490 2307 ponde,
1516 2272 1608 2295 corr.
1635 2260 1685 2295 D²

115 2319 180 2351 918
206 2318 382 2353 commodi
498 2321 562 2353 919
589 2321 716 2354 contra
739 2329 819 2354 amo
845 2332 880 2356 ς.·
905 2321 1116 2354 contraham
1142 2318 1214 2360 CD,
1239 2322 1367 2354 contra
1390 2319 1462 2353 iam
1487 2317 1522 2351 B
1630 2319 1694 2351 920
1718 2328 1774 2352 1110

113 2372 325 2408 ludificatur
341 2374 400 2409 hic
419 2373 640 2416 Gulielmius,
659 2376 710 2419 cf.
728 2373 940 2421 Kaempfius
957 2375 1001 2410 de
1014 2385 1122 2419 pron.
1133 2385 1234 2420 pers.
1253 2375 1326 2415 28,-
1348 2374 1440 2419 fort.
1459 2373 1519 2409 hic
1535 2374 1687 2417 (homo)

114 2428 290 2464 stultitior
310 2429 341 2464 B
435 2434 495 2466 921
518 2431 603 2476 quid
623 2431 682 2467 CD
773 2432 856 2467 istic
872 2432 994 2467 redam
1013 2431 1172 2473 (reddam
1192 2431 1285 2473 CD),·
1301 2431 1395 2466 istuc
1411 2430 1574 2465 Baclzz'us
1590 2430 1628 2464 in
1646 2429 1774 2465 Stude-

114 2484 342 2520 mundz'stad.
356 2488 394 2528 2,
407 2488 488 2522 286
580 2488 766 2523 clamidem
859 2490 924 2523 922
938 2498 1029 2533 puer
1121 2490 1185 2522 923
1199 2490 1314 2522 mater
1327 2487 1378 2522 D:
1396 2496 1501 2521 mane
1516 2486 1561 2527 B,
1577 2496 1643 2520 om.
1661 2485 1690 2521 C

115 2542 181 2574 924
205 2541 380 2587 0110011110,
405 2555 498 2578 corr.
524 2543 668 2579 Merula
784 2546 848 2578 926
873 2546 1079 2579 macharast
1105 2543 1176 2584 CD,
1200 2543 1405 2578 macharest
1435 2542 1464 2577 B
1571 2544 1633 2577 927
1660 2542 1691 2577 si
1714 2552 1775 2577 eo:

115 2595 190 2631 scio
219 2597 252 2631 B
319 2601 356 2634 te
425 2611 521 2636 nunc
546 2611 588 2636 eo
614 2600 645 2635 si
669 2604 705 2635 te
721 2598 939 2634 Rz‘lsclzellas
1030 2600 1227 2644 ampullum
1251 2599 1286 2633 B
1380 2600 1444 2633 928
1466 2598 1559 2643 fort.
1583 2597 1775 2643 (obsecro)

117 2651 283 2697 Charine,
307 2655 359 2700 ⁶f·
378 2656 451 2690 474
540 2659 662 2701 potest
678 2656 746 2691 BC
835 2659 899 2691 929
918 2656 1001 2691 11010
1019 2655 1146 2700 edepol
1165 2655 1225 2690 CD
1316 2655 1425 2689 itiner
1443 2654 1514 2696 OD,
1538 2653 1682 2689 Nonius
1697 2654 1777 2688 482

117 2707 330 2744 Priscianus
352 2712 383 2752 1,
401 2713 500 2747 229:
523 2713 594 2748 iter
615 2716 649 2749 B
737 2712 833 2747 sines
858 2711 1001 2746 Nonius
1093 2714 1157 2746 930
1184 2721 1248 2755 ego
1272 2721 1328 2746 me
1351 2721 1472 2746 moror
1495 2709 1613 2751 codd„
1638 2712 1776 2754 egomet

115 2774 250 2799 memor
275 2765 486 2802 Priscianus
507 2769 538 2811 1,
565 2769 649 2811 301,
674 2779 767 2804 corr.
796 2767 971 2808 Bothiux
999 2767 1049 2812 cf.
1073 2766 1185 2802 Stich.
1204 2767 1281 2801 445
1390 2777 1502 2811 puere
1529 2765 1600 2807 CD,
1625 2770 1776 2801 testatur

116 2818 347 2856 Priscianus:
369 2833 459 2867 puer
483 2826 517 2859 B
628 2827 691 2859 931
719 2835 865 2860 cursum
888 2823 1061 2859 uescendi
1086 2823 1142 2865 B,·
1167 2823 1361 2859 conscendi
1386 2835 1404 2860 ς
1495 2823 1586 2857 hora
1611 2822 1646 2857 B
