1998 3179
85 70 130 99 Ν
141 71 167 104 8,
186 71 280 104 62-9‚
299 71 316 97 5
775 69 1045 105 BACCHIDES
1658 70 1679 106 1
1687 68 1738 108 63

169 184 332 225 CLEOM.
383 183 505 222 Hodie
526 183 675 235 exigam
696 195 835 222 aurum
855 181 959 222 hoc?
1018 182 1176 223 Cfflzys.
1226 182 1357 234 Exige,
1389 195 1433 222 ac
1454 183 1650 234 suspende
1681 189 1738 223 te:

173 264 220 290 ne
250 251 469 303 supplicare
499 249 652 305 (hunc)
682 264 840 291 censeas
869 248 996 305 <tibi>‚
1030 250 1137 289 nihili
1168 250 1298 289 homo.
1330 273 1381 278 —-

169 319 231 357 ille
261 324 320 358 est
349 325 514 357 amotus.
559 319 644 358 sine
675 331 736 357 me
767 319 855 370 (per
884 327 934 366 te,
966 330 1042 365 ere,
1074 330 1239 369 opsecro

169 387 263 425 deos
293 386 543 435 immortales)
574 386 630 425 ire
660 386 737 425 huc
766 386 872 424 intro
904 386 948 424 ad
981 385 1114 424 lilium.

168 453 262 493 Nlo.
312 453 412 499 Quid
443 466 490 492 eo
521 454 624 492 intro
655 451 759 492 ibis?
817 453 974 493 mes.
1024 452 1072 491 Vt
1103 465 1191 491 eum
1222 452 1332 491 dictis
1363 452 1554 503 plurumis

170 519 366 570 castigem,
398 532 486 558 cum
517 521 612 559 haec
642 520 697 559 sic
727 520 825 558 sacta
855 519 902 557 ad
932 519 1038 557 hunc
1069 519 1182 558 faciat
1212 519 1382 557 modum.

167 587 260 628 Nm.
306 587 427 626 Immo
458 599 528 626 oro
560 593 604 626 ut
631 587 760 633 facias,
792 586 987 638 Chrysam,
1018 592 1055 625 et
1087 587 1148 625 ted
1181 598 1356 637 opsecro,

168 667 257 693 cave
288 655 411 707 parsis
440 654 478 693 in
513 667 602 693 eum
633 655 774 693 dicere.
833 654 991 695 Omnes.
1041 653 1167 692 Etiam
1198 666 1260 692 me
1291 652 1457 693 mones?

167 721 266 760 satin
298 727 356 760 est
384 722 415 761 si
446 722 559 773 plura
589 734 635 761 ex
665 734 726 760 me
757 721 885 760 audiet
915 721 1029 760 hodie
1060 721 1170 768 mala,

170 801 285 840 quam
315 789 459 828 audivit
488 801 671 840 umquam
704 788 824 828 Clinia
856 801 902 827 ex
933 786 1161 827 Demetrio?
1190 812 1245 817 —

166 857 260 898 Nlo.
308 856 423 908 Lippi
454 856 532 895 illic
564 856 665 896 oculi
696 869 827 896 servos
858 863 916 896 est
945 855 1185 895 simillimus:

166 924 198 963 si
227 936 308 963 non
342 930 410 971 est,
443 925 543 964 nolis
573 937 657 964 esse
688 937 817 976 neque
849 924 1065 970 desideres;

167 991 198 1030 si
230 998 299 1038 est,
330 991 526 1031 abstinere
557 991 652 1042 quin
684 992 850 1043 attingas
882 1004 962 1030 non
994 1003 1126 1042 queas.

167 1070 255 1097 nam
287 1059 326 1097 ni
357 1059 435 1098 illic
464 1059 580 1098 hodie
610 1060 710 1098 forte
741 1060 896 1098 fortuna
928 1059 989 1098 hic
1019 1060 1131 1105 soret,

165 1127 275 1166 miles
305 1127 587 1167 Mnesilochum
620 1140 708 1166 cum
742 1140 863 1166 uxore
894 1126 1134 1179 opprimeret
1164 1138 1230 1165 sua

166 1200 282 1245 atque
314 1194 567 1234 obtruncaret
597 1195 804 1234 moechum
836 1194 1170 1234 manufestarium.

166 1274 272 1300 nunc
304 1263 412 1313 quasi
443 1263 622 1302 ducentis
653 1263 842 1314 Philippis
872 1262 945 1301 emi
979 1262 1112 1308 filium,

166 1341 265 1379 quos
296 1330 386 1369 dare
417 1330 578 1381 promisi
609 1330 738 1368 militi:
772 1342 870 1380 quos
902 1342 981 1368 non
1014 1328 1114 1368 dabo

167 1402 313 1435 temere
344 1397 459 1435 etiam
490 1398 598 1448 prius
629 1409 743 1448 quam
776 1397 898 1436 filium
929 1408 1164 1435 convenero.

167 1475 380 1514 numquam
412 1465 550 1516 edepol
581 1465 791 1515 quiequam
822 1471 967 1503 temere
999 1463 1154 1502 credam
1188 1462 1390 1514 Chrysalo;

165 1543 298 1571 verum
329 1531 436 1571 lubet
466 1533 580 1572 etiam
611 1533 663 1571 mi
693 1533 762 1572 has
792 1533 993 1584 perlegere
1023 1532 1171 1571 denuo:

167 1606 369 1650 aequomst
398 1599 550 1640 tabellis
580 1601 819 1652 consignatis
849 1600 1021 1639 credere.
1052 1622 1108 1627 —

745 1689 1087 1731 CHRYSALVS
1629 1687 1692 1726 IV
1717 1688 1739 1725 9

80 1756 234 1796 Atridae
264 1758 341 1796 duo
372 1758 511 1796 fratres
541 1757 674 1796 cluent
789 1759 927 1797 fecisse
958 1758 1109 1796 facinus
1140 1758 1375 1801 maxumum,

80 1836 197 1874 quom
229 1824 371 1863 Priami
402 1825 566 1875 patriam
598 1825 826 1876 Pergamum
943 1825 1070 1863 divina
1102 1824 1317 1862 moenitum
1348 1834 1468 1861 manu

79 1892 207 1939 armis,
240 1892 360 1943 equis,
394 1893 568 1932 exercitu
599 1899 715 1943 atque
831 1892 979 1931 eximiis
1014 1889 1268 1930 bellatoribus

79 1958 182 1997 mille
213 1971 301 1998 cum
334 1971 499 1998 numero
531 1960 686 1999 navium
802 1960 966 1998 decumo
998 1971 1103 1998 anno
1135 1965 1224 2010 post
1252 1957 1508 2007 subegerunt.

80 2039 158 2065 non
189 2026 354 2078 pedibus
384 2033 579 2066 termento
611 2027 683 2066 fuit
798 2031 935 2078 praeut
964 2029 1036 2077 ego
1068 2038 1179 2065 erum
1211 2024 1444 2077 expugnabo
1475 2035 1604 2062 meum

191 2150 255 2183 904
280 2149 462 2194 suplicare
486 2149 533 2191 B,
558 2149 762 2194 subplicare
789 2148 820 2183 D
916 2148 1085 2194 supplevi
1104 2151 1192 2193 post
1215 2147 1309 2182 alios
1407 2149 1472 2181 908
1497 2146 1596 2181 facta
1620 2145 1672 2180 sic
1695 2144 1741 2186 (si

78 2203 152 2247 3¹),
177 2215 269 2240 corr.
296 2205 524 2241 Camerarius
622 2207 693 2240 huc
721 2205 771 2240 Βι
870 2207 935 2239 909
959 2207 996 2239 te
1025 2203 1155 2239 C¹DB2
1258 2206 1323 2239 912
1349 2203 1398 2248 cf.
1424 2202 1548 2238 Herm.
1572 2203 1631 2242 18,
1659 2201 1741 2236 559.

74 2260 223 2304 fallitur
246 2260 410 2296 Koclcius
433 2273 523 2297 com.
546 2263 622 2307 frq.
648 2264 683 2302 2,
710 2262 780 2296 313
888 2263 951 2296 913
976 2260 1038 2295 ille
1145 2260 1196 2305 cf.
1219 2259 1322 2296 Pers.
1346 2261 1388 2295 11
1492 2261 1556 2293 915
1581 2267 1740 2302 nequeas

78 2316 128 2352 B¹
227 2320 291 2352 919
315 2318 511 2363 philippeis
541 2319 571 2353 Β
675 2321 740 2352 920
766 2319 851 2352 dere
878 2317 927 2352 Βι
1029 2319 1205 2351 922-961
1234 2316 1366 2351 habet
1382 2318 1412 2350 A
1518 2317 1582 2348 922
1606 2317 1741 2349 temere

77 2372 266 2418 quicquam
282 2376 312 2409 Α
405 2377 471 2409 924
492 2377 668 2419 aequonst
684 2376 727 2415 A,
752 2377 931 2419 (aJequum
955 2376 1013 2410 est
1029 2372 1089 2408 (ΣΙ)
1182 2375 1248 2408 925
1275 2373 1450 2408 ΟΜΞΔΙΝΒ
1468 2381 1613 2406 smwvs.
1639 2379 1740 2405 mco-

77 2439 193 2465 Bonvs
210 2440 324 2465 smmx
342 2430 388 2473 B,
407 2442 606 2466 cmusuvs
624 2430 669 2472 D,
687 2442 755 2465 om.
776 2430 812 2473 C,
829 2435 923 2476 spat.
938 2435 967 2465 A
1061 2430 1240 2465 canticum
1259 2429 1428 2464 tractavit
1446 2427 1686 2471 Kz'esslz'nqz'us
1702 2426 1741 2460 in

77 2485 248 2521 analectis
271 2485 453 2533 Plautinis
476 2488 561 2529 (ind.
591 2487 792 2534 Gryplzism.
817 2488 927 2529 1878)
1031 2486 1175 2521 atridae
1198 2485 1305 2521 AB2:
1329 2485 1468 2521 atridas
1493 2484 1554 2525 B¹‚
1579 2482 1741 2518 adtrides

79 2538 123 2583 D,
145 2541 258 2577 trides
283 2541 312 2578 C
409 2546 474 2579 927
500 2548 608 2588 atque
631 2544 770 2579 eximiis
796 2543 846 2578 P:
869 2548 907 2590 at
931 2542 1092 2591 egimieis
1117 2545 1147 2578 Α
1258 2545 1322 2577 928
1347 2541 1444 2577 mille
1468 2551 1548 2576 cum
1573 2539 1624 2573 P:
1646 2537 1743 2581 mille

75 2600 157 2648 post
180 2598 212 2631 Α
220 2611 234 2640 ;
257 2599 279 2633 i.
302 2610 331 2634 e.
355 2600 454 2643 mini,
479 2600 527 2645 cf.
555 2598 690 2635 Gellius
713 2602 744 2642 1,
769 2602 827 2641 16,
851 2602 900 2635 10
915 2612 969 2646 sq.
1000 2600 1104 2635 Truc.
1132 2601 1210 2634 485
1300 2601 1365 2633 929
1394 2607 1466 2632 non
1490 2595 1644 2650 pedibus
1669 2598 1741 2639 ter-

76 2656 196 2695 mento
222 2653 292 2699 ‚fuit
316 2655 390 2695 ΑΡ,
420 2656 484 2691 secl
515 2659 692 2691 tormento
718 2656 752 2691 P
773 2662 807 2692 ec
831 2668 941 2703 super
963 2657 1118 2702 pedibus
1142 2657 1316 2701 scriptum
1342 2654 1401 2688 uel
1425 2653 1561 2698 pelides
1589 2651 1742 2692 0132112,-

76 2711 291 2745 termentum
313 2721 379 2755 pro
404 2723 446 2747 eo
471 2713 567 2757 quod
590 2723 686 2748 nunc
711 2713 845 2748 dicitur
869 2713 1121 2748 detrimentum
1145 2712 1228 2746 hinc
1253 2714 1404 2746 testatur
1430 2709 1557 2745 Festus
1580 2708 1663 2742 363.
1689 2707 1741 2753 cf'.

80 2764 248 2800 Goetzius
271 2767 307 2801 in
340 2766 388 2801 W
388 2768 544 2813 oelfsliui
568 2768 667 2803 arch.
693 2771 730 2810 2,
758 2770 833 2803 338
858 2770 922 2814 qul
944 2769 1090 2814 confert
1117 2768 1190 2803 Tib.
1208 2769 1240 2810 1,
1260 2768 1293 2809 9,
1317 2767 1376 2807 16,
1401 2765 1493 2800 adde
1517 2764 1627 2800 Mero.
1655 2764 1741 2809 952,

80 2821 164 2856 Caco
190 2821 233 2856 cle
256 2833 286 2857 r.
309 2834 338 2857 r.
368 2824 413 2859 72
438 2825 548 2860 boues
573 2835 618 2860 ne
641 2826 751 2870 pedes
778 2826 964 2862 subterant

1395 2880 1463 2914 11*

1751 326 1807 359 905

1752 663 1808 696 910

1750 998 1806 1031 915

1751 1336 1808 1369 920

1752 1764 1807 1797 925
