2018 3183
201 89 283 126 :218
939 84 1120 120 PLAVTI
1661 85 1690 113 v
1703 86 1729 120 2,
1749 86 1827 120 5—3‚
1846 86 1863 114 2

201 204 316 244 Hm.
367 202 652 254 Propemodum
687 201 752 239 ubi
784 200 858 238 loci
888 200 1069 238 fortunae
1103 205 1188 238 tuae
1219 199 1300 238 sint
1329 198 1440 238 facile
1471 198 1675 251 intellegis.

201 275 232 311 si
265 272 340 310 eris
371 283 495 317 verax,
528 276 592 308 tua
624 281 666 307 ex
702 281 755 312 re,
789 268 905 307 facies
936 280 980 306 ex
1013 267 1111 305 mala
1144 266 1423 306 meliusculam.

201 347 308 378 recle
340 346 377 377 et
409 351 493 376 vera
526 338 700 387 loquere,
731 335 797 375 sed
831 348 959 386 neque
989 347 1078 374 vere
1111 347 1238 385 neque
1268 331 1357 388 <ῑυ>
1387 341 1492 373 recte
1523 335 1648 373 adhuc
1877 343 1935 375 960

203 407 325 446 fecisti
358 418 554 456 umquam.
614 404 737 443 STAL.
788 403 899 449 Quod
932 416 1004 454 ego
1036 404 1167 450 fatear,
1200 403 1333 441 credin
1366 402 1509 453 pudeat
1540 413 1627 440 cum
1659 399 1866 441 autumes?

202 475 318 514 Hm.
368 477 415 512 At
446 486 517 524 ego
550 472 686 511 faciam
718 478 760 511 ut
791 471 945 522 pudeat,
978 483 1065 510 nam
1099 471 1137 510 in
1170 470 1355 509 ruborem
1391 477 1426 509 te
1456 476 1581 508 totum
1612 468 1724 507 dabo.

204 543 327 582 STAL.
379 541 457 586 Eia,
490 541 607 579 credo
639 552 711 591 ego
743 539 925 591 imperito
957 540 1088 591 plagas
1117 538 1309 578 minitaris
1340 538 1445 576 milii.

205 611 360 650 tandem
392 610 461 648 isla
494 609 602 647 aufer
631 605 723 662 (ac)
752 608 813 646 dic
845 607 935 658 quid
968 609 1057 653 fers,
1089 613 1131 645 ut
1162 608 1260 645 seras
1291 606 1382 645 hinc
1413 605 1516 656 quod
1553 604 1665 656 petis.

204 679 319 718 Hm.
371 677 470 716 Satis
501 675 716 715 sacundu’s.
747 676 814 714 sed
848 676 920 714 iam
955 675 1036 713 sieri
1069 675 1167 713 dicta
1199 673 1406 726 compendi
1437 673 1536 712 volo.
1883 680 1939 713 965

206 746 329 786 STAL.
379 745 427 783 Vt
456 745 512 783 vis
542 745 618 783 siat.
678 744 793 784 Hm.
844 743 950 782 Bene
981 743 1200 793 morigerus
1231 742 1303 781 suit
1334 753 1451 792 puer,
1496 752 1602 779 nunc
1634 752 1712 778 non
1746 738 1870 777 decet.

207 814 281 853 hoc
313 825 483 865 agamus.
516 813 589 850 iam
622 812 794 850 animum
826 812 982 850 advorte
1013 823 1056 849 ac
1087 811 1181 850 mihi
1213 822 1311 861 quae
1342 809 1465 848 dicam
1497 808 1678 848 edissere.

210 878 257 936 [si
289 882 365 920 eris
396 893 522 928 verax,
552 876 646 934 (ex)
676 880 753 918 tuis
784 879 902 918 rebus
934 879 1071 918 feceris
1103 873 1379 931 meliusculas.]

208 949 331 989 STAL.
381 948 515 999 Nugae
546 948 663 987 istaec
694 953 798 986 sunt.
833 959 910 985 non
943 959 1005 985 me
1037 958 1174 985 censes
1205 945 1305 984 scire
1337 943 1429 995 quid
1461 943 1602 994 dignus
1633 940 1758 982 siem?

209 1016 326 1055 Hm.
376 1016 425 1054 At
456 1028 497 1053 ea
529 1014 801 1065 subterfugere
832 1014 935 1065 polis
967 1026 1007 1053 es
1039 1025 1174 1065 pauca,
1207 1013 1237 1051 si
1271 1025 1351 1051 non
1385 1012 1528 1050 omnia.
1888 1018 1944 1050 970

210 1084 333 1124 STAL.
385 1083 510 1122 Pauca
543 1081 736 1133 effugiam,
767 1082 868 1130 sci03
902 1093 990 1120 nam
1023 1081 1142 1119 multa
1174 1080 1369 1127 evenient,
1401 1086 1440 1117 et
1469 1079 1607 1117 merito
1641 1090 1741 1124 meo,

212 1153 299 1203 quia
331 1158 369 1190 et
400 1151 477 1200 l'ugi
511 1157 548 1188 et
579 1149 649 1188 tibi
681 1149 852 1200 surripui
884 1149 1004 1188 filium
1037 1156 1076 1187 et
1106 1161 1196 1187 eum
1227 1147 1393 1186 vendidi.

212 1220 326 1259 Hm.
377 1220 445 1260 Cui
466 1216 646 1257 homini?
706 1217 829 1258 STAL.
881 1217 1194 1256 Theodoromedi
1227 1216 1264 1254 in
1297 1215 1406 1254 Alide
1438 1212 1677 1265 Polyplusi0‚

212 1302 277 1328 sex
309 1288 437 1326 minis.
497 1286 612 1325 Hm.
663 1286 738 1324 Pro
771 1285 808 1324 di
841 1285 1089 1333 immortales,
1122 1285 1153 1324 is
1184 1284 1341 1335 quidem
1373 1283 1488 1321 huius
1519 1287 1577 1320 est
1607 1286 1718 1332 pater

214 1355 435 1396 Philocrati.
495 1354 618 1394 STAL.
671 1353 772 1399 Quin
807 1354 944 1392 melius
977 1353 1064 1392 novi
1097 1365 1211 1404 qnam
1243 1357 1285 1391 tu
1317 1357 1356 1391 et
1385 1351 1459 1389 vidi
1491 1349 1658 1400 saepius.
1893 1355 1952 1387 975

213 1425 329 1465 HEG.
380 1424 509 1469 Serva,
541 1422 718 1473 Iuppiter
747 1434 943 1473 supreme,
975 1427 1013 1460 et
1043 1434 1104 1460 me
1135 1426 1174 1459 et
1204 1431 1332 1459 meum
1365 1424 1524 1469 gnatum
1557 1416 1663 1455 mihi.

217 1492 471 1537 Philocrates,
503 1502 573 1541 per
603 1496 711 1528 tuom
745 1496 782 1528 te
811 1490 971 1540 genium
1005 1489 1183 1535 obsecro,
1216 1488 1289 1535 exi,
1319 1493 1357 1526 te
1389 1486 1487 1525 volo.

842 1578 1241 1619 PHILOCRATES
1794 1572 1836 1613 V
1858 1574 1882 1612 3

220 1650 355 1701 Hegio,
385 1661 527 1687 assum.
560 1648 590 1688 si
623 1647 713 1699 quid
746 1659 807 1686 me
838 1648 905 1694 vis,
937 1648 1097 1698 impera.
1158 1646 1273 1686 HEG.
1326 1644 1397 1683 Hic
1427 1649 1588 1695 gnatum
1622 1653 1751 1681 meum

219 1724 286 1757 tuo
318 1717 417 1768 patri
449 1717 501 1754 ait
531 1728 572 1755 se
603 1715 821 1755 vendidisse
852 1727 919 1754 sex
949 1715 1065 1753 minis
1097 1715 1135 1753 in
1168 1713 1290 1752 Alide.

217 1777 1878 1793 Μ

331 1814 396 1846 959
430 1811 483 1855 cf.
516 1809 699 1845 Valzlenus
723 1809 846 1844 Herm.
871 1810 926 1851 17,
956 1811 1051 1851 602,
1081 1809 1184 1843 relat.
1221 1806 1323 1843 acad.
1366 1805 1486 1840 Berol.
1513 1805 1627 1844 1888,
1651 1804 1703 1837 11.
1751 1800 1888 1836 intelle-

217 1867 372 1914 9enclum
397 1867 510 1902 facies
540 1867 669 1912 potius
693 1877 799 1911 quam
826 1866 897 1900 eris
989 1875 1116 1900 sensus
1139 1874 1181 1898 ao
1211 1864 1320 1899 verba
1343 1865 1557 1908 repetuntur
1584 1860 1660 1894 968
1668 1871 1682 1900 ,·
1713 1869 1785 1904 quo
1811 1857 1888 1892 loco

218 1925 296 1960 eius
310 1925 508 1959 sententiae
525 1934 663 1959 versum
681 1923 845 1958 extitisse
860 1922 955 1957 servi
971 1921 1158 1967 responsio
1175 1918 1341 1954 ostendit.
1359 1923 1486 1953 contra
1507 1918 1584 1951 960
1603 1914 1766 1962 pendent
1782 1912 1889 1949 verba

220 1983 319 2016 recte
343 1983 380 2015 et
403 1990 491 2015 uera
515 1980 661 2024 loquere
685 1979 747 2022 (cf.
768 1978 970 2013 Selloellius
993 1977 1117 2023 praef.
1136 1977 1158 2011 l.
1177 1978 1231 2018 3.),
1257 1974 1387 2021 quibus
1410 1973 1653 2020 respondetur
1672 1970 1766 2006 servi
1784 1973 1891 2016 petu-

223 2037 379 2078 lantiae;
404 2047 548 2083 poenae
573 2035 718 2072 levioris
748 2035 941 2081 promissio
966 2045 1040 2070 non
1065 2032 1114 2068 ad
1143 2031 1237 2066 huno
1262 2031 1379 2066 locum
1405 2030 1574 2077 quadrat,
1599 2026 1774 2073 siquidem
1798 2035 1893 2072 quae

222 2097 394 2127 secuntur
419 2093 540 2126 omnia
557 2091 726 2126 iracundi
742 2095 838 2132 sunt,
862 2090 926 2125 sed
943 2090 992 2125 ad
1007 2089 1173 2131 alterum,
1184 2094 1272 2135 post
1288 2087 1381 2123 illud
1403 2089 1472 2122 hoc
1489 2095 1648 2131 agamus.
1665 2094 1754 2128 erqo
1770 2091 1894 2119 versus

225 2151 310 2185 958.
339 2150 412 2184 959
436 2149 514 2183 loco
539 2158 662 2184 versus
685 2147 777 2182 male
798 2147 876 2193 ficti
903 2148 978 2181 968
1000 2146 1188 2193 ponendos
1218 2155 1295 2180 esse
1323 2155 1461 2179 censeo.
1487 2143 1594 2178 aliter
1617 2139 1821 2186 Seyfferlus
1847 2137 1892 2173 B.

216 2206 284 2253 pk.
303 2217 344 2241 m.
361 2207 472 2246 1887,
494 2206 569 2240 780
581 2215 635 2250 sq.
730 2207 795 2239 960
820 2206 921 2238 recta
939 2203 995 2242 B‚·
1020 2203 1071 2247 cf.
1099 2202 1176 2237 Ter.
1202 2201 1268 2236 Ad.
1295 2202 1371 2235 609
1395 2199 1531 2242 (attulit
1549 2197 1765 2237 Scleoellius)
1793 2193 1892 2229 Trin.

223 2264 314 2298 268.
342 2263 420 2297 380
444 2262 542 2297 Asin.
571 2262 646 2296 567
653 2272 706 2306 sq.
733 2259 863 2295 Pseud.
888 2260 958 2294 110
1067 2258 1150 2304 (tu)
1176 2257 1347 2304 Pylade-5,
1372 2260 1454 2291 ante
1477 2258 1577 2291 recte
1603 2251 1806 2289 Schoenitas

225 2322 291 2354 962
315 2320 483 2355 roborem
514 2317 592 2358 VE,
616 2327 795 2352 rumorem
822 2316 854 2351 B
985 2318 1051 2350 964
1076 2315 1145 2350 Hn.
1171 2314 1240 2358 luc,
1264 2325 1337 2349 non
1365 2314 1441 2347 965
1471 2311 1539 2346 VE
1667 2308 1746 2355 <ac>
1771 2306 1894 2343 Came-

224 2374 371 2414 rarius;
393 2372 529 2408 scilicet
544 2371 659 2412 aufer,
682 2371 796 2413 mitte,
821 2370 945 2405 omitte
968 2369 1040 2405 ista
1061 2380 1139 2404 cum
1158 2368 1274 2403 altero
1299 2366 1512 2413 imperativo
1537 2375 1612 2400 rem
1637 2373 1731 2408 quae
1754 2360 1894 2396 deside-

225 2433 331 2462 ratur
355 2426 538 2461 indicante
561 2436 635 2460 non
659 2425 888 2470 componitur
915 2424 991 2458 sine
1014 2422 1158 2469 copula,
1184 2422 1233 2467 cf.
1259 2421 1359 2456 Asin.
1387 2420 1460 2454 578
1487 2417 1568 2454 Cist.
1598 2417 1670 2453 747
1691 2415 1795 2451 Cura.
1821 2414 1900 2448 245

230 2481 337 2517 Most.
362 2481 472 2520 1134‚·
505 2479 559 2515 bis
586 2478 680 2513 idem
709 2479 910 2524 imperatur
932 2475 1044 2511 Poen.
1069 2477 1188 2517 1035,·
1220 2474 1345 2510 omitto
1371 2473 1430 2515 (Ρ)
1461 2483 1533 2508 non
1562 2471 1686 2508 omitte
1711 2470 1772 2511 (A)
1799 2467 1897 2502 Trin.

227 2535 336 2576 1074,
360 2533 492 2568 similia
516 2533 580 2577 (cf.
604 2532 690 2575 967)
713 2531 804 2566 alibi
893 2532 958 2565 965
984 2530 1090 2565 dictis
1116 2528 1376 2573 compendium,
1401 2526 1671 2561 corr.'Guietus
1763 2524 1826 2558 967
1853 2531 1898 2556 ac

231 2589 477 2625 Camerarius:
500 2588 591 2622 haec
683 2588 748 2622 968
772 2584 856 2629 (ex)
875 2584 1103 2620 Camerarius
1111 2595 1126 2625 ;
1149 2582 1271 2618 debuit
1295 2592 1340 2616 ex
1362 2580 1466 2616 malis
1493 2579 1584 2623 tuis;
1611 2578 1660 2622 cf.
1685 2577 1735 2612 ad
1753 2576 1825 2611 959

230 2645 295 2676 970
320 2641 474 2686 potisses
587 2643 651 2676 971
672 2644 763 2686 post
788 2639 860 2674 973
885 2637 1057 2672 traditum
1082 2636 1152 2671 linc
1175 2635 1336 2682 reposuit
1369 2633 1476 2668 Valla
1589 2630 1746 2667 efficiam
1780 2629 1821 2672 V,
1845 2627 1899 2664 ef-

229 2696 344 2731 fitiam
368 2694 404 2730 E
516 2696 580 2729 973
605 2694 781 2730 theodoro
805 2691 944 2727 medico
1065 2690 1222 2737 poliplus
1245 2689 1281 2724 io
1402 2690 1469 2722 974
1499 2685 1711 2722 immortalis
1744 2682 1813 2718 VE'

232 2753 296 2784 975
321 2749 542 2794 Philocrates
577 2747 654 2790 VE,
678 2746 892 2793 philocratis
910 2745 956 2787 B,
982 2755 1077 2780 conr.
1101 2742 1375 2783 Fleckeisenus;
1399 2742 1446 2780 cs.
1472 2739 1570 2775 Trin.
1593 2740 1662 2774 744
1746 2736 1834 2773 nolii
1859 2735 1901 2778 V,

231 2804 317 2838 nolu
331 2802 369 2838 E
456 2806 504 2847 te,
523 2813 617 2837 corr.
641 2801 791 2836 Weilius
881 2802 947 2835 976
965 2809 1155 2844 suppreme
1239 2799 1302 2831 977
1322 2798 1359 2831 te
1376 2805 1444 2830 om.
1477 2792 1507 2828 V
1510 2793 1547 2829 E
1627 2791 1810 2838 ingenium

234 2856 492 2892 PmnocRAms
509 2857 637 2899 (Pau.
655 2854 703 2898 B)
721 2864 835 2890 mimo
855 2856 955 2896 (nmo
975 2853 1021 2895 B)
1038 2860 1252 2887 smmeuvs
1277 2851 1400 2892 (-cmvs
1419 2847 1467 2890 B)
