2018 3183
215 85 268 122 ΤΟ
954 79 1134 114 PLAVTI
1689 79 1717 108 11
1730 80 1755 113 4,
1774 79 1876 108 30-58

213 199 279 237 sed
311 198 399 236 vina
432 199 529 248 quae
561 196 644 235 heri
676 195 828 234 vendidi
860 194 1009 232 vinario
1041 193 1294 239 Exaerambo,

214 267 287 306 iam
319 269 390 317 pro
422 265 476 303 eis
505 264 596 303 satis
628 263 719 302 fecit
749 260 913 301 Sticho?
971 261 1066 303 Lm,
1118 260 1270 299 Fecisse
1302 260 1394 299 satis
1425 260 1579 311 opinor,

215 345 304 373 nam
334 332 408 371 vidi
440 332 516 370 huc
547 332 674 382 ipsum
705 329 896 368 adducere
929 329 1154 380 trapezitam
1186 327 1483 366 Exaerambum.

213 402 348 441 LEON.
399 400 463 438 Sic
493 398 648 437 dedero.
699 397 808 448 prius
840 408 937 447 quae
969 395 1113 435 credidi
1144 396 1204 434 vix
1236 408 1342 434 anno
1375 402 1461 447 post
1491 395 1624 446 exegi;

215 480 321 507 nunc
353 466 509 518 satagit:
542 465 697 504 adducit
728 465 884 503 domuin
916 464 1030 503 etiam
1062 464 1165 502 ultro
1197 470 1234 503 et
1264 464 1400 503 scribit
1431 475 1624 502 nummos.
1888 469 1946 502 440

214 535 359 574 Dromo
390 533 610 573 mercedem
641 530 815 571 rettulit?
873 532 966 572 L113.
1017 532 1183 570 Dimidio
1214 531 1345 570 minus
1377 531 1530 582 opinor.

212 602 348 641 LEON.
380 601 481 648 Quid
499 599 717 640 relicuom?
756 600 849 640 Lm.
881 601 994 639 Aibat
1010 599 1169 638 reddere
1191 611 1310 650 quom
1329 599 1522 650 extemplo
1545 597 1736 637 redditum
1753 604 1875 646 esset;

215 682 302 709 nam
336 669 508 715 retineri,
540 675 583 708 ut
614 669 716 720 quod
750 669 798 707 sit
829 667 901 707 sibi
934 668 1063 719 operis
1094 667 1263 706 locatum
1296 667 1480 705 efficeret.

213 737 348 778 LEON.
399 736 575 789 Scyphos
606 748 704 787 quos
734 736 902 775 utendos
933 735 1020 774 dedi
1053 735 1291 781 Philodamo,
1321 732 1550 773 rettulitne‘?

212 804 309 846 Lm.
339 805 425 844 Non
449 805 577 843 etiam.
625 804 760 844 Lnox.
796 804 894 842 Hem
920 802 1031 842 non?
1053 803 1082 842 si
1105 803 1197 841 velis
1218 803 1263 841 da
1289 817 1324 846 *,
1347 802 1549 841 commoda
1571 800 1719 839 homini
1740 799 1946 839 amico.4t5

213 873 355 913 MERO.
387 873 486 912 Perii
509 872 653 917 hercle,
677 873 750 911 iam
774 872 836 911 hic
858 884 919 910 me
942 871 1116 920 abegerit
1136 883 1206 909 suo
1225 870 1325 909 odio,
1366 870 1458 910 Lm.
1492 869 1596 908 Heus
1617 869 1690 908 iam
1708 868 1800 907 satis
1822 873 1876 906 tu.

215 941 330 979 audin
354 953 452 991 quae
475 938 677 991 loquitur?
725 940 861 980 LEON.
902 940 1026 977 Audio
1049 946 1085 977 et
1108 939 1278 989 quiesco,
1330 938 1471 978 MERC.
1510 936 1698 982 Tandem,
1725 936 1878 987 opinor,

215 1009 415 1047 conticuit.
469 1021 574 1047 nunc
606 1008 738 1046 adeam
771 1008 962 1058 optimum
993 1013 1062 1053 est,
1094 1007 1203 1057 prius
1235 1018 1349 1056 quam
1382 1006 1520 1056 incipit
1550 1004 1708 1044 tinnire.

215 1088 328 1126 quam
341 1088 431 1114 mox
441 1076 494 1114 mi
512 1088 667 1127 operam
686 1074 782 1115 das‘?
812 1075 949 1115 LEON.
970 1074 1106 1120 Ehem,
1123 1077 1294 1125 optume.
1313 1085 1428 1124 quam
1445 1072 1591 1112 dudum
1607 1079 1648 1111 tu
1665 1069 1879 1111 advenisti?

216 1156 294 1182 non
328 1143 459 1182 hercle
489 1149 528 1182 tc
559 1143 801 1195 provideram
835 1144 1009 1193 (quaeso,
1042 1154 1092 1180 ne
1122 1141 1213 1180 vitio
1248 1140 1406 1189 vortas),
1891 1144 1948 1178 450

215 1211 264 1249 ita
296 1210 497 1249 iracundia
529 1210 678 1249 obstitit
709 1210 843 1249 oculis.
903 1209 1044 1250 MERC.
1093 1208 1180 1248 Non
1213 1208 1354 1247 mirum
1386 1209 1529 1247 factum
1561 1214 1630 1248 est.

214 1278 281 1318 sed
312 1278 344 1318 si
375 1279 479 1318 domi
511 1285 581 1325 est,
615 1279 893 1317 Demaenetum
926 1277 1115 1316 volebam.
1174 1276 1312 1317 LEON.
1360 1277 1485 1328 Negat
1515 1288 1598 1316 esse
1629 1275 1747 1316 intus.

214 1357 349 1384 verum
381 1346 481 1386 istuc
511 1352 718 1396 argentum
750 1352 878 1385 tamen
912 1346 1005 1384 mihi
1038 1346 1069 1385 si
1100 1345 1155 1385 vis
1185 1346 1454 1390 denumerare,

214 1414 481 1465 repromittam
512 1414 610 1453 istoc
642 1414 802 1453 nomine
833 1413 998 1453 solutam
1030 1425 1112 1452 rem
1146 1413 1329 1452 futuram.

213 1480 354 1522 MERC.
404 1481 467 1520 Sic
497 1482 641 1533 potius,
672 1489 716 1521 ut
745 1482 983 1521 Demaeneto
1014 1481 1083 1520 tibi
1117 1493 1182 1519 ero
1214 1486 1420 1531 praesente
1450 1479 1623 1519 reddam.
1889 1484 1945 1517 455

213 1549 307 1589 Lm.
338 1548 439 1588 Erus
459 1549 587 1588 istunc
610 1549 716 1588 novit
731 1555 847 1600 atque
865 1561 974 1588 erum
992 1550 1068 1588 hic.
1108 1549 1250 1588 MERC.
1280 1548 1359 1587 Ero
1377 1548 1468 1587 huic
1484 1553 1693 1599 praesente
1708 1546 1879 1586 reddam.

213 1616 307 1657 LIB.
356 1617 410 1655 Da
441 1618 556 1656 modo
588 1630 675 1656 meo
706 1617 896 1669 periculo,
928 1629 1011 1656 rem
1042 1617 1183 1656 salvam
1216 1629 1287 1667 ego
1319 1615 1532 1664 exhibebo;

215 1696 305 1724 nam
335 1685 366 1724 si
396 1685 492 1724 sciat
523 1692 656 1724 noster
686 1697 805 1724 senex
836 1685 952 1724 fidem
984 1697 1065 1724 non
1100 1697 1185 1723 esse
1220 1685 1310 1723 huic
1340 1684 1524 1731 habitam,

211 1759 450 1801 suscenseat,
482 1753 573 1804 quoi
605 1753 780 1792 omnium
812 1765 943 1791 rerum
975 1753 1084 1804 ipsus
1113 1763 1271 1804 semper
1300 1752 1434 1791 credit.

211 1820 347 1862 LEON.
394 1821 481 1860 Non
514 1821 644 1872 magni
676 1820 820 1871 pendo.
870 1833 920 1859 ne
949 1820 1044 1869 duit,
1077 1820 1107 1859 si
1141 1833 1221 1859 non
1253 1820 1344 1859 volt.
1393 1820 1449 1859 sic
1479 1819 1564 1858 sine
1599 1825 1709 1859 astet.
1891 1824 1948 1857 460

211 1887 305 1929 LIB.
354 1888 422 1935 Da,
454 1889 627 1940 inquam.
679 1889 762 1935 vah,
794 1889 960 1927 formido
993 1889 1124 1936 miser,
1157 1901 1207 1927 ne
1237 1888 1300 1927 hic
1331 1900 1393 1926 me
1424 1888 1494 1927 tibi
1524 1887 1735 1927 arbitretur

211 1956 390 2003 suasisse,
422 1955 495 1995 sibi
528 1969 577 1996 ne
607 1957 801 1996 crederes.
855 1957 914 2003 da,
947 1969 1104 2008 quaeso,
1137 1969 1182 1995 ac
1214 1969 1263 1995 ne
1295 1955 1480 1995 formida:

212 2024 358 2063 salvom
378 2025 509 2064 hercle
526 2025 612 2063 erit.
651 2024 793 2064 Mme.
824 2024 984 2063 Credam
1008 2025 1105 2072 sore,
1127 2025 1219 2063 dum
1242 2024 1398 2074 quidem
1419 2024 1502 2075 ipse
1520 2023 1558 2063 in
1578 2026 1698 2063 manu
1713 2022 1878 2063 habebo.

212 2092 446 2143 peregrinus
476 2105 548 2143 ego
580 2105 680 2139 sum,
711 2093 896 2132 Sauream
930 2105 1009 2131 non
1042 2092 1144 2132 novi.
1201 2092 1296 2132 LIB.
1345 2093 1394 2131 At
1424 2103 1545 2131 nosce
1574 2103 1680 2131 sane.

325 2226 392 2258 436
416 2224 469 2260 eri
492 2223 592 2267 Dffl,
616 2235 681 2270 ego
707 2224 756 2259 E¹
895 2224 1068 2260 Sarambo
1093 2224 1292 2267 (Serambo)
1319 2224 1563 2265 Casaubonus,
1588 2225 1639 2268 cf.
1662 2222 1881 2260 Bitschelius

211 2291 269 2327 op.
295 2281 330 2323 3,
355 2281 447 2325 310,
479 2281 775 2327 Dittenberqerus
798 2282 835 2316 in
862 2281 985 2327 praef.
1012 2281 1150 2316 Loemz'z‘
1178 2285 1215 2316 et
1246 2280 1386 2316 Goetziz'
1408 2291 1449 2326 p.
1474 2282 1613 2325 27sq.,·
1637 2280 1688 2325 cf:
1702 2279 1880 2329 χηράμβη

210 2336 352 2378 (Athen.
371 2339 471 2380 86⁰),
498 2338 739 2383 Καλλιμέδων
766 2334 786 2374 ὃ
814 2336 998 2385 Κάραβος
1102 2341 1164 2372 437
1191 2337 1235 2372 iis
1254 2338 1323 2379 (his
1342 2337 1401 2378 ΒΞ)
1541 2337 1696 2383 oppinor
1719 2336 1792 2372 DE

211 2396 276 2429 438
302 2397 339 2430 et
361 2395 559 2440 rapezitam
583 2394 647 2437 1²3¹,
671 2398 708 2431 et
730 2406 860 2441 rapere
883 2396 972 2430 itam
997 2394 1041 2436 E,
1067 2397 1104 2430 et
1127 2405 1216 2440 rape
1240 2405 1319 2429 cum
1348 2396 1370 2430 7
1391 2394 1456 2429 litt.
1481 2398 1574 2439 spat.
1592 2392 1628 2428 D
1719 2403 1880 2429 exeram-

212 2451 295 2487 bum
313 2450 388 2486 BE
478 2454 542 2487 439
567 2462 685 2496 quam,
709 2463 804 2487 corr.
820 2451 910 2487 Pius
1002 2454 1066 2486 441
1092 2451 1217 2486 retulit
1234 2451 1430 2494 (icem444)
1523 2452 1588 2485 442
1613 2449 1791 2495 reliquum

209 2508 332 2543 aiebat
357 2507 456 2550 DB2,
478 2507 600 2544 alebat
623 2507 716 2544 B¹E
817 2518 936 2553 quam,
961 2518 1056 2543 0017:
1081 2506 1279 2543 Lambinus
1381 2509 1447 2541 444
1471 2506 1617 2551 sciphos
1710 2509 1776 2541 445
1800 2508 1881 2542 hem

209 2564 306 2599 non?
338 2563 555 2600 servandum
586 2564 649 2609 (cf.
673 2563 867 2600 Richterus
890 2564 928 2599 in
953 2562 1195 2599 Studemunclz'
1222 2562 1316 2598 stud.
1340 2563 1373 2606 1,
1399 2563 1506 2606 549„
1526 2563 1619 2608 sort.
1645 2562 1747 2607 da<ri
1770 2563 1879 2606 rem).

211 2621 371 2666 ineptum
394 2624 448 2656 est
471 2621 520 2656 da
543 2622 730 2657 commoda
843 2623 909 2656 456
933 2621 1042 2656 herus
1157 2620 1253 2656 istuc
1277 2619 1315 2654 E
1425 2620 1550 2654 herum
1575 2618 1652 2654 BE
1759 2630 1819 2655 ero
1845 2632 1882 2656 ς.·

211 2687 276 2721 ego
402 2680 629 2722 praesentem
655 2676 716 2720 ΕΙ,
740 2679 932 2723 praesente
955 2680 991 2712 te
1018 2677 1081 2720 B2,
1104 2679 1295 2722 praesente
1320 2687 1399 2711 cum
1423 2677 1522 2710 2-3
1546 2676 1610 2711 litt.
1635 2680 1731 2722 spat.
1759 2674 1791 2711 D

212 2736 276 2768 457
301 2733 437 2778 periclo
552 2734 703 2770 exibebo
728 2733 764 2769 B
878 2736 942 2769 458
967 2732 1076 2768 finem
1100 2733 1151 2768 B¹
1267 2735 1333 2768 459
1364 2732 1440 2768 suis
1464 2735 1613 2768 censeat
1637 2733 1687 2767 B¹
1809 2732 1882 2777 qui,

211 2790 261 2835 cf.
286 2789 414 2835 Amph.
440 2791 517 2825 520
631 2791 747 2836 ipsius
774 2790 822 2825 Ει
939 2790 1105 2834 credidit,
1129 2801 1223 2826 corr.
1253 2789 1481 2826 Camerarius
1607 2791 1667 2824 461
1696 2790 1790 2824 uahc

208 2846 276 2879 463
301 2845 417 2881 habeo
444 2845 569 2881 B¹DE
