2018 3183
210 88 290 125 228
945 87 1126 123 PLAVTI
1684 90 1754 125 prol.
1773 90 1876 120 23—50

469 202 581 241 eicite
612 213 658 240 ex
689 201 820 240 animo
852 213 985 241 curam
1017 208 1133 253 atque
1165 201 1334 241 alienum
1366 214 1431 242 aes
1464 218 1483 240 ‹-

468 281 518 309 ne
549 269 636 319 quis
666 268 848 307 formidet
877 268 1133 320 flagitatorem
1163 281 1296 308 suom:

468 336 547 376 ludi
578 342 682 383 sunt,
714 336 828 375 ludus
858 337 970 376 datus
1001 343 1059 377 est
1090 337 1343 389 argentariis3

467 403 721 454 tranquillum
753 410 823 451 est,
854 403 1066 443 Alcedonia
1096 411 1189 443 sunt
1219 404 1367 444 circum
1398 405 1548 444 forum:

468 471 620 510 ratione
651 477 830 518 utuntur,
862 471 962 511 ludis
993 479 1163 524 poscunt
1194 471 1405 519 neminem,

469 538 684 578 secundum
716 538 828 578 ludos
859 539 1029 578 reddunt
1059 545 1187 578 autem
1220 539 1380 578 nemini.

467 618 581 645 aures
610 606 766 646 vocivae
796 607 827 646 si
858 613 965 654 sunt,
998 607 1172 646 animum
1202 607 1410 646 advortite:

468 674 680 713 comoediai
712 687 857 714 nomen
890 675 981 715 dare
1012 675 1121 715 vobis
1151 675 1250 714 volo.

466 742 725 782 Clerumenoe
754 749 914 782 vocatur
945 744 1040 782 haec
1070 743 1271 783 comoedia

468 822 619 861 graece,
651 811 770 850 latine
801 812 1032 851 Sortientes.
1083 812 1286 864 Deiphilus

467 879 569 917 hanc
599 890 737 929 graece
768 879 936 930 scripsit,
970 886 1058 931 post
1088 879 1124 918 id
1156 891 1312 919 rursum
1346 878 1476 918 denuo

467 945 585 984 latine
618 945 777 985 Plautus
809 958 898 985 cum
931 946 1087 985 latranti
1121 947 1293 985 nomine.

467 1025 588 1052 senex
618 1014 682 1052 hic
714 1014 875 1052 maritus
906 1013 1075 1063 habitat;
1109 1015 1141 1053 ei
1175 1020 1234 1053 est
1264 1014 1380 1060 filius,

467 1081 498 1119 is
529 1093 607 1119 una
638 1093 727 1120 cum
758 1087 868 1132 patre
899 1081 938 1120 in
971 1081 1093 1120 illisce
1123 1081 1271 1120 habitat
1300 1080 1471 1120 aedibus.

467 1154 524 1187 est
555 1148 588 1187 ei
620 1148 776 1199 quidam
807 1161 951 1195 servos,
985 1149 1051 1200 qui
1082 1149 1122 1188 in
1156 1148 1295 1187 morbo
1327 1147 1456 1194 cubat,

466 1216 584 1255 immo
615 1216 748 1255 hercle
777 1229 871 1255 vero
904 1216 943 1255 in
978 1216 1092 1264 lecto,
1126 1229 1176 1256 ne
1208 1216 1301 1268 quid
1332 1216 1520 1264 mentiar;

465 1283 497 1324 is
525 1296 670 1332 servos,
702 1285 768 1323 sed
799 1284 942 1324 abhinc
975 1297 1101 1324 annos
1131 1286 1275 1324 sactum
1310 1291 1367 1323 est
1397 1285 1578 1332 sedecim,

466 1364 584 1403 quom
616 1352 882 1404 conspicatust
911 1353 1079 1404 primulo
1112 1352 1345 1404 crepusculo

464 1419 633 1472 puellam
664 1420 822 1472 exponi.
882 1421 960 1459 adit
990 1421 1184 1472 extemplo
1216 1421 1263 1459 ad
1295 1420 1498 1459 mulierem

467 1499 566 1539 quae
597 1487 699 1526 illam
731 1488 964 1540 exponebat,
998 1495 1082 1527 orat
1113 1495 1156 1528 ut
1186 1501 1269 1528 eam
1301 1488 1367 1527 det
1396 1487 1487 1527 sibi:

464 1561 611 1602 exorat,
643 1556 790 1603 aufert;
823 1556 962 1595 detulit
991 1563 1097 1595 recta
1128 1556 1302 1602 domum,

464 1622 528 1662 dat
559 1635 647 1662 erae
677 1636 781 1671 suae,
814 1631 899 1663 orat
929 1630 972 1663 ut
1002 1636 1086 1662 eam
1118 1630 1241 1671 curet,
1272 1623 1422 1662 educet.

465 1702 529 1729 era
560 1690 663 1739 fecit,
694 1691 870 1730 educavit
902 1703 1042 1743 magna
1072 1691 1275 1738 industria,

465 1759 573 1810 quasi
604 1758 635 1798 si
667 1765 768 1799 esset
798 1771 845 1798 ex
876 1772 916 1799 se
948 1766 1049 1807 nata,
1082 1772 1161 1798 non
1194 1759 1318 1798 multo
1348 1770 1473 1798 secus.

463 1832 670 1877 postquam
703 1827 943 1866 ea-adolevit
973 1828 1019 1866 ad
1051 1839 1134 1866 eam
1166 1833 1343 1872 aetatem,
1375 1832 1418 1866 ut
1448 1826 1539 1865 viris

465 1893 619 1945 placere
649 1901 794 1946 posset,
827 1907 911 1934 eam
944 1895 1110 1947 puellam
1144 1895 1207 1933 hic
1237 1907 1356 1934 senex

465 1967 567 2000 amat
598 1962 783 2009 efflictim,
816 1969 855 2002 et
886 1963 979 2002 item
1011 1968 1148 2002 contra
1176 1962 1291 2002 filius.

467 2041 575 2068 nunc
605 2029 678 2068 sibi
708 2032 876 2081 uterque
906 2036 1044 2069 contra
1075 2030 1251 2081 legiones
1281 2036 1405 2082 parat,

319 2172 360 2205 23
386 2170 492 2206 eicite
516 2169 570 2205 B:
594 2170 704 2206 dicite
736 2171 771 2213 V,
795 2171 919 2207 diicite
942 2183 993 2207 εκ·
1017 2172 1146 2207 discite
1173 2171 1209 2206 E
1309 2170 1483 2217 (procul)
1509 2169 1732 2217 Geppertus:
1749 2170 1875 2216 possis

204 2226 401 2263 secundum
425 2226 600 2274 Pyladem
625 2237 670 2262 ex
694 2228 814 2263 animo
841 2239 946 2263 curas
971 2231 1081 2274 atque
1105 2229 1263 2264 alienum
1288 2239 1349 2264 aes
1375 2229 1482 2264 eicite
1605 2229 1649 2261 24
1671 2226 1874 2271 flagitorem

214 2283 281 2318 VE
415 2285 457 2318 25
477 2288 568 2330 post
591 2286 633 2318 26
655 2285 782 2330 posuit
809 2283 1014 2330 Geppertus
1152 2288 1192 2319 27
1219 2285 1398 2320 neminem
1422 2287 1596 2331 poscunt,
1627 2295 1724 2320 corr.
1753 2283 1874 2318 Came-

204 2340 327 2375 rarius
431 2342 473 2375 30
499 2340 662 2376 comedia.
769 2342 809 2376 31
836 2341 1064 2376 clerumoene
1170 2344 1213 2376 32
1239 2341 1401 2386 diphilus
1434 2341 1465 2376 V
1467 2340 1504 2375 E
1594 2343 1635 2375 34
1660 2342 1710 2386 cf.
1735 2339 1875 2375 Paulus

204 2397 277 2432 231
312 2395 447 2443 (plauti
473 2406 582 2431 canes
610 2396 761 2431 auribus
790 2396 994 2442 lanquidis,
1028 2397 1080 2442 cs.
1105 2396 1272 2433 Loemius
1301 2396 1351 2442 ql.
1383 2407 1478 2432 nom.
1511 2398 1616 2438 213„
1642 2396 1875 2442 probabilius

204 2453 331 2489 Dousa
355 2452 405 2488 ad
426 2463 535 2488 canes
557 2452 697 2488 rettulit
721 2452 919 2488 baubantes
1018 2456 1059 2488 38
1086 2453 1267 2489 accedit
1283 2454 1314 2488 A
1339 2453 1386 2499 (f.
1405 2454 1533 2495 195r);
1556 2453 1659 2488 cuius
1680 2452 1752 2498 fol.
1780 2453 1874 2488 681¹·

204 2510 318 2556 (quod
348 2509 476 2545 deinde
499 2507 618 2544 Stichi
639 2513 891 2555 arqumentum
920 2510 1070 2556 recepit)
1095 2514 1128 2544 et
1151 2510 1268 2556 ipsum
1301 2508 1427 2545 habuit
1450 2508 1557 2545 huius
1577 2508 1728 2556 proloqi
1750 2519 1875 2545 versus

205 2567 353 2601 38—56
373 2568 504 2612 postea
520 2564 666 2608 deletos,
691 2570 731 2601 ut
752 2576 875 2612 pauca
900 2565 974 2613 leqi
987 2566 1136 2612 possint
1158 2568 1216 2608 (Α)
1241 2577 1335 2612 quae
1359 2566 1480 2601 omnia
1504 2567 1719 2612 conspirant
1740 2577 1821 2601 cum
1843 2567 1875 2601 A

205 2624 249 2668 (f.
272 2624 358 2665 195)
466 2625 509 2656 40
535 2622 766 2668 conspicatus
790 2625 846 2658 est
870 2622 905 2657 P
1011 2622 1165 2668 primulo
1189 2624 1240 2658 A:
1263 2622 1377 2667 primo
1402 2621 1447 2664 P,
1470 2621 1579 2658 schol.
1605 2624 1692 2658 Aen.
1717 2623 1779 2665 10,
1807 2624 1877 2658 615

204 2677 223 2720 (⁴
228 2678 282 2713 Pl.
307 2679 347 2713 in
371 2674 604 2721 Cistellaria’)
697 2682 738 2714 45
763 2678 854 2714 facit
876 2677 912 2713 P
1001 2681 1044 2713 46
1070 2679 1101 2714 si
1125 2689 1193 2714 om.
1210 2679 1301 2721 Α(Α)
1393 2677 1516 2713 hiatus
1538 2690 1703 2714 versuum
1727 2681 1787 2715 47.
1810 2680 1874 2714 48.

204 2736 265 2770 49.
292 2736 353 2770 50.
379 2736 438 2770 58.
466 2736 523 2770 59.
553 2735 598 2771 79
621 2736 653 2770 Α
677 2746 757 2771 cum
782 2735 818 2770 P
837 2746 1040 2771 communes
1063 2734 1169 2770 habet
1271 2738 1313 2770 47
1340 2746 1384 2771 ea
1406 2736 1513 2778 A(A).·
1537 2746 1606 2770 om.
1633 2735 1668 2770 P
1749 2737 1874 2782 possis

204 2794 246 2827 ut
260 2791 366 2837 (iam)
458 2794 501 2826 48
517 2802 597 2827 eam
615 2793 723 2835 Α(Α).·
740 2795 780 2828 at
795 2803 874 2828 eam
891 2791 926 2827 P
1014 2792 1089 2827 illic
1106 2791 1324 2828 Bitsclzelius
1416 2794 1459 2827 49
1477 2795 1604 2828 contra
1624 2796 1827 2839 suspectum

206 2850 248 2881 50
274 2850 426 2892 uterque
449 2858 546 2884 nunc
571 2848 641 2884 sibi
664 2848 825 2895 Pylades

1905 685 1943 716 30

1905 1021 1943 1054 35

1903 1698 1940 1730 45

1905 2039 1942 2070 50
