2018 3183
223 89 275 126 66
961 86 1141 122 PLAVTI
1694 84 1761 119 112,
1780 86 1880 114 56-84

222 203 448 256 pernegabo
479 210 596 254 atque
627 201 843 248 obdurabo,
874 200 1083 252 periurabo
1115 199 1296 251 denique.

221 272 356 312 Laos.
405 271 476 309 Em
507 271 577 309 ista
608 270 730 308 virtus
759 275 830 315 est,
862 268 1018 319 quando
1050 274 1160 306 usust
1190 267 1256 317 qui
1286 267 1429 306 malum
1461 268 1535 306 sert
1565 268 1740 315 sortiter3

222 340 375 378 fortiter
403 338 546 377 malum
579 337 644 388 qui
676 336 831 387 patitur,
864 336 965 374 idem
998 342 1086 386 post
1117 335 1264 386 potitur
1294 335 1456 374 bonum.

220 407 311 446 Lm.
363 406 465 452 Quin
497 417 579 444 rem
611 410 782 443 actutum
813 401 1023 443 edisseris?
1055 403 1170 454 cupio
1202 403 1344 442 malum
1376 403 1607 442 nanciscier.
1892 411 1951 443 325

219 474 354 514 Laos.
404 472 556 512 Placide
587 483 680 522 ergo
711 483 835 510 unum
867 470 1053 521 quidquid
1084 470 1220 521 rogita,
1252 477 1295 509 ut
1324 470 1582 521 adquiescam.
1616 482 1695 508 non
1727 469 1832 509 vides

220 555 280 581 me
312 553 358 580 ex
389 552 549 580 cursura
581 539 794 578 anhelitum
825 538 939 577 etiam
971 536 1142 578 ducere?
1200 538 1292 578 Lm.
1343 540 1434 589 Age,
1467 550 1548 589 age,
1580 550 1760 576 mansero

221 617 288 648 tuo
319 608 520 655 arbitratu,
551 607 610 646 vel
641 606 737 645 adeo
769 618 892 657 usque
923 605 1014 645 dum
1047 606 1162 658 peris.
1220 606 1356 646 Laos.
1409 605 1571 644 Vbinam
1605 612 1662 644 est
1691 604 1812 645 erus?

218 678 310 718 L113.
356 677 478 716 Maior
498 675 600 727 apud
622 676 798 722 sorumst,
821 674 951 713 minor
971 674 1034 713 hic
1055 680 1114 713 est
1134 674 1253 713 intus.
1302 674 1438 714 Laos.
1484 673 1561 712 lam
1583 674 1674 713 satis
1696 680 1753 713 est
1774 672 1880 712 mihi.

220 745 314 784 Lm.
365 744 464 783 Tum
496 743 613 794 igitur
643 750 684 782 tu
714 743 819 782 dives
850 755 891 782 es
921 740 1070 782 sactus?
1129 743 1264 783 Lssox.
1315 743 1422 781 Mitte
1454 741 1684 781 ridicularia.
1895 747 1952 780 330

218 813 310 853 Lm.
361 813 484 851 Mitto.
518 826 540 849 *
573 811 672 850 istuc
703 810 808 862 quod
839 811 966 850 adfers
997 823 1113 850 aures
1143 816 1371 861 exspectant
1400 822 1521 849 meae.

218 881 294 921 LE.
326 880 508 919 Animum
531 879 698 926 adverte,
723 886 764 918 ut
783 891 907 929 aeque
925 890 1079 917 mecum
1101 878 1196 917 haec
1217 879 1328 917 scias.
1378 878 1443 918 L1.
1476 877 1615 917 Taceo.
1665 877 1741 917 LE.
1773 876 1881 915 Boas.

219 948 457 987 meministin
491 946 621 985 asinos
650 946 861 984 Arcadicos
891 945 1097 984 mercatori
1130 945 1281 984 Pellaeo

220 1023 397 1055 nostrum
430 1014 598 1053 vendere
629 1012 870 1052 atriensem?
928 1013 1021 1053 Lm.
1072 1013 1244 1052 Memini.
1295 1013 1387 1063 quid
1420 1020 1500 1052 tum
1533 1010 1699 1064 postca?
1812 1017 1882 1050 334.
1895 1017 1952 1051 335

217 1084 352 1123 LEON.
402 1082 473 1121 Em
504 1093 599 1131 ergo
631 1082 661 1120 is
692 1087 896 1131 argentum
928 1080 1007 1119 huc
1038 1081 1197 1127 remisit,
1230 1081 1333 1131 quod
1365 1080 1522 1119 daretur
1552 1081 1721 1119 Saureae

218 1155 289 1202 pro
322 1150 452 1190 asinis.
504 1149 733 1187 adulescens
763 1148 867 1187 venit
899 1148 1028 1195 modo,
1059 1148 1125 1199 qui
1157 1148 1199 1204 id
1225 1155 1429 1199 argentum
1461 1148 1600 1187 attulit.

216 1219 308 1258 Lm.
359 1217 429 1256 Vbi
461 1217 492 1256 is
523 1214 708 1255 homost?
766 1216 904 1256 Laos.
956 1215 1035 1254 Iam
1068 1215 1332 1254 devorandum
1363 1228 1514 1262 censes,
1545 1216 1576 1255 si
1601 1212 1883 1267 conspexeris?

215 1287 308 1326 Lm.
358 1284 412 1323 Ita
444 1284 547 1323 enim
578 1296 681 1323 vero.
733 1285 799 1323 sed
832 1290 975 1330 tamen,
1007 1290 1048 1322 tu
1082 1295 1223 1334 nempe
1255 1296 1322 1322 eos
1353 1283 1483 1322 asinos
1514 1283 1715 1335 praedicas

216 1354 377 1402 vetulos,
409 1351 581 1399 claudos,
613 1351 756 1403 quibus
787 1351 974 1391 subtritae
1005 1352 1052 1390 ad
1084 1352 1226 1390 semina
1259 1351 1334 1390 iam
1367 1357 1479 1390 erant
1510 1348 1705 1403 ungulae?
1894 1356 1952 1389 340

215 1422 351 1461 ΕΕΟΧ.
400 1420 524 1472 Ipsos,
556 1420 623 1471 qui
653 1419 722 1458 tibi
754 1419 1033 1459 subvectabant
1063 1431 1155 1458 rure
1185 1419 1262 1458 huc
1291 1419 1417 1470 virgas
1447 1419 1605 1459 ulmeas.

214 1490 307 1530 Lm.
339 1489 484 1535 Teneo,
502 1494 616 1538 atque
633 1487 733 1526 idem
752 1494 789 1526 te
806 1487 898 1526 hinc
915 1487 1286 1526 vexeruntvinetum
1305 1499 1384 1526 rus.
1424 1486 1501 1527 LE.
1523 1486 1672 1525 Memor
1688 1499 1729 1525 es
1744 1484 1882 1537 probe.

212 1569 347 1597 verum
378 1557 418 1596 in
451 1556 644 1595 tonstrina
676 1561 718 1594 ut
748 1554 943 1602 sedebam,
975 1567 1037 1593 me
1068 1554 1153 1593 infit
1183 1555 1466 1606 percontarier,

215 1637 379 1677 ecquem
410 1624 532 1663 filium
564 1623 757 1663 Stratonis
788 1623 963 1661 noverim
996 1623 1290 1661 Demaenetum.

215 1694 302 1733 dico
331 1705 394 1732 me
426 1691 578 1731 novisse
610 1690 804 1742 externplo
837 1697 876 1729 et
904 1702 967 1729 me
998 1692 1081 1729 eius
1111 1702 1263 1729 servom
1294 1690 1477 1741 praedico
1895 1696 1951 1728 345

215 1775 313 1808 esse,
345 1768 383 1800 et
413 1759 517 1799 aedis
548 1759 811 1798 demonstravi
843 1766 1008 1798 nostras.
1066 1758 1161 1799 Lm.
1212 1758 1312 1804 Quid
1344 1765 1426 1797 tum
1457 1756 1624 1810 postea?

213 1829 349 1869 LEON.
399 1828 461 1866 Ait
490 1840 532 1866 se
563 1827 612 1866 ob
642 1827 774 1866 asinos
805 1828 907 1865 ferre
938 1833 1143 1878 argentum
1175 1826 1333 1866 atriensi
1364 1826 1547 1873 Saureae,

216 1897 350 1948 viginti
381 1896 519 1942 minas,
550 1895 617 1934 sed
649 1907 737 1933 eum
770 1907 854 1934 sese
886 1907 967 1933 non
1000 1907 1116 1933 nosse
1148 1894 1347 1933 hominem
1379 1894 1446 1945 qui
1477 1894 1560 1942 siet,

215 1965 342 2016 ipsum
372 1976 465 2003 vero
497 1975 538 2002 se
570 1963 722 2002 novisse
755 1962 889 2002 callide
921 1963 1213 2002 Demaenetum.

215 2032 400 2084 quoniam
417 2031 482 2070 ille
493 2031 671 2070 elocutus
688 2031 781 2070 haec
793 2030 1016 2071 sic—Lm.
1038 2030 1141 2076 Quid
1157 2029 1269 2069 tum?
1289 2030 1425 2071 LEON.
1447 2030 1631 2070 Ausculta
1643 2042 1750 2082 ergo,
1766 2030 1878 2070 scies.
1893 2034 1952 2067 350

216 2099 409 2151 extemplo
443 2099 541 2138 facio
573 2100 738 2138 facetum
770 2111 833 2137 me
863 2105 979 2149 atque
1010 2098 1261 2149 magnificum
1293 2099 1430 2145 virum,
1476 2113 1483 2120 ¹
1591 2105 1596 2111 '

327 2235 392 2267 322
408 2232 499 2278 fort.
517 2232 722 2277 perdurabo
795 2234 856 2265 323
875 2231 957 2266 hem
1030 2231 1102 2266 ista
1120 2242 1187 2265 om.
1210 2231 1275 2273 B¹,·
1284 2232 1411 2277 pote'us
1427 2231 1541 2266 istaec
1611 2233 1678 2266 324
1693 2232 1834 2276 potitur
1846 2246 1883 2270 ς.-

212 2290 351 2335 patitur
442 2291 507 2323 325
525 2291 670 2324 actuum
691 2288 739 2323 Βι
810 2298 933 2322 versus
949 2299 1015 2323 nec
1031 2287 1185 2322 diaeresi
1201 2297 1266 2322 nec
1282 2298 1434 2322 caesura
1451 2287 1596 2328 divisus,
1612 2287 1706 2332 fort.
1718 2291 1884 2324 actutum

213 2345 382 2382 edisseris
395 2356 471 2380 rem
563 2347 628 2380 326
654 2345 810 2389 quidque
828 2345 991 2389 (quisque
1006 2344 1069 2386 13¹)
1093 2344 1268 2388 derogita,
1292 2355 1386 2378 corr.
1407 2343 1634 2380 Camerarius
1650 2350 1684 2379 et
1702 2344 1883 2387 Bantius,-

213 2403 262 2448 cf.
279 2402 311 2437 T
307 2403 375 2437 rin.
393 2403 464 2437 881
557 2404 622 2436 329
647 2402 706 2437 hic
731 2412 798 2436 om.
826 2401 876 2435 Βι
968 2400 1057 2436 satis
1074 2403 1108 2435 st
1126 2399 1161 2434 B
1253 2402 1318 2434 330
1337 2400 1435 2435 dives
1452 2399 1734 2446 monosyllabum
1745 2413 1760 2442 ,·
1782 2401 1882 2437 dives

212 2459 344 2495 factu's
368 2457 620 2494 Fleckeisenus
712 2460 772 2492 331
802 2457 896 2492 istuc
920 2456 1030 2502 <quid
1054 2457 1125 2499 sit>
1147 2455 1314 2491 Loemlus
1338 2455 1507 2491 Goetzz'us
1597 2458 1661 2490 333
1685 2456 1803 2501 pelleo
1829 2455 1866 2491 Ε
1869 2471 1884 2499 ,·

212 2516 263 2560 cf.
289 2515 489 2561 Vssinqae'us,
514 2513 761 2550 Buechelerus
784 2524 871 2548 mus.
896 2512 1009 2548 Rhea.
1035 2514 1091 2554 41,
1117 2513 1211 2553 31:2‚·
1235 2512 1379 2547 Pellaeo
1398 2524 1426 2548 v.
1446 2513 1523 2546 397
1639 2514 1718 2548 334.
1736 2516 1801 2548 335
1827 2517 1882 2550 at·

213 2572 382 2608 triensem
401 2571 471 2606 DE
560 2573 626 2605 336
650 2571 732 2605 hem
761 2569 837 2611 DE,
863 2581 930 2604 om.
958 2569 1009 2605 B¹
1102 2572 1165 2603 337
1192 2569 1253 2614 qui
1277 2569 1315 2603 id
1341 2568 1411 2603 32:
1435 2568 1522 2614 quid
1547 2568 1645 2610 B¹D,
1672 2569 1733 2614 qui
1758 2568 1796 2604 E

213 2632 278 2663 340
303 2628 458 2664 feminae
489 2626 541 2662 B¹
566 2631 607 2662 ut
635 2626 723 2670 vid„
748 2626 903 2662 feminea
926 2625 961 2660 D
1099 2628 1163 2660 343
1189 2636 1244 2660 me
1269 2624 1448 2672 Pylades:
1478 2635 1536 2660 me
1563 2635 1637 2668 me3
1664 2626 1792 2671 potius
1814 2637 1882 2662 ea:—

211 2690 335 2730 specto
359 2685 466 2720 homo
604 2687 670 2719 346
694 2684 803 2719 aedes
829 2683 864 2718 B
994 2685 1058 2718 347
1085 2683 1130 2718 ob
1155 2683 1288 2727 asinos,
1313 2682 1364 2727 cs.
1389 2693 1469 2728 ary.
1495 2682 1539 2723 3;
1562 2692 1593 2717 v.
1608 2682 1690 2717 337.
1717 2683 1793 2717 369

213 2743 277 2775 348
302 2741 446 2776 novisse
577 2743 641 2775 349
660 2745 749 2787 post
774 2744 838 2775 350
864 2738 980 2781 codd„
1005 2750 1099 2774 corr.
1117 2737 1326 2779 Acidalc'us;
1348 2737 1412 2773 sed
1433 2749 1462 2774 v.
1475 2739 1549 2773 349
1575 2744 1671 2772 recle
1693 2738 1884 2787 induxisse

213 2797 352 2833 videtur
376 2797 572 2843 Lanqenus
593 2796 706 2843 symb.
729 2797 796 2831 114
817 2807 870 2842 sq.
1001 2797 1065 2830 350
1091 2795 1282 2839 eloquutus
1307 2795 1502 2837 (elocutust
1525 2793 1791 2838 Fleckeisenus)

213 2853 260 2889 sit
284 2852 322 2888 E
324 2866 338 2894 ;
362 2853 414 2888 sic
438 2857 471 2888 et
496 2852 554 2888 hic
577 2860 610 2888 et
635 2864 665 2888 v.
681 2854 756 2887 352
779 2851 978 2888 Leonidam
1001 2852 1188 2898 siqne'ficat
1210 2862 1320 2897 affere
1345 2850 1523 2897 hospitem
