1998 3179
83 124 109 151 1·
121 127 147 160 2,
166 126 267 155 53-81
793 125 1025 161 ASINARIA
1683 133 1734 170 87

84 240 242 280 redierit
271 241 398 287 hodie,
431 239 641 279 osculando
673 252 746 290 ego
778 240 941 280 ulciscar
972 242 1228 292 potissimum.

83 308 191 348 ABG.
241 307 338 355 lace,
369 313 493 359 pater,
524 307 633 354 talos,
665 313 708 346 ut
736 320 855 358 porro
889 321 961 348 nos
992 308 1188 349 iaciamus.
1246 310 1362 351 DEM.
1413 311 1587 351 Maxime.

83 382 130 422 te,
163 376 416 422 Philaenium,
447 374 540 414 mihi
570 380 685 425 atque
715 375 848 414 uxoris
879 381 1055 415 mortem.
1104 377 1179 416 hoc
1210 377 1420 418 Venerium
1451 385 1520 419 est.
1750 388 1805 420 905

82 444 206 494 pueri,
237 443 405 494 plaudite
437 449 475 481 et
504 442 555 480 mi
586 441 637 480 ob
669 441 810 480 iactum
842 443 1026 482 cantharo
1059 445 1224 483 mulsum
1257 446 1355 485 date.

81 511 187 551 ΛΒΤ.
237 511 322 550 Non
356 522 456 561 queo
488 511 641 549 durare.
700 508 805 550 PAR.
855 510 894 548 Si
928 522 1006 548 non
1039 511 1203 550 didicisti
1235 513 1448 560 fulloniam,

82 592 162 618 non
194 577 413 617 mirandum
445 584 514 616 est.
548 590 569 614 *
601 576 640 614 in
673 576 807 615 oculos
838 576 964 615 invadi
996 584 1199 628 optumum
1232 587 1301 619 est.

80 646 186 686 ART.
237 645 318 696 Ego
348 644 416 696 pol
446 644 566 683 vivam
596 649 634 682 et
663 650 704 682 tu
735 644 854 682 istaec
883 644 997 683 hodie
1029 657 1117 684 cum
1147 652 1215 685 tuo
1246 659 1389 698 magno
1422 648 1520 686 malo

80 713 316 752 invocavisti.
375 712 479 752 PAR.
528 710 673 762 Ecquis
703 711 826 749 currit
856 711 1099 762 pollictorem
1131 713 1363 754 accersere?
1750 726 1807 758 910

78 780 190 821 ARG.
239 780 372 828 Mater,
402 779 516 819 salve.
573 777 680 818 ART.
731 778 797 817 Sat
825 778 970 818 salutis.
1028 779 1132 821 PAR.
1183 781 1375 822 Mortuost
1404 783 1674 824 Demaenetus.

79 854 233 900 tempus
263 854 321 886 est
349 846 568 887 subducere
596 846 690 885 111110
719 857 803 893 1110;
834 846 998 897 pulchre
1029 847 1103 886 1100
1133 849 1259 899 gliscit
1291 850 1496 901 proelium.

79 915 144 955 ibo
175 916 221 954 ad
251 915 470 961 Diabolum,
500 913 678 952 mandata
710 912 832 951 dicam
866 914 962 952 sacta
993 921 1037 953 ut
1067 915 1241 964 voluerit,

80 991 195 1034 atque
226 983 373 1022 interea
404 988 447 1022 ut
476 981 754 1021 decumbamus
783 981 967 1030 suadebo,
999 982 1038 1021 hi
1068 982 1159 1022 dum
1191 984 1354 1035 litigant.

79 1057 191 1102 poste
221 1050 375 1089 demum
405 1050 482 1089 11110
513 1061 597 1089 0135
627 1048 813 1087 adducam
845 1049 890 1088 ad
922 1048 1065 1097 lenam,
1097 1057 1140 1089 ut
1170 1051 1303 1102 viginti
1334 1051 1458 1092 minas
1750 1063 1806 1095 915

79 1118 114 1157 01
145 1117 222 1165 (101,
253 1118 291 1156 10
324 1124 475 1168 partem
504 1117 577 1156 hac
607 1116 751 1155 amanti
782 1122 825 1155 ut
854 1116 968 1156 liceat
997 1117 1031 1156 ei
1063 1118 1237 1169 potirier.

79 1186 321 1237 Argyrippus
351 1184 501 1223 exorari
532 1197 647 1235 spero
678 1184 832 1235 poterit,
864 1190 907 1223 111
934 1185 1036 1223 sinat

79 1266 163 1292 sese
193 1252 361 1292 alternas
393 1264 481 1290 cum
512 1251 576 1290 illo
609 1258 744 1291 noctes
775 1251 847 1290 liac
877 1252 964 1291 frui.
1013 1265 1101 1292 nam
1135 1253 1174 1291 ni
1207 1252 1388 1305 impetro,

77 1333 212 1372 regem
240 1319 410 1372 perdidi:
442 1332 487 1358 ex
518 1331 650 1358 amore
680 1325 833 1358 tantum
864 1325 922 1358 est
951 1320 1099 1359 homini
1131 1320 1369 1360 incendium.
1400 1345 1454 1350 —

77 1387 185 1428 ART.
207 1387 309 1433 Quid
331 1386 398 1426 tibi
420 1387 526 1425 hunc
541 1386 713 1437 receptio
731 1387 775 1425 ad
798 1393 836 1425 te
853 1393 911 1426 est
926 1400 1055 1426 meum
1072 1387 1195 1426 virum
1210 1386 1230 1426 ἶ)
1266 1388 1389 1430 PHIL.
1419 1389 1488 1428 Pol
1505 1402 1566 1428 me
1583 1390 1737 1441 quidem
1750 1400 1806 1432 920

78 1455 257 1494 miseram
290 1453 378 1493 odio
410 1454 584 1493 enicavit.
644 1453 751 1494 ART.
803 1454 940 1504 Surge,
971 1461 1132 1501 amator,
1163 1455 1173 1493 i
1205 1454 1376 1494 domum.

77 1523 193 1562 DEM.
212 1521 351 1561 Nullus
365 1533 463 1561 sum.
493 1521 601 1562 ΛΒΤ.
623 1521 745 1559 Immo
763 1534 815 1568 05,
835 1534 883 1560 00
899 1533 1009 1573 nega,
1027 1520 1365 1577 0011111111κ110115>
1381 1524 1446 1574 pol
1464 1524 1737 1575 nequissimus.

79 1596 117 1628 at
146 1589 260 1628 etiam
292 1588 407 1628 cubat
437 1588 610 1628 cuculus.
662 1601 790 1640 surge,
822 1596 984 1635 amator,
1016 1589 1026 1628 i
1058 1590 1229 1628 domum.

77 1657 194 1697 DEM.
242 1657 319 1695 Vae
349 1656 456 1695 mihi.
515 1654 622 1695 ART.
672 1655 770 1695 Vera
803 1657 1005 1696 liariolare.
1056 1669 1184 1708 surge,
1207 1665 1367 1706 amator,
1399 1659 1409 1697 i
1440 1659 1611 1699 domum.

77 1725 193 1764 Dm.
241 1723 415 1763 Abscede
446 1736 537 1775 ergo
568 1723 768 1775 paululum
800 1724 911 1763 istuc.
971 1724 1078 1764 ART.
1128 1726 1266 1776 Surge,
1298 1732 1457 1774 amator,
1489 1727 1500 1766 i
1530 1728 1701 1768 domum.
1747 1738 1807 1771 925

77 1793 193 1832 Dm.
243 1791 321 1830 Iam
345 1791 522 1837 obsecro,
553 1803 664 1830 uxor.
714 1790 821 1831 Am.
866 1792 980 1831 Nunc
1001 1805 1161 1831 uxorem
1184 1805 1245 1831 me
1267 1805 1350 1832 esse
1372 1795 1581 1835 meministi
1603 1795 1738 1836 tuam?

77 1861 208 1908 modo,
240 1872 327 1898 cum
358 1859 458 1897 dicta
489 1858 528 1897 in
560 1870 622 1897 me
653 1858 871 1910 1030101135,
903 1859 1049 1905 odium,
1081 1873 1161 1899 1100
1195 1873 1294 1899 uxor
1323 1873 1440 1900 eram.

77 1927 194 1967 Dm.
241 1927 364 1965 Totus
402 1926 513 1977 perii.
571 1926 679 1967 ΛΒΤ.
731 1926 830 1972 Quid
862 1925 1049 1966 taudem?
1093 1927 1220 1965 anima
1251 1929 1396 1968 fetetne
1427 1930 1560 1970 uxoris
1590 1929 1710 1970 tuae?

77 1995 194 2035 Dm.
243 1995 413 2033 Murram
435 1995 524 2033 olet.
582 1993 690 2034 Am.
741 1993 819 2032 lam
841 1994 1083 2046 subrupuisti
1115 1995 1266 2046 pallam,
1299 2008 1415 2046 quam
1437 2003 1567 2037 scorto
1598 1997 1737 2038 dares?

77 2063 200 2102 PHIL.
250 2061 412 2100 Ecastor
443 2061 508 2112 qui
541 2061 823 2112 subrupturum
855 2061 995 2113 pallam
1026 2063 1205 2114 promisit
1234 2062 1316 2101 tibi.
1750 2075 1807 2109 930

77 2130 194 2169 Dm.
237 2129 322 2168 Non
345 2127 479 2168 taces?
527 2127 639 2168 ABG.
684 2128 766 2179 Ego
789 2129 1071 2176 dissuadebam,
1093 2137 1228 2169 mater.
1277 2129 1385 2171 ART.
1431 2131 1579 2172 Bellum
1604 2133 1737 2173 filium.

191 2265 257 2297 904
281 2262 462 2296 iaceamus
554 2264 617 2295 907
643 2271 818 2305 nomqueo
838 2260 882 2303 D,
906 2272 989 2296 nam
1014 2273 1104 2306 queo
1126 2261 1161 2295 E
1249 2262 1467 2307 fullonicam,
1494 2274 1586 2299 corr.
1604 2265 1739 2308 Dousa,

78 2319 130 2365 cf.
143 2317 270 2365 Amph.
286 2319 443 2359 90152,
462 2316 589 2351 Pseud.
612 2318 684 2353 782
774 2317 938 2362 fullones
958 2318 1132 2363 intelleqit
1155 2319 1276 2363 amylo
1302 2320 1474 2354 durantes
1566 2322 1631 2354 908
1655 2331 1740 2366 sup-

74 2375 180 2422 pleas
203 2375 297 2411 velut
320 2374 451 2418 <igitur
473 2373 632 2416 homini>
767 2384 840 2409 non
860 2374 1108 2418 mirandumst,
1133 2374 1363 2419 (Artemona.
1412 2377 1530 2421 Am.)
1553 2376 1591 2410 in
1616 2377 1739 2412 oculos

79 2443 108 2468 e.
126 2443 158 2477 q.
174 2442 202 2466 s.
221 2430 383 2466 Havetus
405 2441 476 2466 rev.
501 2430 544 2464 cle
562 2429 655 2476 phil.
677 2431 709 2472 6,
725 2432 796 2466 153
817 2432 882 2476 qui
903 2442 1026 2466 versus
1052 2432 1254 2466 893-909
1277 2431 1498 2467 Fleckeiseni
1520 2437 1555 2468 et
1581 2432 1611 2466 V
1611 2434 1743 2479 ssinqii

78 2487 232 2523 inventis
253 2498 340 2522 usus
359 2487 598 2532 probabiliter
620 2487 672 2521 sic
690 2487 870 2522 ordinavit
894 2493 934 2522 ut
957 2498 995 2522 se
1019 2489 1205 2533 excipiant
1230 2498 1281 2522 vv.
1301 2490 1385 2523 893.
1414 2490 1624 2524 896-898.
1652 2491 1739 2525 894.

82 2545 165 2578 895.
186 2545 272 2578 902.
293 2544 380 2578 903.
399 2544 604 2577 899-901.
625 2544 708 2578 907.
729 2545 816 2578 908.
836 2545 1046 2578 904—906.
1064 2546 1140 2578 909
1232 2547 1296 2579 909
1310 2548 1349 2580 tu
1362 2545 1476 2580 istaec
1495 2544 1742 2582 Camerarius.-

79 2600 152 2635 tuis
176 2601 266 2635 haec
357 2602 422 2634 910
447 2599 628 2635 inuocasti
720 2603 756 2635 et
780 2600 860 2645 quis
885 2601 999 2635 currit
1022 2600 1247 2645 pollictorem
1271 2603 1339 2642 (-re
1360 2600 1403 2642 Ε)
1429 2612 1632 2645 accersere,
1656 2602 1739 2638 item

81 2655 223 2690 Nonius
244 2657 318 2691 157
320 2668 334 2696 ;
357 2656 407 2700 cf.
432 2654 543 2691 Poen.
571 2657 618 2690 63
710 2659 771 2692 911
799 2657 846 2692 sit
872 2655 906 2691 E
994 2660 1156 2692 mortuus
1185 2660 1240 2692 est
1332 2660 1396 2691 912
1422 2660 1477 2693 est
1501 2657 1643 2693 Nonius
1664 2660 1739 2693 22.-

82 2721 149 2746 om.
241 2714 306 2746 916
337 2714 460 2756 parte,
489 2723 583 2747 corr.
608 2712 805 2747 Lambinus
894 2713 1069 2758 potierier
1160 2716 1223 2747 917
1250 2713 1427 2758 argiripus
1453 2712 1486 2747 D
1578 2717 1641 2750 920
1667 2716 1738 2751 huc

81 2765 118 2801 E
205 2769 267 2801 921
289 2767 446 2803 enicabit
536 2769 704 2805 enecauit
721 2769 802 2805 odio
819 2769 986 2804 miseram
1006 2769 1152 2804 Guietus
1243 2771 1308 2803 922
1327 2769 1458 2804 omium
1473 2770 1507 2804 B
1597 2772 1738 2817 (unus)

81 2821 135 2864 L„
159 2821 386 2869 (hominum)
402 2823 671 2866 Fleckeisenus;
700 2825 793 2860 illud
814 2825 862 2860 ad
886 2825 1006 2859 nullus
1031 2835 1109 2859 sum
1126 2825 1248 2870 aptius
1271 2825 1489 2871 respondere
1507 2825 1649 2862 videtur

82 2880 148 2913 924
172 2889 216 2913 ue
336 2881 401 2914 925
425 2880 572 2925 paulum
596 2880 668 2916 BD
796 2885 860 2917 930
885 2882 1096 2927 Arqyrippo
1121 2880 1241 2923 codd„
1265 2880 1456 2917 Pliilaenio
1480 2882 1579 2918 dedit
1598 2881 1740 2918 Parcus
