1998 3179
161 51 187 79 v
197 52 223 85 2,
242 52 327 80 1—19
905 52 1079 88 CASINA
1734 55 1813 93 263

855 165 1115 207 OLYMPIO
1726 170 1768 209 V
1791 172 1813 208 2

159 233 293 284 Neque
324 238 400 283 quo
430 233 575 284 fugiam
606 245 734 284 neque
765 232 830 271 ubi
859 233 996 272 lateam
1021 245 1148 284 neque
1169 233 1244 272 hoc
1265 234 1432 274 dedecus
1456 247 1534 286 quo
1554 235 1670 274 modo
1693 237 1813 275 celem
1827 242 1883 275 875

159 299 252 347 scio,
285 302 433 339 tentum
465 313 554 339 erus
584 308 700 351 atque
731 313 803 350 ego
833 301 977 351 flagitio
1007 300 1272 351 superavimus
1304 301 1451 352 nuptiis
1481 302 1637 349 nostris,

159 365 211 405 ita
240 369 348 405 nunc
383 368 510 418 pudeo
542 374 657 418 atque
688 369 738 406 ita
770 370 878 406 mine
908 380 1028 418 paveo
1051 374 1166 418 atque
1196 368 1248 407 ita
1279 368 1487 407 inridiculo
1518 382 1654 409 sumus
1684 369 1812 409 Ambo.

158 434 224 472 sed
235 446 307 484 ego
323 434 513 486 insipiens
524 447 620 474 nova
633 437 740 474 nune
757 424 876 473 facio:
894 435 1015 485 pudet
1032 437 1146 485 quem
1163 435 1271 485 prius
1286 448 1365 474 non
1383 435 1560 486 puditum
1577 440 1809 488 umquamst.

159 504 316 551 operem
347 501 445 548 date,
477 501 567 540 dum
599 514 683 540 mea
712 502 811 540 faeta
842 501 960 540 itero:
994 508 1052 540 est
1073 505 1214 552 operae
1239 502 1408 552 pretium
1430 503 1589 544 auribus
1618 504 1811 556 decipere,

156 567 206 606 ita
236 569 396 607 ridicula
426 568 571 615 auditu,
601 571 741 607 iteratu
771 580 815 606 ea
845 570 938 607 sunt
968 580 1066 618 quae
1097 580 1168 619 ego
1200 569 1306 607 intus
1335 568 1500 608 turbavi.
1823 577 1879 609 830

156 634 223 673 uhi
252 635 357 673 intro
387 635 488 674 hanc
518 647 658 674 novam
687 641 847 686 nuptam
879 634 1031 681 deduxi,
1064 638 1168 673 recta
1198 635 1256 674 via
1287 635 1325 674 in
1361 637 1542 676 conclave
1574 637 1727 677 abduxi.

155 701 221 740 sed
241 702 424 740 tenebrae
440 701 490 740 ihi
509 705 874 753 eranttamquamin
889 708 1029 752 puteo;
1047 701 1139 740 dum
1149 705 1268 742 senex
1279 699 1618 743 abest‘decumbe’
1638 708 1810 756 inquam.

267 769 429 808 conloco
460 769 578 808 fulcio
609 769 740 808 mollio
771 769 961 815 blendion

265 838 308 874 ut
339 836 447 886 prior
476 839 591 887 quem
623 849 742 876 senex
773 835 952 891 unp<tias
981 834 1238 890 perpetrem).

263 904 397 943 tardus
427 916 511 943 esse
540 905 630 943 ilico
662 905 785 956 coepi,
817 905 1000 956 quoniam
1037 919 1056 942 ε
1823 913 1879 945 885

151 977 328 1022 respecto
358 971 583 1018 identidem,
615 984 664 1010 ne
693 984 812 1011 senex
843 986 864 1009 a<

151 1038 389 1078 inlecebram
420 1039 544 1090 stupri
575 1039 768 1090 principio
802 1052 883 1079 eam
916 1039 1060 1078 savium
1093 1051 1226 1090 posco,

151 1106 322 1157 reppulit
351 1105 444 1145 mihi
475 1117 647 1152 manum,
755 1109 884 1157 neque
916 1107 1018 1145 enim
1052 1106 1143 1144 dare
1173 1105 1246 1145 sibi
1360 1106 1508 1145 savium
1537 1118 1599 1145 me
1630 1107 1728 1146 sivit.

151 1174 254 1212 enim
286 1174 362 1212 ἰείη]
393 1173 513 1224 magis
543 1172 774 1224 adpropero,
805 1174 926 1224 magis
956 1174 1029 1212 iam
1062 1173 1156 1212 libet
1185 1176 1225 1212 in
1259 1172 1436 1213 Casinam
1467 1174 1627 1213 inruere
1659 1188 1681 1212 *
1739 1181 1808 1214 889.
1822 1181 1878 1214 890

151 1241 266 1292 cupio
298 1241 402 1279 illam
434 1252 592 1292 operam
618 1241 702 1279 seni
724 1241 935 1293 sfflffipere,
968 1242 1090 1279 sorem
1113 1242 1226 1289 obdo‚
1259 1253 1309 1280 ne
1331 1253 1450 1280 senex
1470 1253 1532 1280 me
1555 1242 1807 1293 opprimeret.

261 1307 408 1348 MYRR.
431 1294 618 1358 Agedum,
636 1308 875 1348 tuadihunc.
912 1308 1061 1348 CLEOS.
1083 1294 1270 1359 Opsecro,
1344 1308 1486 1348 ubitua
1504 1321 1601 1347 nova
1621 1309 1808 1360 nuptast?

262 1375 336 1415 OL.
359 1376 459 1414 Perii
476 1375 607 1414 hercle
625 1387 708 1425 ego,
727 1376 1020 1416 manifestares,
1067 1375 1215 1415 CLEOS.
1238 1376 1404 1415 Omnem
1423 1376 1559 1415 ordine
1576 1388 1659 1414 rem
1685 1383 1877 1417 893—895

265 1443 374 1482 fateri
407 1455 499 1492 ergo
531 1455 695 1493 aequom
729 1449 798 1482 est.
850 1443 941 1493 quid
973 1443 1078 1481 intus
1109 1441 1264 1492 agitur?
1296 1443 1387 1493 quid
1419 1443 1496 1493 agit
1526 1443 1694 1483 Casina?

261 1566 325 1598 875
353 1563 524 1598 Ommmo
549 1564 591 1605 A,
617 1563 753 1598 SEvas
777 1573 892 1597 EIDEM
917 1562 952 1597 P
1054 1566 1117 1597 876
1143 1574 1224 1598 erus
1248 1564 1297 1598 A:
1326 1563 1402 1598 frus
1428 1562 1462 1597 P
1557 1567 1619 1598 877
1644 1565 1697 1600 ita
1720 1565 1806 1600 inri-

149 1619 306 1655 diculum
331 1619 374 1662 P,
397 1619 589 1654 inridiquo
614 1621 644 1653 A
749 1621 813 1653 878
838 1630 940 1663 quem
966 1620 1017 1653 A:
1042 1630 1109 1663 que
1133 1618 1168 1652 P
1271 1619 1473 1664 puditumst
1497 1631 1664 1664 umquam
1688 1623 1719 1656 A

149 1679 212 1711 879
239 1686 349 1721 opera
372 1674 407 1709 P
542 1686 673 1720 operae
697 1675 852 1720 pretium
885 1675 1032 1710 auribus
1057 1676 1223 1720 accipere
1248 1678 1300 1710 A:
1332 1686 1440 1719 opere
1464 1676 1613 1711 auribus
1639 1677 1808 1722 accipere

158 1731 190 1768 V
190 1731 233 1774 E,
251 1743 359 1777 opere
376 1731 525 1766 auribus
542 1731 728 1775 percipere
748 1730 780 1764 Β
788 1744 800 1771 ;
826 1731 875 1775 cf.
894 1731 989 1765 mn.
1008 1733 1086 1765 828
1157 1733 1222 1766 880
1239 1731 1386 1767 turbaui
1398 1732 1446 1766 A:
1470 1735 1510 1766 tu
1523 1731 1558 1765 P
1627 1735 1686 1767 881
1707 1735 1808 1768 recta

147 1789 209 1824 uia
238 1789 277 1823 in
309 1788 482 1823 conclaue
506 1789 554 1822 A:
584 1787 645 1822 uia
675 1789 776 1821 recta
808 1791 842 1821 et
859 1791 948 1832 post
975 1792 1069 1832 spat.
1096 1788 1233 1822 clauem
1258 1787 1293 1821 P
1426 1787 1562 1822 abduxi
1589 1798 1642 1833 sq.
1669 1799 1807 1823 versum

145 1844 291 1880 incohat
314 1843 350 1878 P
439 1845 503 1878 882
529 1844 592 1877 sed
617 1842 827 1888 Vssinqms:
859 1843 923 1877 sed
947 1846 1068 1878 tamen
1092 1843 1170 1886 ΑΡ,
1195 1844 1258 1879 sed
1282 1846 1357 1879 tum
1382 1843 1535 1879 schedae
1561 1843 1718 1879 Turnebi

146 1903 185 1936 in
207 1902 317 1946 puteo
343 1900 427 1934 dum
452 1899 522 1941 (ch
543 1902 630 1941 tum,
656 1910 727 1933 non
755 1902 847 1940 cum)
872 1901 922 1934 A:
948 1910 1014 1934 om.
1040 1899 1074 1933 P
1199 1911 1309 1935 senex
1332 1900 1439 1944 adest
1462 1900 1636 1935 decumbe
1660 1901 1806 1945 inquam

146 1960 198 1992 A:
220 1968 292 1992 nex
315 1960 394 1999 (nec
411 1955 471 1998 ΒΞ,
496 1966 569 1990 nox
587 1966 678 1989 aser.
703 1955 765 1996 ΒΞ,
791 1966 900 1990 senex
923 1955 996 1990 sch.
1019 1955 1070 1998 T.)
1095 1956 1197 1990 abste
1222 1957 1396 1991 decumbe
1419 1957 1457 1990 in
1482 1957 1703 1996 (decumbem
1723 1956 1805 1996 ΕΓ,

145 2013 218 2049 sch.
253 2013 304 2055 T.)
329 2012 364 2047 P
499 2014 562 2046 883
595 2011 760 2057 blandior
788 2014 839 2045 A:
869 2022 936 2045 om.
963 2010 998 2045 P
1133 2015 1309 2047 ssi—956
1341 2013 1508 2058 deficit
1532 2014 1582 2054 A,
1612 2012 1729 2048 locum
1756 2013 1806 2047 la—

147 2080 265 2105 cerum
290 2069 397 2104 habet
412 2067 456 2111 P,
478 2079 546 2114 per
569 2068 689 2115 spatia
710 2067 923 2113 plerumque
947 2068 1087 2103 lacunis
1111 2069 1298 2109 indicatis;
1321 2068 1384 2102 ubi
1406 2068 1506 2113 quod
1527 2069 1702 2103 sententia
1725 2069 1806 2113 fere

146 2137 219 2161 non
241 2125 392 2161 obscura
409 2128 474 2166 est,
498 2128 648 2158 metrum
672 2133 781 2169 saepe
804 2124 990 2165 incertum,
1014 2124 1265 2170 supplementa
1282 2135 1494 2171 proponere
1518 2124 1610 2158 m'ln'l
1632 2125 1762 2160 attinet

147 2185 213 2217 884
235 2181 415 2228 supplevit
439 2179 643 2215 Schocllc'us
746 2182 811 2214 886
835 2180 1032 2215 identidem
1056 2191 1101 2215 ne
1127 2191 1236 2215 senex
1261 2191 1328 2215 om.
1355 2180 1390 2215 B
1499 2182 1561 2215 887
1587 2180 1804 2215 incelebram

153 2237 231 2278 VE,
254 2237 471 2272 incelebrem
489 2236 539 2271 B²
629 2236 721 2281 fort.
747 2237 769 2261 —'
782 2251 809 2265 υ
820 2250 848 2265 ψ
863 2257 888 2260 -
902 2251 929 2265 ψ
942 2253 965 2265 0
982 2255 1011 2260 —
1025 2250 1051 2265 υ
1065 2251 1092 2265 υ
1105 2256 1130 2259 -
1204 2257 1229 2260 -
1243 2238 1266 2261 -’
1280 2252 1306 2266 υ
1319 2252 1347 2266 υ
1360 2256 1388 2261 -
1405 2257 1427 2259 —
1536 2238 1600 2270 888
1626 2237 1675 2280 cf.
1696 2236 1805 2281 Seyf-

143 2294 266 2339 fertus
287 2294 381 2328 Berl.
394 2293 486 2340 phil.
504 2303 545 2328 m.
562 2293 669 2334 1891,
697 2294 742 2326 78
833 2292 967 2336 repulit
990 2292 1024 2326 B
1118 2295 1192 2327 889.
1221 2296 1283 2327 890
1308 2293 1380 2327 iam
1403 2292 1515 2336 magis
1536 2291 1708 2326 Bothz'us:
1733 2292 1805 2327 iam

145 2351 256 2395 magis
289 2351 377 2394 iam3
411 2351 462 2395 cf.
487 2349 536 2384 ad
565 2349 640 2384 Mil.
674 2350 749 2382 323
889 2351 950 2383 891
986 2349 1098 2384 forem
1130 2349 1242 2384 obd0:
1276 2349 1326 2393 cf.
1347 2348 1406 2384 Oc.
1432 2360 1480 2384 esc
1504 2348 1609 2383 Pont.
1627 2350 1664 2389 2,
1690 2350 1726 2387 2,
1752 2349 1804 2382 40

143 2407 234 2452 fasc.
260 2408 291 2450 1,
316 2407 390 2440 281
415 2405 633 2452 (Seyfferlus
657 2405 678 2440 l.
703 2417 730 2441 s.
753 2407 852 2447 113);
874 2406 966 2450 sort.
993 2405 1146 2440 formido
1170 2406 1243 2441 sive
1267 2410 1372 2451 (quac
1396 2416 1468 2439 non
1493 2415 1570 2440 mea
1595 2406 1803 2439 coniectura

146 2466 212 2505 est)
236 2473 382 2508 operam
407 2463 452 2497 do
556 2467 746 2508 sequentes
769 2472 893 2497 versus
917 2462 1050 2507 inteqre·
1073 2472 1149 2497 esse
1173 2462 1351 2502 videntur,
1376 2467 1494 2495 lamen
1520 2459 1562 2494 de
1587 2458 1804 2502 opprimeret

146 2518 306 2554 dubitari
319 2522 445 2565 potest
559 2521 624 2553 892
649 2529 762 2564 usque
785 2518 834 2553 ad
853 2518 962 2562 finem
987 2528 1139 2553 scaenae
1160 2528 1258 2563 pers.
1283 2522 1390 2552 notae
1414 2516 1547 2559 nullae,
1573 2513 1712 2548 addidit
1737 2513 1802 2548 Ca-

145 2575 322 2610 merarius
352 2574 588 2617 (Cleostratae
605 2579 736 2620 partes
759 2574 996 2609 Pardaliscae
1026 2573 1125 2609 dedit
1152 2573 1372 2614 Schoellius,
1405 2583 1477 2608 non
1501 2575 1597 2606 recte
1620 2581 1698 2605 mea
1722 2580 1803 2605 sen—

147 2631 271 2672 tentia)
372 2633 436 2666 892
461 2630 506 2666 de
528 2635 641 2666 metro
665 2642 695 2665 v.
723 2633 807 2667 934.
836 2632 919 2666 936.
947 2632 1031 2672 956,
1056 2630 1161 2665 Most.
1190 2631 1287 2671 893;
1310 2630 1413 2673 sequi
1434 2627 1600 2664 videntur
1622 2626 1694 2661 duo
1720 2625 1804 2661 Rei·

145 2686 246 2721 zz'ani
269 2687 375 2729 (alter
399 2687 488 2722 colis
511 2699 585 2723 non
609 2688 834 2734 seyr-effatis),
858 2686 986 2721 deinde
1009 2686 1154 2721 dimetri
1175 2685 1317 2721 iambici
1408 2687 1472 2718 895
1497 2694 1555 2718 res
1582 2681 1804 2728 Geppertus:

145 2753 204 2777 res
228 2745 284 2778 est
397 2754 536 2779 omnem
558 2744 597 2777 in
622 2744 793 2788 ordinem,
819 2754 912 2778 corr.
938 2756 956 2778 ς
1048 2745 1112 2777 896
1137 2752 1263 2787 aegum
1288 2739 1426 2781 BW'E,
1450 2750 1595 2784 aegrum
1624 2737 1684 2780 ΒΞ,
1709 2749 1803 2773 corr.

148 2798 374 2834 Camerarius
466 2799 590 2835 casina
612 2811 686 2845 seq.
711 2810 847 2835 versum
873 2799 1020 2834 incohat
