2018 3183
251 74 332 112 354
989 73 1169 110 PLAVTI
1729 74 1757 102 11
1775 74 1802 108 2,
1814 75 1916 104 50—70

253 192 339 232 cani
358 204 516 243 quoque
533 190 646 229 etiam
665 189 926 241 ademptumst
942 200 1100 227 nomen.
1131 188 1235 229 PER.
1267 187 1370 234 Qui?
1399 188 1475 229 ΕΡ.
1499 187 1648 228 Vocant
1663 188 1915 228 Laconicum.

258 261 352 300 baec
382 258 570 298 vocabula
601 257 806 296 auctiones
835 256 1025 307 subigunt
1055 262 1098 295 ut
1127 256 1272 295 saciant
1301 256 1415 296 viros.
1930 248 2002 297 235,ι

253 328 331 369 ΑΡ.
383 327 487 373 Quin
518 332 560 365 tu
593 331 636 364 ut
666 324 855 376 occepisti
884 322 1077 375 loquere?
1135 324 1209 363 ΕΡ.
1262 323 1463 375 Occepere
1493 324 1586 363 aliae
1615 324 1800 363 mulieres

254 397 354 436 duae
383 400 473 447 post
501 405 564 433 me
593 393 650 433 sic
680 392 844 432 fabulari
876 392 981 432 inter
1010 404 1096 431 sese
1126 414 1181 421 —-
1212 395 1284 442 ego
1315 392 1484 432 abscessi
1515 392 1643 432 sciens

254 463 413 515 paulum
443 461 490 500 ab
522 461 610 509 illis,
641 460 929 501 dissimulabam
963 472 1096 499 earum
1129 472 1290 512 operam
1321 460 1494 499 sermoni
1525 460 1639 508 dare;

257 543 329 571 nec
360 531 452 570 satis
484 528 726 577 exaudibam‚
759 541 833 568 nec
863 529 1059 569 sermonis
1090 527 1252 567 fallebar
1283 534 1428 575 tamen,

256 611 356 651 quae
386 598 656 649 loquerentur.
715 597 818 637 PER.
870 597 910 636 ld
942 597 1114 636 lubidost
1143 597 1258 636 scire.
1317 596 1393 636 ΕΡ.
1444 595 1502 634 Ibi
1533 595 1683 634 illarum
1716 594 1834 634 altera
1931 600 2013 654 24οξ

256 667 352 706 dixit
381 666 434 706 illi
458 666 617 717 quicum
639 665 721 716 ipsa
753 665 832 704 ibat
853 688 906 693 —
969 665 1086 716 (PER.
1124 662 1254 710 Quid?
1312 664 1388 704 Ep.
1428 663 1530 702 Tace
1562 675 1670 714 ergo,
1701 668 1745 701 ut
1774 660 1920 712 audias)

258 741 465 787 postquam
496 733 601 773 illam
631 739 724 773 sunt
755 733 1016 785 conspicatae,
1049 744 1164 783 quam
1197 739 1286 772 tuos
1316 737 1458 783 gnatus
1490 731 1662 783 deperit:

254 799 390 854 ‘quam
422 802 531 841 facile
563 807 601 841 et
632 814 748 853 quam
780 803 979 841 fortunate
1010 801 1140 840 evenit
1170 800 1237 848 illi,
1270 800 1448 846 obsecro,

259 870 427 918 mulieri,
459 881 575 921 quam
608 869 775 908 liberare
805 868 884 908 volt
915 865 1097 908 amator.’
1151 862 1349 919 ‘quisnam
1381 867 1413 906 is
1444 861 1546 906 est?'

258 939 387 989 inquit
417 937 534 976 altera
567 937 632 976 illi.
693 937 746 976 ibi
777 937 840 976 illa
872 937 1051 975 nominat
1081 935 1381 987 Stratippoclem
1936 938 1992 973 245

260 1005 492 1058 Periphanai
523 1005 659 1044 silium.
719 1005 821 1045 PER.
864 1005 965 1043 Perii
997 1004 1142 1044 hercle.
1204 1003 1295 1055 quid
1329 1015 1401 1054 ego
1433 1015 1479 1042 ex
1510 1008 1547 1041 te
1579 1000 1725 1042 audio?

258 1075 334 1115 ΕΡ.
385 1073 470 1113 Hoc
500 1073 603 1124 quod
635 1078 765 1111 actum
798 1079 868 1112 est.
929 1077 1085 1124 egomet
1116 1078 1321 1123 postquam
1353 1071 1390 1110 id
1421 1070 1505 1109 illas
1536 1069 1662 1109 audivi
1693 1069 1816 1120 loqui,

261 1142 371 1194 coepi
403 1152 561 1180 rursum
590 1152 749 1179 vorsum
780 1141 824 1179 ad
857 1140 941 1179 illas
973 1139 1211 1191 pauxillatim
1242 1139 1441 1185 accedere,

261 1211 370 1260 quasi
400 1209 622 1248 retruderet
650 1208 855 1247 hominum
887 1220 948 1247 me
980 1208 1035 1247 vis
1066 1207 1242 1246 invitum.
1303 1207 1406 1246 PER.
1458 1205 1658 1256 Intellego.

260 1279 335 1318 ΕΡ.
386 1277 443 1316 Ibi
474 1277 537 1316 illa
568 1276 823 1327 interrogavit
852 1276 977 1315 illam:
1004 1271 1090 1326 ‘qui
1126 1273 1232 1314 scis?
1264 1275 1351 1326 quis
1382 1275 1417 1313 id
1450 1273 1547 1313 dixit
1575 1266 1690 1312 tibi?’
1938 1275 1998 1310 250

256 1342 370 1397 ‘quin
403 1346 519 1384 hodie
549 1345 696 1384 adlatae
726 1344 890 1383 tabellae
922 1350 1015 1383 sunt
1045 1344 1091 1382 ad
1123 1354 1205 1381 eam
1238 1355 1258 1381 a
1290 1342 1565 1393 Stratippocle,

262 1426 350 1453 eum
383 1419 588 1465 argentum
620 1413 834 1463 sumpsisse
865 1412 967 1464 apud
999 1411 1154 1450 Thebas
1184 1411 1232 1449 ab
1264 1410 1414 1449 danista
1445 1411 1617 1456 faenore,

262 1483 297 1521 id
330 1488 508 1534 paratum
540 1487 579 1520 et
608 1494 692 1520 sese
724 1480 773 1518 ob
805 1492 887 1519 eam
921 1492 1002 1518 rem
1035 1479 1072 1518 id
1104 1480 1220 1517 serre.
1285 1479 1387 1518 PER.
1429 1477 1544 1517 Certo
1576 1489 1647 1527 ego
1680 1475 1817 1515 occidi.

262 1550 335 1591 ΕΡ.
387 1549 494 1588 Haec
523 1549 579 1588 sic
609 1548 728 1587 aibat:
761 1548 817 1587 sic
847 1548 1039 1587 audivisse
1071 1559 1116 1585 ex
1149 1559 1265 1598 eapse
1296 1552 1413 1596 atque
1444 1545 1622 1597 epistula.

261 1619 365 1658 PER.
416 1616 515 1663 Quid
549 1629 622 1668 ego
656 1628 762 1655 nunc
794 1614 960 1654 faciam?
995 1615 1203 1654 consilium
1236 1626 1255 1652 a
1288 1621 1325 1652 te
1356 1620 1572 1665 expeteSSO‚
1604 1612 1832 1663 Apoecides.
1943 1613 1999 1648 2⁵5

263 1722 306 1757 (v.
342 1717 423 1758 114)
457 1716 583 1750 aa'lato
621 1715 720 1760 quod
754 1720 945 1760 utramque
975 1713 1194 1761 prosodiam
1223 1714 1376 1759 patitur)
1385 1726 1399 1754 ;
1442 1712 1490 1747 ia.
1528 1713 1604 1746 540
1645 1711 1834 1757 plumatile
1869 1713 1932 1746 aut

265 1774 448 1809 clauatum
487 1774 553 1807 aut
588 1783 633 1807 ex
668 1771 798 1816 plumis
831 1771 978 1806 factum.
1015 1771 1068 1805 Pl.
1106 1771 1144 1804 in
1181 1771 1224 1805 Ε.
1253 1768 1359 1805 ‘cum.
1397 1772 1462 1804 aut
1496 1767 1556 1814 pl?
1683 1767 1848 1809 carinum
1883 1767 1934 1802 A:

264 1830 429 1874 garinum
446 1828 490 1869 P,
507 1828 558 1873 cf.
576 1827 659 1863 Aul.
676 1828 746 1862 510
840 1828 1000 1862 cerinum
1018 1826 1161 1861 Nonius
1179 1826 1270 1860 549:
1285 1826 1469 1870 gerrinum
1486 1824 1555 1860 ΛΡ
1569 1824 1779 1869 (gerrinium
1794 1821 1846 1866 E)

265 1887 314 1921 ad
337 1880 485 1929 κύματα
503 1885 643 1930 aptavit
667 1882 856 1928 cumatile,
880 1885 958 1919 eias
975 1883 1181 1928 analoyz'am
1207 1883 1371 1928 sequitur
1386 1881 1576 1927 plumatile
1601 1880 1714 1927 (quod
1737 1880 1786 1915 act
1808 1876 1933 1923 πλύμα

265 1942 384 1988 refert
401 1941 650 1977 Stomasseras
666 1940 761 1976 stad.
786 1939 938 1976 Vindob.
959 1940 993 1981 6,
1009 1940 1119 1980 214),·
1143 1935 1312 1974 cziri‘num
1328 1936 1510 1985 καρέινον
1526 1942 1578 1973 est
1595 1936 1935 1980 (lVilamomitzias),

266 2000 299 2033 ei
324 1998 537 2034 assimilavit
563 1995 725 2033 cerinum
750 2009 772 2031 a
798 2008 894 2038 cera,
920 1997 981 2031 oui
1004 2001 1179 2031 assonant
1197 2006 1334 2041 gerrae,
1359 1998 1481 2030 omnia
1506 1995 1641 2030 comice
1734 1995 1801 2029 234
1824 1992 1935 2039 adep-

266 2058 343 2091 tust
367 2057 398 2090 A
489 2054 558 2089 ΕΡ,
585 2074 628 2080 -
652 2054 741 2089 PER.
765 2053 800 2088 P
890 2052 1048 2098 eubeant
1071 2054 1102 2087 A
1196 2055 1260 2087 235
1286 2052 1474 2087 auetiones
1502 2051 1547 2093 B,
1573 2053 1638 2086 aut
1661 2050 1778 2086 tiones
1804 2049 1849 2091 E,
1873 2051 1937 2086 aut

268 2113 390 2147 ciones
424 2111 454 2145 V
544 2111 615 2146 uiri
645 2110 698 2151 P,·
734 2110 783 2154 of.
812 2111 888 2145 606
1005 2111 1069 2142 236
1106 2109 1273 2154 occipere
1298 2108 1428 2143 B¹VE
1541 2112 1604 2144 237
1639 2117 1732 2153 quae
1767 2106 1820 2142 sic
1853 2107 1938 2151 post

267 2179 324 2203 me
348 2169 379 2204 A
472 2168 637 2202 fabulare
661 2168 693 2201 A
786 2167 929 2202 abcessi
953 2166 1073 2201 solens
1100 2165 1133 2198 P
1224 2167 1288 2199 238
1314 2175 1438 2200 earum
1463 2176 1611 2210 operam
1634 2163 1791 2200 sermoni
1807 2163 1859 2198 A:
1880 2172 1937 2198 me

268 2226 396 2260 harum
421 2225 577 2259 sermoni
601 2234 748 2269 operam
773 2223 808 2257 P
899 2225 962 2257 239
988 2222 1228 2257 exaudiebam
1253 2225 1283 2256 A
1386 2225 1450 2257 244
1476 2233 1583 2266 quam
1606 2221 1761 2256 liberare
1786 2219 1866 2254 uult
1889 2219 1937 2254 A:

268 2281 406 2316 liberae
429 2280 598 2321 (liberare
626 2281 687 2321 ΒΞ,
713 2291 782 2315 om.
810 2279 872 2321 13¹)
897 2289 1002 2324 quam
1028 2278 1107 2313 uult
1126 2277 1160 2312 P
1225 2278 1263 2312 ἱη
1288 2278 1357 2314 Ιιοο
1382 2289 1486 2313 versa
1511 2278 1610 2313 (lesi
1618 2278 1663 2312 ni
1670 2281 1683 2311 t
1714 2276 1756 2318 V,
1781 2277 1817 2310 in
1835 2277 1938 2310 cuius

269 2338 379 2373 vicem
403 2335 614 2373 succedet]
633 2336 900 2380 (Londinensis)
1018 2337 1081 2369 245
1107 2335 1233 2379 inquid
1250 2337 1281 2370 A
1373 2335 1437 2370 illa
1460 2334 1697 2370 Rilsclzelz'us:
1721 2333 1774 2368 illi
1798 2333 1842 2374 A,
1868 2342 1937 2367 om.

270 2393 305 2429 P
383 2393 681 2438 strathippoclem
699 2394 742 2434 A,
760 2392 1023 2437 stratippodem
1040 2391 1141 2433 (-den
1160 2391 1208 2433 B)
1227 2390 1308 2432 BE,
1326 2391 1589 2436 stratiphoclen
1607 2389 1632 2425 I
1649 2390 1746 2432 (item
1764 2389 1849 2432 251)

271 2453 335 2485 246
360 2450 560 2496 periphane
585 2453 660 2495 (—‹3
685 2448 772 2491 132)
797 2448 840 2491 l),
865 2449 1021 2494 perifani
1046 2451 1089 2491 A,
1118 2459 1214 2482 corr.
1240 2448 1457 2483 Ritsclzelz‘us
1556 2448 1637 2493 peri
1660 2449 1691 2482 A
1794 2448 1858 2481 247
1883 2446 1938 2481 est

272 2518 340 2541 om.
357 2505 393 2541 P
459 2509 651 2551 postquam
667 2506 705 2541 id
718 2507 769 2541 A:
786 2508 871 2550 post
887 2505 938 2540 ibi
952 2505 986 2539 l’
1077 2506 1141 2539 248
1159 2515 1301 2539 versum
1314 2506 1344 2540 A
1414 2504 1638 2550 pausillatim
1650 2504 1692 2545 A,
1709 2503 1822 2549 qloss
1836 2501 1893 2538 Pl.

273 2566 336 2598 250
363 2563 458 2608 quis:
486 2564 546 2607 qui
571 2565 601 2598 A
695 2565 756 2597 251
785 2562 871 2607 quin
896 2561 978 2597 AP:
1003 2561 1088 2606 quia
1105 2560 1263 2596 Bollae‘us
1355 2561 1490 2596 allatae
1514 2563 1600 2596 sunt
1622 2560 1778 2596 tabellae
1806 2558 1848 2601 P,
1873 2558 1937 2594 ad-

271 2619 369 2655 latae
393 2619 550 2655 tabellae
574 2622 617 2661 A,
642 2631 737 2656 corr.
766 2618 916 2654 Gutetus
1009 2617 1284 2662 stratbippocl[e
1301 2619 1332 2652 A
1426 2619 1605 2652 252-449
1630 2616 1794 2652 desunt
1817 2617 1849 2651 A

274 2678 338 2710 253
365 2676 410 2711 ob
435 2687 515 2711 eam
544 2687 620 2711 rem
644 2671 723 2713 α’πὸ
756 2678 890 2712 κοινοῦ
913 2675 976 2720 (cf.
1003 2674 1134 2709 Pseud.
1154 2675 1238 2715 543)
1331 2675 1431 2708 certo
1458 2672 1753 2718 Kampmannus:
1777 2672 1866 2707 cedo
1891 2669 1938 2714 B,

274 2733 361 2768 cede
379 2732 411 2773 I,
437 2743 504 2767 om.
527 2732 563 2773 Ε
653 2735 719 2767 254
743 2732 866 2767 aiebat
957 2741 1002 2766 ex
1027 2741 1137 2776 eapse
1162 2729 1458 2776 Kampmannus:
1482 2740 1521 2764 se
1546 2730 1632 2764 abse
1722 2732 1808 2773 post
1831 2730 1940 2773 atquo
1990 2738 1991 2742 ¹

274 2799 367 2823 cras.
393 2789 439 2825 ab
464 2789 499 2824 B
594 2791 657 2823 255
683 2799 779 2823 nunc
805 2788 937 2823 faciam
961 2786 1166 2833 Seyffertus
1191 2787 1227 2822 in
1246 2787 1374 2832 praef.
1402 2787 1504 2821 Cure.
1530 2786 1583 2822 ed.
1604 2784 1644 2820 G.
1661 2797 1698 2832 p.
1716 2786 1776 2827 18,
1801 2783 1938 2820 Keller-

276 2844 416 2889 hoffius
440 2846 475 2880 in
503 2845 743 2881 Studemunclt
766 2845 861 2880 stud.
878 2846 916 2886 2,
936 2846 997 2879 55:
1024 2844 1156 2880 faciam
1180 2853 1276 2878 nunc
