2018 3183
219 96 298 134 446
957 100 1139 137 PLAVTI
1699 107 1726 134 11
1747 109 1886 141 1,11—37

491 211 589 250 male
621 212 714 251 mihi
746 220 931 264 precatur
961 221 999 254 et
1029 215 1119 254 facit
1148 217 1390 256 convicium:

489 280 542 318 ait
573 282 658 319 sese
689 280 791 320 illius
823 293 940 334 opera
972 289 1089 334 atque
1119 284 1287 324 adventu
1318 298 1458 337 caprae

490 347 676 397 flagitium
708 355 747 387 et
776 347 962 388 damnum
992 350 1130 390 secisse
1162 350 1264 391 haud
1294 353 1564 400 mediocrum

487 414 580 453 dicit
610 427 780 467 capram,
812 428 926 467 quam
958 417 1142 457 dederam
1174 419 1402 459 servandam
1432 421 1520 469 sibi,

491 484 582 521 suae
614 483 749 523 uxoris
780 484 908 523 dotem
940 484 1159 526 ambedisse
1189 486 1349 539 oppido.

487 549 539 588 mi
570 550 663 589 illud
695 551 814 590 videri
845 552 1001 599 mirum,
1034 560 1077 592 ut
1108 566 1184 593 una
1215 554 1325 594 illaec
1356 567 1469 607 capra

485 618 616 657 uxoris
646 619 770 658 simiai
801 619 930 659 dotem
963 620 1193 661 ambederit.

488 684 635 725 instare
667 687 810 726 factum
842 687 966 735 simia,
996 695 1114 740 atque
1145 690 1220 729 hoc
1250 690 1422 741 denique

489 753 717 805 respondet,
751 755 789 794 ni
821 767 1033 807 properem
1065 756 1168 796 illam
1199 757 1248 796 ab
1279 771 1365 798 sese
1396 758 1602 806 abducere,

488 821 534 860 ad
566 833 628 861 me
659 822 818 862 domum
851 823 956 863 intro
988 824 1034 863 ad
1068 828 1229 864 uxorem
1261 826 1469 866 ducturum
1501 839 1638 866 meam.

487 895 603 940 atquc
635 890 779 942 oppido
811 890 944 930 hercle
975 890 1077 931 bene
1107 892 1204 932 velle
1234 893 1288 932 illi
1319 894 1423 934 visus
1454 907 1553 942 sum,

488 963 545 996 ast
577 969 655 996 non
688 957 834 997 habere
866 959 929 997 cui
961 959 1278 1000 commendarem
1309 973 1489 1013 capram3

487 1037 566 1075 quo
600 1025 723 1077 magis
753 1026 846 1077 quid
878 1028 1048 1066 facerem
1080 1039 1174 1067 cui-a
1206 1029 1411 1069 cruciabar
1442 1031 1570 1073 miser.

490 1092 638 1131 interea
670 1093 717 1132 ad
748 1106 809 1133 me
840 1094 986 1134 haedus
1018 1095 1138 1135 visust
1167 1095 1418 1148 adgrediiier,

487 1160 574 1199 infit
604 1161 698 1200 mihi
729 1162 966 1213 praedicare,
998 1176 1083 1202 sese
1114 1163 1163 1202 ab
1193 1164 1304 1203 simia

486 1240 643 1280 capram
675 1229 894 1278 abduxisse,
927 1238 965 1270 et
995 1231 1126 1283 coepit
1156 1232 1328 1272 inridere
1359 1245 1442 1282 me3

488 1308 561 1348 ego
593 1297 697 1336 enim
729 1297 865 1349 lugere
896 1305 1013 1350 atque
1044 1299 1250 1339 abductam
1283 1301 1385 1340 illam
1417 1313 1532 1353 aegre
1564 1304 1655 1354 pati.

487 1365 560 1404 hoc
591 1377 707 1416 quam
738 1366 783 1405 ad
814 1379 897 1406 rem
929 1368 1084 1406 credam
1115 1369 1315 1420 pertinere
1345 1370 1555 1418 somnium,

489 1445 643 1483 nequeo
675 1434 874 1481 invenire3
906 1435 980 1474 nisi
1012 1447 1168 1487 capram
1200 1436 1301 1475 illam
1333 1437 1512 1490 suspicor

486 1500 561 1538 iam
593 1513 654 1539 me
685 1500 881 1541 invenisse
912 1514 1012 1553 quae
1042 1503 1092 1542 sit
1120 1510 1187 1542 aut
1217 1503 1308 1554 quid
1339 1504 1517 1544 voluerit.

488 1568 533 1606 ad
566 1576 726 1619 portum
758 1569 851 1609 hinc
881 1569 957 1609 abii
989 1583 1103 1609 mane
1135 1583 1222 1610 cum
1255 1571 1333 1611 luci
1364 1572 1498 1621 simul;

486 1643 695 1688 postquam
727 1637 763 1676 id
796 1638 900 1688 quod
933 1638 1036 1677 volui
1068 1639 1254 1690 transegi,
1286 1645 1403 1691 atque
1434 1652 1507 1691 ego
1539 1642 1750 1693 conspicor

488 1716 623 1743 navem
655 1717 701 1743 ex
732 1705 870 1744 Rhodo
902 1714 1018 1757 quast
1049 1707 1131 1747 heri
1162 1707 1344 1747 advectus
1375 1707 1476 1747 filius
1488 1720 1498 1756 ;

485 1771 758 1813 conlibitumst
788 1773 879 1813 illuc
912 1774 1006 1813 mihi
1039 1774 1172 1814 nescio
1204 1776 1270 1827 qui
1301 1776 1447 1816 visere:

485 1840 675 1880 inscendo
709 1841 746 1880 in
780 1841 954 1881 lembum
984 1845 1102 1894 atque
1133 1843 1179 1882 ad
1212 1856 1349 1883 navem
1381 1844 1562 1884 devehor.

484 1915 602 1960 atque
633 1911 706 1960 ego
738 1909 792 1949 illi
822 1911 967 1962 aspicio
998 1912 1123 1950 forma
1155 1912 1293 1951 eximia
1325 1913 1544 1961 mulierem,

488 1975 590 2015 filius
621 1989 737 2027 quam
769 1978 920 2018 advexit
951 1991 1061 2018 meus
1092 1980 1204 2018 matri
1235 1980 1414 2019 ancillam
1447 1993 1552 2019 suae.

326 2145 391 2177 236
410 2153 489 2178 sese
502 2143 600 2179 illius
617 2144 694 2180 CB:
713 2155 752 2180 se
768 2145 865 2180 illius
880 2156 1026 2191 capram
1041 2146 1075 2181 Β
1145 2149 1210 2182 239
1224 2147 1426 2192 ampedisse
1442 2147 1477 2187 C,
1495 2148 1743 2183 ambededisse
1757 2147 1792 2183 B

213 2201 278 2233 240
302 2199 409 2234 illaec
430 2198 507 2235 CD:
530 2200 664 2235 ancilla
681 2204 718 2236 et
735 2211 807 2236 una
827 2201 859 2236 Β
931 2204 993 2237 241
1021 2202 1146 2238 simiae
1165 2202 1236 2244 ΟΒ,
1262 2204 1367 2238 simia
1385 2203 1421 2238 Β
1489 2203 1574 2239 dote
1598 2204 1740 2241 dederit
1757 2204 1793 2240 B

214 2258 279 2289 244
301 2257 351 2290 At
370 2255 404 2290 Β
495 2266 613 2291 meum
632 2255 709 2291 ΟΒι
802 2260 879 2292 245.
906 2261 972 2292 246
996 2259 1137 2294 inverso
1157 2259 1296 2302 ordine,
1321 2269 1416 2294 corr.
1436 2258 1648 2295 Gulielmius
1738 2264 1804 2297 245
1828 2261 1884 2297 ini

211 2312 289 2347 scil.
316 2322 449 2357 caprae
554 2315 619 2347 246
645 2317 703 2349 ast
726 2313 775 2357 cf.
801 2314 850 2348 ad
875 2313 977 2360 Capt.
1006 2315 1081 2349 683
1188 2318 1251 2350 247
1280 2316 1444 2362 Incipit
1468 2318 1499 2351 A
1522 2316 1568 2361 (f.
1592 2318 1708 2360 2890
1811 2329 1883 2364 qua

211 2368 325 2412 magis
342 2369 386 2411 A,
411 2368 507 2414 quod
530 2369 606 2412 agis
625 2368 668 2411 P,
693 2381 789 2405 corr.
808 2370 1038 2405 Camerarius
1130 2374 1195 2406 249
1221 2382 1319 2407 sesse
1336 2374 1366 2407 A
1460 2375 1525 2406 250
1549 2373 1744 2409 adduxisse
1760 2376 1792 2409 A

212 2424 362 2460 inrideri
387 2427 418 2460 A
511 2428 574 2460 251
602 2431 640 2460 ue
663 2437 690 2460 s.
709 2428 761 2461 A:
784 2430 893 2471 atque
917 2426 1015 2462 illam
1040 2427 1234 2464 abductam
1259 2429 1430 2473 conqueri
1458 2428 1529 2470 ΟΒ,
1553 2433 1662 2474 atque
1685 2430 1881 2466 abductam

214 2481 379 2525 conquiri
405 2481 439 2516 Β
533 2485 713 2518 254-265
739 2484 868 2519 iterum
892 2484 1021 2529 scripti
1045 2488 1176 2519 extant
1198 2485 1236 2518 in
1261 2484 1334 2519 alio
1349 2485 1445 2529 solio
1463 2485 1596 2521 codicis
1612 2487 1644 2520 A
1668 2485 1730 2530 (a),
1754 2486 1792 2521 in
1809 2497 1881 2532 quo

206 2544 360 2582 praeter
383 2539 591 2573 262—265
610 2550 800 2586 perpauca
825 2539 899 2585 leqi
916 2544 1072 2585 possunt
1181 2542 1244 2575 255
1269 2540 1342 2585 luci
1366 2543 1410 2582 A,
1434 2541 1516 2576 luce
1540 2539 1576 2575 P
1680 2544 1745 2577 256
1769 2541 1808 2577 id
1833 2543 1882 2578 A:

213 2593 251 2628 id
276 2593 337 2629 hic
363 2593 418 2636 B,
450 2594 510 2630 hic
535 2595 573 2629 id
599 2595 660 2631 ΟΒ
774 2599 884 2640 atque
908 2594 957 2630 P:
980 2596 1032 2630 ibi
1055 2598 1107 2636 A,·
1138 2596 1188 2641 cf.
1214 2596 1372 2632 Balerus
1395 2596 1440 2632 de
1464 2596 1520 2632 Pl.
1542 2597 1622 2642 fab.
1646 2608 1717 2632 rec.
1743 2598 1793 2632 56

214 2653 277 2685 257
303 2652 356 2686 sic
379 2650 447 2687 ΑΡ
469 2651 571 2693 (rodo
599 2651 650 2693 B,
679 2651 803 2687 nauim
830 2651 907 2693 ΟΒ,
937 2652 1020 2687 ilem
1043 2654 1134 2695 259)
1158 2652 1371 2689 Priscianus
1394 2655 1432 2695 2,
1461 2654 1511 2688 67
1621 2665 1694 2699 qua.
1724 2654 1802 2690 heri
1826 2657 1882 2690 est

215 2706 443 2743 Camerarius
537 2710 601 2742 258
628 2707 865 2744 conlibitunst
888 2708 920 2742 A
1012 2708 1099 2744 illuc
1118 2709 1170 2744 A:
1192 2709 1284 2744 illud
1310 2708 1382 2751 ΟΒ,
1408 2720 1475 2744 om.
1503 2709 1537 2744 B
1630 2713 1695 2746 259
1719 2715 1758 2746 ut
1781 2722 1810 2746 s.
1828 2712 1881 2746 A:

213 2763 361 2798 ascendi
377 2763 415 2798 in
435 2763 503 2805 ΟΒ,
530 2765 724 2800 escendum
742 2764 777 2799 B
868 2764 916 2799 ad
939 2764 1053 2810 (eam)
1075 2764 1294 2801 Bitschelius
1386 2767 1550 2802 aduehor
1573 2769 1668 2808 (·eor
1689 2767 1732 2809 Β)
1758 2766 1793 2802 P

214 2821 277 2854 260
303 2830 368 2864 ego
392 2820 467 2855 illic
495 2819 567 2860 ΟΒ,
592 2831 656 2865 ego
680 2821 780 2857 illam
805 2819 852 2860 Β,
876 2820 927 2863 ibi
951 2832 1017 2865 ego
1040 2822 1095 2863 A;
1119 2821 1170 2867 cf.
1190 2821 1348 2857 Baierus
1369 2834 1407 2868 p.
1433 2824 1493 2858 58.
1534 2822 1611 2858 Mil.
1629 2824 1711 2859 288
1802 2824 1878 2860 exi-

211 2875 284 2918 mia
306 2875 417 2911 AD2:
441 2877 584 2913 exumia
611 2876 697 2920 CD¹‚
723 2877 887 2913 eximiam
914 2877 949 2912 B

1897 567 1953 601 240

1896 904 1954 937 245

1898 1241 2011 1275 250*
