2018 3183
243 100 325 138 324
983 98 1162 134 PLAVTI
1740 101 1794 135 111,
1808 102 1909 131 14—38

929 234 1221 275 CVRCVLIO

244 307 306 346 Nil
336 312 377 346 tu
409 317 471 344 me
502 310 678 344 saturum
708 303 923 342 monueris.
983 303 1145 342 memini
1175 308 1214 342 et
1243 303 1337 343 scio.

244 383 317 422 ego
349 371 424 409 hoc
455 369 639 408 effectum
669 367 798 419 lepide
828 367 898 406 tibi
930 367 1092 406 tradam.
1153 373 1250 407 tace.
1920 380 1977 414 385

243 437 383 489 edepol
414 448 464 475 ne
495 448 567 488 ego
598 436 662 475 hic
691 435 781 475 med
810 435 918 475 intus
949 435 1097 488 explevi
1127 435 1264 487 probe,

242 511 280 544 et
310 505 468 556 quidem
499 504 640 556 reliqui
670 504 710 543 in
741 509 877 543 ventre
908 503 1026 559 cellae
1055 503 1126 542 uni
1155 503 1299 552 locum,

245 572 311 612 ubi
342 572 599 624 reliquiarum
628 571 813 623 reliquias
842 571 1114 610 reconderem.

244 642 332 692 quis
361 641 425 680 hic
456 646 516 680 est
545 640 612 692 qui
642 645 781 692 operto
813 640 940 691 capite
970 639 1245 691 Aesculapium

242 707 411 748 salutat?
441 714 550 756 attat,
582 720 699 760 quem
731 707 981 759 quaerebam.
1039 719 1205 758 sequere
1235 720 1308 748 me.
1922 717 1979 750 390

242 776 434 816 simulabo
466 777 576 828 quasi
607 789 688 816 non
720 776 908 815 noverim.
969 776 1066 815 heus
1096 782 1152 824 tu,
1183 781 1221 815 te
1250 776 1351 816 volo.

243 845 347 885 LYc.
398 845 588 893 Vnocule,
619 845 732 884 salve.
792 844 920 884 Cch.
971 842 1136 891 Quaeso,
1168 843 1375 884 deridesne
1406 843 1497 884 me?

243 913 346 953 LYO.
395 913 452 952 De
485 913 674 953 Coclitum
707 912 887 965 prosapia
919 917 957 950 tc
989 924 1073 951 esse
1095 911 1278 959 arbitror,

244 993 334 1019 nam
365 981 400 1020 ei
431 987 525 1020 sunt
559 980 733 1020 unoculi.
793 980 921 1020 Cch.
972 979 1172 1031 Catapulta
1203 980 1278 1019 hoc
1309 981 1428 1019 ictum
1460 986 1517 1020 est
1547 981 1640 1020 mihi

244 1048 348 1100 apud
380 1049 601 1101 Sicyonem.
660 1048 764 1087 LYc.
813 1048 909 1087 Nam
942 1047 1033 1099 quid
1065 1047 1102 1086 id
1133 1048 1253 1086 refert
1282 1060 1379 1096 mea,
1925 1054 1982 1088 395

246 1128 296 1155 an
328 1116 412 1155 aula
444 1128 585 1167 quassa
616 1128 705 1155 cum
736 1115 871 1155 cinere
902 1116 1067 1155 effossus
1097 1113 1199 1154 sict?

245 1184 374 1225 Gvssc.
426 1184 729 1236 Superstitiosus
758 1184 822 1223 hic
854 1183 1011 1235 quidem
1043 1189 1114 1230 est,
1144 1185 1234 1222 vera
1264 1183 1484 1235 praedicat;

245 1265 334 1292 nam
366 1253 477 1292 illaec
507 1252 724 1305 catapultae
754 1252 801 1291 ad
831 1264 894 1291 me
924 1251 1064 1291 crebro
1097 1258 1330 1291 commeant.

244 1321 488 1369 adulescens,
519 1321 568 1360 ob
601 1333 683 1360 rem
715 1319 912 1372 publicam
943 1320 1018 1359 hoc
1048 1320 1155 1359 intus
1185 1320 1280 1359 mihi

247 1387 353 1438 quod
382 1387 538 1438 insigne
568 1386 708 1434 habeo,
740 1398 885 1438 quaeso
920 1398 970 1425 ne
998 1398 1062 1425 me
1092 1386 1326 1426 incomities.
1927 1393 1984 1425 400

245 1455 350 1496 LYc.
401 1454 564 1494 Licetne
593 1455 779 1502 inforare,
810 1454 841 1494 si
873 1454 1118 1493 incomitiare
1150 1467 1231 1493 non
1262 1452 1381 1493 licet?

246 1523 375 1564 CVRC.
424 1523 513 1563 Non
544 1522 736 1562 inforabis
765 1534 828 1561 me
860 1523 1031 1574 quidem,
1063 1535 1138 1562 nec
1168 1522 1262 1561 mihi
1293 1523 1422 1574 placet

243 1597 353 1630 tuom
382 1591 561 1643 profecto
593 1602 668 1630 nec
697 1591 826 1641 forum
858 1602 932 1629 nec
963 1590 1177 1629 comitium.

244 1659 314 1700 sed
343 1659 462 1707 hunc,
494 1671 611 1710 quem
643 1670 803 1710 quaero,
835 1664 1147 1698 commonstrare
1177 1658 1208 1698 si
1239 1664 1364 1710 potes,

244 1728 362 1768 inibis
393 1740 414 1766 a
443 1740 507 1767 me
536 1727 698 1767 solidam
729 1733 767 1766 et
796 1726 986 1778 grandem
1017 1727 1190 1778 gratiam.
1928 1722 1986 1754 405

243 1795 443 1848 Lyconem
475 1807 622 1847 quaero
653 1795 893 1847 tarpezitam.
953 1795 1055 1835 LYC.
1105 1794 1176 1834 Dic
1206 1794 1312 1841 mihi,

245 1865 338 1916 quid
370 1876 459 1904 eum
491 1876 600 1903 nunc
631 1861 815 1915 quaeris?
846 1869 913 1903 aut
942 1861 1121 1902 cuiati's?
1180 1862 1308 1904 Cvssc.
1359 1862 1544 1914 Eloquar.

245 1932 294 1971 ab
325 1931 674 1983 Therapontigono
706 1931 950 1983 Platagidoro
982 1931 1116 1970 milite.

245 2076 401 2122 aliquem
425 2086 542 2111 emere
565 2086 737 2120 puerum,
762 2075 823 2120 qui
847 2076 1035 2111 usurarius
1058 2086 1135 2111 rem
1159 2077 1311 2120 quaerat
1334 2075 1455 2121 cupio,
1480 2077 1522 2110 ut
1544 2085 1633 2110 usus
1657 2076 1714 2110 est
1735 2073 1919 2120 pecunia).

243 2137 437 2179 praeterea
462 2132 718 2179 Aesculapium
740 2131 923 2174 salutavit,
949 2131 999 2176 cf.
1017 2130 1236 2168 Soliusterus
1259 2131 1442 2177 quomodo
1466 2131 1524 2166 Pl.
1550 2136 1615 2166 att.
1639 2129 1794 2177 exempl.
1821 2133 1921 2165 tran-

245 2188 389 2224 stulerit
415 2189 530 2234 8sq.;
561 2188 611 2224 ad
638 2188 747 2234 pueri
776 2189 993 2234 emptionem
1022 2189 1186 2234 fortasse
1215 2189 1400 2234 pertinent
1429 2187 1516 2223 illae
1539 2187 1659 2223 decem
1683 2186 1802 2222 minae
1835 2187 1921 2221 525.

248 2247 322 2281 558
338 2256 392 2292 sq.
413 2247 489 2280 682
513 2245 578 2291 (ef.
595 2245 792 2291 Lanqenus
813 2244 908 2279 stud.
928 2244 982 2279 Pl.
1001 2245 1075 2279 135
1088 2247 1156 2290 sq.)
1250 2247 1314 2279 386
1331 2255 1389 2280 me
1481 2245 1545 2279 387
1571 2246 1609 2280 et
1624 2243 1801 2289 equidem,
1826 2253 1921 2278 corr.

248 2301 478 2338 Camerarius
594 2305 660 2337 389
684 2306 921 2348 expectamus
952 2301 1016 2336 sed
1040 2301 1119 2345 quis
1150 2301 1210 2336 hic
1240 2303 1313 2345 est3
1341 2301 1434 2346 fort.
1467 2301 1588 2346 capite
1618 2300 1680 2345 qui
1703 2302 1829 2345 operto

245 2357 372 2394 Servio
397 2358 498 2397 (Aen.
522 2359 589 2401 12,
611 2358 701 2400 257)
730 2367 870 2393 versum
895 2356 986 2393 Itali
1009 2358 1274 2404 ascripserunt,
1306 2362 1346 2393 ut
1370 2369 1400 2394 v.
1427 2358 1502 2392 393
1526 2356 1576 2392 ad
1601 2357 1644 2398 8,
1672 2357 1766 2400 649,
1790 2367 1820 2392 v.
1846 2356 1923 2391 496

248 2415 298 2450 acl
322 2416 357 2458 8,
382 2416 472 2458 263,
496 2427 528 2452 υ.
554 2415 631 2451 357
650 2414 843 2451 Fabricius
867 2414 917 2449 acl
943 2415 975 2455 6,
1002 2415 1075 2449 595
1167 2417 1231 2450 390
1257 2425 1329 2450 non
1355 2424 1507 2460 sequere
1530 2423 1587 2448 me
1612 2411 1783 2448 Plautum
1805 2413 1923 2459 scrip-

246 2473 353 2515 sisse,
383 2471 448 2508 sed
476 2472 622 2508 verbum
654 2471 975 2507 demonstrativum
1005 2475 1045 2505 ut
1067 2471 1170 2516 ipsus
1194 2473 1268 2513 est,
1293 2471 1398 2507 video
1423 2468 1608 2506 contendit
1640 2467 1832 2515 Vssinqius

249 2531 315 2564 392
340 2539 412 2564 une
435 2528 539 2565 ocule
631 2530 695 2564 393
721 2528 893 2564 coelitum
916 2527 1000 2563 item
1032 2527 1150 2562 Varro
1177 2527 1198 2561 l.
1216 2527 1239 2562 l.
1260 2528 1290 2570 7,
1312 2528 1363 2568 71,
1390 2526 1592 2562 Coculitum
1616 2524 1833 2561 Ribbeokius

247 2585 500 2631 prosapientia
516 2584 552 2620 B
642 2586 680 2620 te
697 2595 764 2619 om.
792 2584 911 2621 Varro
1006 2586 1072 2619 394
1088 2583 1141 2619 ei:
1159 2583 1197 2618 hi
1214 2594 1294 2618 cum
1315 2583 1482 2619 Varrone
1573 2581 1708 2618 iectum
1724 2584 1780 2618 est
1797 2581 1833 2617 B

249 2643 315 2677 395
340 2641 523 2687 sycionem
538 2641 603 2684 ΒΞ,
627 2641 801 2677 sicionem
818 2642 881 2684 B1,
905 2641 1073 2677 sitionem
1099 2640 1166 2677 VE
1255 2642 1322 2675 396
1345 2650 1461 2685 quasa
1479 2638 1531 2674 B¹
1623 2640 1688 2674 398
1713 2636 1925 2684 catapultae

249 2697 356 2733 illaec
383 2697 531 2733 Guietus
622 2701 689 2734 400
713 2699 764 2744 cf.
788 2697 930 2734 Paulus
953 2699 1030 2733 107
1118 2700 1181 2733 401
1208 2707 1298 2733 non:
1324 2697 1424 2732 haud
1445 2694 1625 2737 Bothius;
1646 2695 1718 2731 inc.
1742 2694 1816 2729 nisi
1837 2693 1926 2730 licet

248 2753 478 2790 Abrahamus
501 2754 612 2790 mooli.
635 2755 668 2800 f.
693 2754 737 2790 ol.
759 2753 854 2801 phil.
872 2756 910 2797 2,
929 2755 1011 2789 491.
1053 2764 1101 2789 an
1125 2764 1146 2790 e
1169 2753 1368 2800 supprimit
1389 2751 1579 2788 inforare?
1671 2753 1738 2786 402
1761 2750 1924 2797 placens,

249 2811 299 2855 cf.
319 2810 401 2846 Cist.
422 2812 496 2846 642
589 2813 654 2846 403
680 2811 865 2847 comitium
888 2811 1027 2846 indicat
1043 2810 1236 2847 coitionem
1328 2812 1393 2845 405
1418 2809 1528 2845 inibis
1552 2819 1576 2846 a
1591 2819 1664 2845 me:
1689 2807 1781 2844 iniet
1803 2809 1926 2843 tamen

247 2866 415 2903 Donatus
428 2866 523 2902 Eun.
539 2869 573 2911 3,
587 2870 620 2911 5,
637 2869 659 2903 9
752 2871 818 2904 406
830 2868 1047 2914 trapezitam
1138 2869 1204 2902 408
1217 2866 1264 2902 ab
1278 2868 1385 2903 thera
1397 2868 1539 2910 (ethera
1554 2866 1607 2909 E)
1624 2864 1835 2910 plontigono
1858 2861 1929 2899 VE
