1998 3179
85 90 139 124 ng.
158 89 266 117 1—X11
767 86 1056 123 AMPHITRVO
1689 84 1742 121 43

85 204 231 245 Amn.
280 204 329 243 At
358 215 429 254 ego
461 208 498 242 te
529 214 645 242 eruce
676 207 714 241 et
744 201 915 241 cruciatu
946 201 1136 249 mactabo,
1168 201 1352 252 mastigia.
1742 214 1832 247 srg.1

85 293 255 343 (MERC.)
286 283 387 332 Erus
416 289 728 344 Amphitruo<st>
758 297 983 343 occupatus.
1741 305 1767 332 11

84 382 256 433 (Mimo.)
658 380 811 419 abiendi
844 393 951 419 nunc
980 381 1050 419 tibi
1080 381 1192 420 etiam
1226 382 1428 421 occasiost.
1746 394 1786 422 111
1801 394 1859 427 (xv
1872 394 1928 426 Lo)

85 472 255 523 (MERO.)
286 471 444 523 Optimo
475 471 559 511 iure
589 470 826 520 infringatur
857 471 941 509 aula
973 471 1116 511 cineris
1147 471 1184 510 in
1217 477 1345 523 caput.
1749 485 1869 518 1v(111)

84 561 254 612 (MERC.)
287 562 344 600 Ne
373 567 415 600 tu
445 560 618 612 postules
647 559 830 598 matulam
861 572 979 598 unam
1010 560 1079 598 tibi
1110 573 1231 611 aquae
1262 561 1417 600 infundi
1448 561 1487 600 in
1520 569 1648 613 eaput.
1742 577 1763 602 v
1783 575 1843 609 (lv)

84 650 257 701 (MERC.)
288 650 504 690 Laruatu's.
536 649 673 702 edepol
705 649 902 688 hominem
933 650 1131 688 miserum.
1164 650 1355 689 medicum
1388 651 1574 702 quaesita.
1744 665 1871 699 v1(v11)

196 818 330 869 (ALO.)
359 818 593 857 Exiuravisti
624 825 660 856 te
691 817 785 856 mihi
816 818 902 857 dixe
932 830 1003 870 per
1034 818 1176 857 iocum.
1747 835 1794 863 vn
1818 835 1880 868 (xi)

196 908 329 960 (ALc.)
360 907 513 953 Quaeso
544 907 764 946 advenienti
794 907 933 946 morbo
965 908 1149 946 medicari
1181 907 1291 946 iube:
1745 925 1806 952 wll
1828 925 1903 958 (xm

194 983 235 1015 tu
267 982 372 1015 certe
403 982 468 1014 aut
498 976 669 1014 laruatus
699 981 765 1014 aut
795 976 959 1015 cerritus
991 988 1044 1015 es.

194 1065 328 1116 (ALC.)
359 1065 438 1104 Nisi
469 1065 543 1104 hoo
573 1065 624 1104 ita
655 1066 799 1104 sactum
830 1072 898 1113 est,
931 1065 1096 1117 proinde
1128 1071 1168 1104 ut
1199 1066 1344 1104 sactum
1376 1078 1459 1105 esse
1489 1072 1663 1113 autumn,
1743 1084 1779 1110 ιχ
1798 1082 1887 1116 (xm)

197 1146 277 1172 non
309 1146 462 1172 causam
495 1134 581 1173 dico
614 1134 706 1184 quin
739 1146 829 1172 vero
860 1133 1061 1173 insimules
1093 1133 1227 1185 probri

196 1223 372 1274 (ΑΜΡΗ.)
405 1222 551 1264 Cuius?
583 1227 681 1275 quae
711 1236 772 1262 me
802 1223 963 1263 absente
995 1236 1140 1276 corpus
1169 1224 1333 1275 volgavit
1363 1236 1487 1263 suom.
1744 1228 1870 1263 MXVI)

82 1392 259 1442 (AMPH.)
292 1392 391 1438 Quid
423 1391 630 1431 minitabas
659 1397 696 1430 te
729 1393 934 1438 facturum,
965 1392 996 1430 si
1027 1392 1117 1431 istas
1148 1392 1384 1443 pepulissem
1416 1392 1551 1433 fores?
1742 1410 1777 1437 xi
1797 1409 1844 1443 (v)

80 1482 257 1535 (AMPH.)
289 1481 347 1520 lbi
377 1481 537 1521 scrobes
568 1481 734 1521 ecfodito
765 1479 855 1535 (tu)
887 1481 972 1534 plus
1003 1493 1218 1532 sexagenos
1248 1482 1287 1521 in
1319 1482 1393 1521 die.
1740 1499 1789 1528 χιι
1812 1498 1872 1535 (vi)

192 1662 208 1695 I
234 1661 374 1696 Nonius
399 1661 474 1695 342
498 1663 670 1700 (mactare
693 1660 786 1695 malo
811 1660 968 1696 adficere
994 1660 1187 1704 significat)
1287 1664 1323 1696 te
1348 1660 1526 1707 Pylades:
1550 1666 1649 1699 certo

79 1718 298 1761 cruciatum,
334 1728 429 1752 corr.
460 1716 620 1763 Pylades
773 1717 940 1762 mastigia
976 1716 1101 1751 Harl.¹
1132 1717 1310 1759 Bern.(B)
1343 1718 1487 1753 Genea:
1522 1730 1613 1755 exuo
1647 1731 1743 1756 mas-

79 1776 166 1820 tigia
270 1784 410 1809 versum
433 1780 529 1808 recle
552 1773 737 1808 constituit
763 1772 974 1819 Vssinqius;
999 1773 1184 1807 dimidium
1209 1784 1288 1808 cam
1312 1774 1428 1809 solido
1453 1781 1669 1820 quaerentes
1693 1780 1745 1817 (at

79 1843 143 1877 ego
169 1833 266 1866 certo
292 1840 399 1865 eruce
419 1833 424 1872 Ι
446 1833 482 1865 et
506 1831 670 1866 cruciatu
690 1832 726 1865 te
748 1830 913 1865 mactabo
931 1840 1110 1873 maxum0,
1127 1831 1293 1874 mastigia
1310 1830 1527 1874 Brandtz'us)
1551 1833 1746 1879 neqlequnt

79 1893 244 1934 apertum
269 1897 348 1921 cum
372 1887 514 1921 υ.1034
539 1897 730 1928 conexam,
756 1887 805 1931 cf.
823 1887 922 1920 1033
1020 1886 1055 1921 II
1080 1886 1222 1921 Nonius
1246 1889 1313 1921 354
1337 1889 1562 1933 (occupatus)
1655 1891 1746 1936 (est)

80 1943 327 1988 Hoffmannus
418 1943 471 1978 III
496 1942 708 1977 Priscianus
730 1945 761 1984 1,
781 1944 852 1977 564
876 1943 1040 1988 quamuis
1066 1943 1216 1978 Plautus
1239 1941 1414 1979 ‘abiendi’
1441 1945 1532 1980 dixit
1556 1943 1632 1990 ‘pro
1659 1948 1745 1983 abe-

79 1999 183 2036 undi’
300 2000 461 2034 abitendi
484 1999 652 2035 Loemz‘us
682 1999 854 2035 Goetzius
945 1999 996 2035 IV
1021 1999 1164 2034 Nonius
1189 2001 1272 2042 543,
1291 2003 1314 2035 5
1337 2001 1445 2043 (aula)
1546 2002 1579 2038 V
1603 2003 1745 2039 Nonius

81 2058 165 2099 543,
189 2058 237 2091 12
261 2056 419 2098 (matella
442 2056 630 2100 aquarium
654 2059 729 2098 vas)
834 2056 996 2100 postulas
1020 2055 1270 2092 Solu-oederus
1373 2068 1502 2103 aquam
1594 2059 1645 2095 VI
1670 2059 1745 2094 Νο-

79 2115 160 2148 m’as
184 2114 245 2155 44,
269 2115 322 2147 22
346 2113 481 2155 (cerriti
506 2116 541 2148 et
564 2112 709 2155 laruati)
803 2113 995 2157 quaeritat,
1020 2124 1116 2147 corr.
1136 2113 1322 2149 Acidalius
1416 2114 1482 2149 VII
1507 2115 1650 2150 Nonius
1673 2118 1749 2151 105

79 2170 258 2211 (exiurare
286 2169 310 2204 i.
329 2180 360 2204 e.
393 2169 500 2204 ualde
529 2169 662 2211 iurare)
799 2169 885 2204 VIII
918 2169 1061 2204 Nonius
1085 2174 1174 2215 post
1212 2169 1269 2204 VI
1296 2171 1377 2213 (44,
1402 2173 1468 2214 22)
1499 2175 1536 2207 et
1562 2174 1642 2207 247
1669 2174 1746 2215 (ad-

79 2226 217 2268 uenire)
354 2236 507 2270 quaeso:
540 2226 644 2270 quasi
668 2225 811 2261 Nonius
835 2227 883 2260 44
1020 2227 1144 2261 morbo
1168 2227 1340 2262 medicari
1371 2228 1454 2264 iube
1479 2227 1748 2265 Schroederus:

79 2282 202 2318 morbo
226 2282 396 2317 medicati
420 2283 587 2317 iuuenem
612 2282 754 2316 Nonius
777 2283 838 2323 44,
862 2282 999 2318 moribo
1025 2282 1103 2317 iure
1128 2283 1236 2325 (iube)
1262 2283 1403 2319 Nonius
1419 2286 1499 2319 247
1586 2297 1614 2320 v.
1631 2288 1649 2320 2
1668 2291 1746 2320 tan-

80 2341 153 2374 tum
176 2351 210 2381 p.
229 2340 277 2373 44
369 2338 532 2373 laruatus
557 2349 594 2373 es
619 2341 684 2373 aut
707 2338 871 2380 cerritus,
895 2350 989 2374 corr.
1014 2339 1202 2374 Acz'dalz'as
1291 2340 1343 2374 IX
1368 2341 1509 2375 Nonius
1524 2344 1603 2376 237
1624 2345 1743 2383 (autu-

79 2398 190 2439 mare)
283 2395 364 2430 dico
382 2405 507 2430 uerum
524 2394 608 2439 quin
625 2394 783 2438 simules,
808 2405 903 2429 corr.
921 2394 1125 2430 Brandtc'us
1151 2400 1185 2431 et
1209 2395 1455 2432 Sclzroederus
1546 2398 1579 2432 X
1604 2398 1747 2434 Nonius

79 2453 154 2486 182
187 2451 376 2496 (uulgauit)
512 2451 704 2495 cuiusque,
728 2451 779 2496 cf.
811 2450 1056 2486 Stomasserus
1085 2452 1123 2486 in
1156 2451 1360 2498 IVoelfslinz'
1390 2453 1488 2488 arclz.
1512 2456 1556 2495 2,
1581 2456 1656 2489 125

79 2518 236 2553 ucorpus
262 2510 348 2547 (ute.
376 2507 480 2542 Harl.
497 2509 520 2550 ¹)
552 2507 699 2552 uulgata
731 2507 854 2552 (uulga
877 2507 994 2553 Luqd.
1007 2509 1029 2550 ¹)
1062 2519 1140 2543 sum
1164 2508 1279 2553 [αφά.
1307 2509 1432 2543 Harl.¹
1527 2510 1578 2544 XI
1604 2511 1746 2547 Nonius

80 2565 152 2600 473
177 2565 332 2606 (minitas
356 2575 422 2610 pro
453 2564 643 2606 minitaris)
735 2564 805 2598 XII
830 2563 1042 2599 Priscianus
1065 2566 1104 2607 1,
1129 2566 1202 2599 168
1227 2569 1260 2600 et
1284 2567 1375 2608 321,
1407 2566 1549 2600 Nonius
1572 2568 1652 2601 225
1681 2567 1746 2609 (ibi

80 2620 223 2656 scrobes
256 2620 369 2656 fodito
406 2631 603 2665 sexagenos
635 2621 672 2655 in
710 2621 815 2664 dies),
849 2631 974 2655 comm.
1005 2620 1149 2656 Lucam·
1174 2633 1216 2667 p.
1242 2623 1321 2656 283
1351 2623 1510 2664 (serobes
1545 2634 1744 2668 sexagenos

80 2676 156 2712 fodi
187 2677 224 2712 in
257 2677 344 2721 die),
373 2676 482 2712 schol.
515 2677 621 2723 Verq.
651 2688 774 2723 year-9.
799 2679 844 2719 2,
868 2678 949 2711 288
982 2682 1193 2722 (sexagenos
1225 2678 1263 2712 in
1288 2679 1364 2714 dies
1390 2679 1569 2723 scrobes),
1601 2679 1745 2715 Probus

82 2731 174 2767 cath.
199 2733 253 2767 20
271 2737 481 2777 (sexagenos
505 2734 682 2777 scrobes),
707 2745 829 2769 omnes
854 2735 999 2769 scrobes
1031 2744 1162 2779 qenere
1186 2735 1384 2770 masculino
1411 2739 1579 2771 testantes
1669 2737 1744 2782 (tu)

84 2787 255 2823 Hertzius
390 2789 448 2825 die
486 2789 662 2826 Gemblac.
699 2801 823 2825 comm.
860 2789 966 2825 Lam.-
1002 2790 1078 2825 dies
1115 2790 1230 2825 Prisc.
1266 2790 1335 2833 bis,
1373 2791 1487 2834 Non„
1520 2792 1600 2828 Vat.
1635 2792 1744 2829 schol.

90 2843 195 2890 Verq.
1586 2846 1589 2849 ’
