2018 3183
243 92 324 130 326
979 87 1159 123 PLAVTI
1653 87 1706 121 111,
1719 87 1831 116 70-1v
1848 88 1874 120 1,
1887 87 1905 116 3

242 206 404 247 solidam
435 205 655 244 faciundam
688 216 735 242 ex
765 214 860 242 auro
893 202 1085 254 Philippo,
1117 213 1218 252 quae
1247 201 1321 241 siet
1914 210 1973 242 440

242 272 555 325 septempedalis‚
586 271 698 310 factis
728 275 1029 309 monumentum
1061 269 1154 309 suis.

241 342 345 382 LYc.
386 340 509 387 Quam
529 339 577 378 ob
595 351 677 378 rem
695 336 825 378 istuc?
869 337 996 378 Cvnc.
1038 337 1184 376 Dicam.
1227 336 1316 387 quia
1333 336 1437 376 enim
1454 335 1602 384 Persas,
1625 336 1906 389 Paphlagmes,

244 409 425 460 Sinopes,
457 407 616 453 Arabes,
649 406 777 453 Cares,
808 405 1010 452 Cretanos‚
1042 405 1172 456 Syros,

242 476 431 515 Rhodiam
464 481 580 526 atque
610 474 783 526 Lyciam,
815 473 1016 512 Perediam
1048 477 1087 510 et
1116 470 1395 517 Perbibesiam,

242 542 632 584 Centauromachiam
664 548 702 581 et
732 541 915 581 Classiam
946 539 1268 586 Vnomammiam‚
1918 546 1975 579 443

240 622 264 653 ÷
291 611 529 663 Libyamque
560 622 669 650 oram
701 622 857 649 omnem
889 607 1295 654 Conterebromniam,

241 680 438 720 dimidiam
470 684 621 731 partem
653 678 858 717 nationum
890 689 1015 728 usque
1047 676 1223 716 omnium

240 748 397 799 subegit
425 747 532 787 solus
562 747 664 786 intra
693 745 830 797 viginti
860 745 954 784 dies.

240 817 343 857 LYc.
395 815 488 854 Vah.
549 814 676 855 Cch.
726 813 825 859 Quid
856 810 1026 852 mirare?
1084 812 1187 852 LYc.
1239 811 1336 858 Quia
1369 811 1472 851 enim
1503 811 1542 851 in
1576 823 1690 851 cavea
1720 812 1752 852 si
1778 812 1909 852 forent

241 883 430 931 conclusi,
461 883 593 922 itidem
625 888 667 922 ut
697 881 792 933 pulli
822 879 1038 932 gallinacei,
1845 885 1854 891 ·
1920 886 1978 919 450

240 951 292 991 ita
323 963 404 991 non
437 957 604 1002 potuere
635 962 715 989 uno
746 961 852 988 anno
885 947 1143 986 circumirier.

241 1018 358 1058 credo
390 1017 522 1057 hercle
552 1024 590 1057 te
621 1030 705 1057 esse
736 1015 784 1056 ab
817 1016 896 1063 illo,
928 1015 977 1054 ita
1012 1026 1136 1065 nugas
1166 1014 1294 1054 blatis.

240 1087 368 1127 CVRC.
420 1085 543 1126 Immo
575 1085 688 1125 etiam
720 1097 856 1137 porro,
887 1083 917 1123 si
949 1084 1018 1131 vis,
1051 1083 1187 1122 dicam.
1247 1082 1350 1123 Lm
1429 1083 1491 1123 Nil
1520 1094 1668 1123 moror.

239 1166 406 1206 sequere
435 1154 520 1201 hac,
551 1160 590 1193 te
621 1153 816 1192 absolvam
849 1164 923 1203 qua
955 1151 1143 1191 advenisti
1175 1151 1310 1202 gratia.

238 1227 356 1273 atque
388 1233 524 1261 eccum
554 1221 680 1261 video.
741 1221 844 1267 leno,
877 1219 993 1259 salve.

912 1297 1225 1339 CAPPADOX

1086 1366 1130 1405 Di
1162 1373 1200 1404 te
1233 1372 1375 1405 ament.
1921 1374 1978 1406 455

237 1437 341 1477 LYC.
392 1436 493 1482 Quid
524 1436 599 1476 hoc
631 1435 735 1487 quod
767 1435 814 1475 ad
844 1441 881 1474 te
913 1432 1057 1474 venio?
1116 1433 1244 1474 CAPP.
1295 1433 1409 1473 Dicas
1439 1432 1531 1484 quid
1562 1432 1669 1473 velis,

237 1504 340 1544 LYc.
392 1504 608 1555 Argentum
640 1503 820 1554 accipias,
852 1514 942 1541 cum
973 1501 1038 1541 illo
1069 1502 1200 1541 mittas
1230 1501 1436 1552 virginem.

237 1572 365 1613 CAPP.
417 1571 518 1617 Quid
550 1570 655 1623 quod
686 1571 836 1610 iuratus
865 1567 980 1610 sum‘.>
1039 1569 1142 1609 LYC.
1193 1568 1292 1615 Quid
1323 1569 1360 1608 id
1392 1570 1513 1608 refert
1542 1575 1621 1616 tua,

238 1641 331 1680 dum
361 1646 567 1691 argentum
598 1638 816 1691 accipias?
852 1638 980 1679 CAPP.
1030 1637 1107 1684 Qui
1137 1644 1271 1677 monet
1302 1637 1411 1689 quasi
1441 1637 1604 1677 adiuvat.
1838 1643 1980 1678 459.460

237 1708 461 1760 sequimini.
521 1707 649 1748 Ome.
698 1707 823 1754 Leno,
854 1719 944 1746 cave
976 1706 1015 1744 in
1047 1708 1084 1745 te
1115 1706 1165 1745 sit
1194 1718 1304 1745 mora
1333 1705 1440 1745 mihi.
1470 1729 1524 1734 —

918 1783 1232 1826 CHORAGVS
1788 1785 1854 1825 IV
1886 1787 1907 1825 1

241 1855 393 1907 Edepol
425 1860 656 1905 nugatorem
689 1853 862 1905 lepidum
894 1853 1024 1904 lepide
1054 1853 1161 1892 huuc
1193 1858 1347 1891 nactust
1377 1851 1657 1893 Phaedromus.

240 1923 487 1976 halapantam
519 1934 567 1961 an
600 1913 882 1974 sycophantam
915 1921 1036 1972 magis
1068 1933 1154 1960 esse
1184 1921 1310 1960 dicam
1343 1921 1490 1961 nescio.

238 1997 470 2031 ornamenta
502 2002 601 2041 quae
632 1990 753 2029 locavi
784 1995 916 2028 metuo
948 1995 992 2028 ut
1021 1989 1166 2039 possim
1199 1988 1394 2040 recipere3

353 2093 418 2126 440
435 2090 622 2136 philippeo
704 2092 766 2123 441
788 2088 862 2125 suis
880 2088 934 2123 B:
951 2088 1030 2124 sitis
1053 2087 1122 2122 VE
1208 2090 1273 2123 442
1290 2088 1541 2134 paphlagonas
1633 2091 1698 2124 443
1716 2089 1864 2135 sinopes

238 2158 343 2184 caras
368 2146 445 2182 BV
448 2146 497 2181 ΕΖ
589 2149 748 2182 cretatos
772 2145 880 2190 Syros
905 2143 1165 2190 Ke'esslinqius,
1190 2144 1266 2179 scil.
1291 2142 1381 2187 τοὺς
1403 2141 1687 2192 Λευκοσύρους,
1712 2145 1763 2191 cf.
1789 2144 1909 2182 Oster-

236 2215 408 2251 mayerus
431 2203 475 2239 cle
499 2203 582 2238 hist.
598 2201 677 2247 fab.
696 2202 733 2236 in
759 2212 845 2236 com.
866 2201 920 2236 Pl.
941 2202 992 2236 38
1084 2204 1150 2235 444
1174 2201 1304 2236 rhodia.
1323 2201 1357 2236 B
1448 2201 1569 2237 liciam
1586 2200 1634 2244 B,
1657 2201 1773 2238 litiam
1797 2200 1868 2237 VE

236 2261 366 2296 Festus
389 2261 462 2295 214
486 2259 676 2295 Perediam
699 2262 736 2294 et
760 2258 942 2293 Bibesiam
967 2257 1118 2293 Plautus
1142 2257 1247 2293 finxit
1358 2259 1491 2302 perreh
1516 2257 1612 2294 diam
1637 2260 1674 2294 et
1695 2268 1762 2304 per
1784 2257 1909 2294 heble-

237 2317 326 2352 siam
342 2317 554 2359 (hehlesiam
580 2315 611 2350 V
614 2314 676 2358 Ε),
701 2324 796 2350 corr.
815 2314 916 2353 Pius,
944 2314 1172 2349 Camerarius
1263 2317 1328 2349 445
1354 2317 1531 2350 contauro
1547 2315 1727 2350 machiam
1755 2314 1823 2350 VE

237 2376 303 2408 446
328 2373 552 2418 Libyamque
575 2371 660 2417 (et)
683 2370 862 2412 Botln'us;
884 2370 1000 2415 Libya
1018 2371 1111 2405 inter
1134 2370 1282 2405 nomina
1305 2370 1478 2415 fabulosa
1503 2371 1582 2405 iure
1607 2370 1761 2416 offendit
1779 2370 1909 2417 Hueff·

237 2441 362 2466 nerum
387 2429 431 2464 de
456 2428 583 2464 Plauti
611 2438 698 2463 com.
724 2437 784 2463 ex.
810 2432 875 2462 att.
899 2428 953 2461 22
1046 2426 1435 2462 εοῃῐθῃεῦτοωεηίαω
1464 2425 1495 2461 Β
1587 2429 1654 2462 448
1678 2427 1819 2463 interea

237 2489 302 2521 450
329 2485 491 2521 conclusi
513 2484 613 2530 (illi)
636 2483 890 2519 Fleckeisenus
1013 2485 1079 2517 452
1103 2482 1157 2517 vel
1180 2482 1266 2518 illoc
1379 2482 1433 2518 ita
1455 2482 1653 2528 Lanqenus
1674 2483 1787 2530 symb.
1811 2484 1910 2519 232.-

235 2553 320 2577 nam
342 2541 415 2586 ita3
446 2541 495 2581 cli
524 2541 608 2577 Cist.
633 2541 710 2575 382
825 2539 949 2575 blattis
1065 2542 1130 2573 454
1155 2539 1217 2574 ted
1329 2539 1414 2582 finis
1442 2549 1596 2575 scaenae
1619 2550 1642 2574 a
1666 2544 1910 2576 retractatore

237 2599 398 2641 adsutus,
424 2598 476 2643 cf.
502 2596 672 2633 Goetzius
695 2597 733 2630 in
757 2600 827 2631 act.
844 2595 945 2641 Lips.
973 2595 1008 2637 6,
1023 2596 1102 2630 278
1117 2606 1195 2641 sq.‚·
1212 2595 1351 2642 pendet
1374 2605 1406 2630 v.
1431 2595 1507 2630 455
1528 2594 1655 2632 lenone
1679 2607 1755 2632 non
1778 2607 1909 2633 memo-

235 2659 332 2698 rato,
354 2655 462 2689 nirnis
481 2654 617 2690 concisi
638 2654 723 2688 456.
749 2654 834 2695 457,
858 2662 930 2688 non
956 2651 1180 2698 intelleqitur
1195 2653 1283 2694 458,
1308 2662 1387 2686 own
1412 2651 1662 2686 iusiurandum
1679 2651 1909 2688 Phaedromo

237 2710 361 2746 datum
378 2711 587 2756 iqnoremus
603 2711 666 2755 (cf.
684 2709 902 2745 Ribbeckius
917 2708 981 2743 rel.
998 2719 1070 2744 soc.
1089 2708 1188 2755 Lips.
1205 2709 1253 2743 18
1261 2709 1314 2750 79,
1335 2709 1393 2750 81)
1486 2711 1548 2743 461
1576 2719 1677 2744 mora
1694 2709 1750 2745 B:
1773 2709 1909 2746 moran·

246 2766 314 2802 ΥΕ
403 2777 489 2803 cave
513 2767 602 2803 mihi
624 2767 662 2802 in
685 2769 722 2802 te
747 2766 795 2802 sit
817 2775 920 2801 mora
943 2764 1160 2801 Redslobius
1183 2766 1220 2799 in
1239 2762 1463 2800 FleckeISeni
1486 2765 1614 2800 annali
1636 2766 1716 2808 141,
1741 2766 1819 2801 438

236 2834 425 2859 cnonssvs
450 2823 497 2866 B,
523 2835 592 2859 om.
620 2822 665 2864 E,
689 2833 800 2858 unns
824 2832 966 2857 erasum
1000 2821 1032 2857 V
1132 2824 1200 2856 462
1223 2823 1354 2856 nactus
1378 2823 1435 2857 est
1459 2820 1505 2862 B,
1529 2824 1639 2858 natus
1663 2824 1719 2858 est
1752 2820 1822 2857 VE

237 2882 302 2914 463
334 2880 596 2925 kalophantam
627 2882 697 2922 (am
729 2890 778 2914 ex
808 2889 863 2914 em
897 2878 943 2921 Β)
974 2889 1021 2914 an
1053 2878 1312 2924 sycophantam
1349 2878 1614 2924 (sicophantam
1647 2877 1685 2913 E
1694 2877 1734 2921 V,
1769 2888 1828 2914 am
1858 2887 1909 2914 ex
