1998 3179
110 92 154 119 w
166 93 192 126 9,
211 91 328 121 82—-113
807 88 1077 124 BACCHIDES
1688 91 1708 127 1
1716 91 1766 128 67

192 205 286 245 Nm.
335 204 519 244 Ausculta
549 216 681 255 porro,
712 203 805 242 dum
835 204 908 242 hoc
940 203 1044 255 quod
1075 203 1299 254 scriptumst
1329 201 1499 254 perlego.
1784 213 1856 245 1005

195 271 353 312 mes.
403 272 496 310 Inde
527 284 547 310 3
578 271 774 322 principio
805 271 879 309 iam
909 271 1104 322 inpudens
1134 270 1295 321 epistula
1327 276 1396 309 est.

193 339 287 379 Nlo.
333 334 476 377 ‘Pudet
508 338 662 390 prodire
692 351 754 377 me
784 338 830 377 ad
861 345 898 377 te
931 339 968 377 in
1002 343 1270 388 conspectum,
1302 344 1429 388 pater:

194 412 346 445 tantum
376 405 563 456 flagitium
592 412 630 444 te
661 405 760 444 scire
792 405 916 444 audivi
946 416 1090 452 meum,

195 473 300 524 quod
331 485 419 512 cum
450 472 648 524 peregrini
680 472 797 511 cubui
828 484 950 511 uxore
981 465 1135 510 militis?

194 540 261 591 pol
291 539 392 579 haud
424 539 599 587 derides3
631 551 722 578 nam
753 539 931 578 ducentis
962 538 1088 578 aureis
1785 549 1858 582 1010

194 607 383 658 Philippis
413 606 560 645 redemi
589 606 703 645 vitam
737 619 780 645 ex
812 606 954 657 flagitio
985 611 1103 644 tuam.

193 674 351 714 CHRYS.
396 673 498 712 Nihil
528 679 586 713 est
616 673 773 712 illorum
805 673 898 724 quin
932 685 1003 724 ego
1034 672 1087 711 illi
1119 672 1293 711 dixerim.

192 741 286 782 Nlo.
331 736 474 780 ‘Stulte
505 741 641 780 secisse
672 741 807 779 fateor.
855 740 922 779 sed
953 752 1111 791 quaeso,
1143 746 1266 791 pater,

195 822 245 848 ne
276 821 350 857 me,
382 808 422 847 in
454 808 614 847 stultitia
644 808 675 847 si
707 807 863 858 deliqui,
896 807 1062 847 deseras.

193 886 265 925 ego
296 873 426 912 animo
458 872 601 924 cupido
632 878 748 923 atque
779 872 901 911 oculis
931 872 1131 912 indomitis
1162 872 1237 920 fui:
1786 889 1858 922 1015

193 946 459 993 persuasumst
488 941 617 979 facere
649 940 790 991 quoius
820 952 880 978 me
914 952 1021 979 nunc
1052 940 1141 979 sacti
1171 935 1315 991 pudet?

192 1008 302 1060 prius
331 1010 368 1047 te
400 1007 543 1048 cavisse
573 1019 666 1059 ergo
698 1010 812 1058 quam
845 1007 992 1059 pudere
1023 1019 1189 1058 aequom
1220 1008 1303 1046 fuit.

192 1076 350 1116 CHRYS.
399 1075 544 1115 Eadem
573 1075 690 1115 istaec
722 1074 837 1114 verba
868 1075 1014 1114 dudum
1045 1075 1098 1114 illi
1129 1074 1206 1113 dixi
1238 1075 1380 1114 omnia.

192 1145 285 1184 Nm.
325 1139 498 1190 ‘Quaeso
530 1148 572 1182 ut
602 1149 660 1182 sat
688 1142 832 1182 habeas
863 1143 913 1190 id,
945 1148 1065 1194 pater,
1098 1143 1203 1193 quod
1236 1142 1441 1195 Chrysalus

193 1223 255 1250 me
287 1211 520 1262 obiurigavit
549 1211 742 1262 plurumis
771 1210 900 1249 verbis
930 1210 1050 1258 malis,
1785 1228 1859 1262 1020

192 1286 231 1319 et
260 1291 321 1318 me
352 1278 553 1318 meliorem
585 1278 675 1317 fecit
706 1278 924 1330 praeceptis
954 1278 1045 1323 suis,

193 1353 235 1386 ut
265 1353 302 1386 te
334 1346 368 1385 ei
398 1346 541 1385 habere
572 1346 734 1396 gratiam
767 1357 932 1396 aequom
964 1346 1012 1384 sit
1043 1341 1211 1384 bonam?

191 1415 349 1455 Cam-s.
395 1413 517 1453 Estne
547 1414 646 1453 istuc
678 1414 764 1453 istic
794 1411 1012 1464 scriptum?
1070 1413 1163 1452 Nm.
1214 1412 1285 1451 Em
1317 1418 1462 1464 specta,
1494 1419 1576 1452 tum
1607 1413 1718 1453 scies.

193 1481 352 1522 CHRYS.
403 1480 450 1519 Vt
480 1481 546 1531 qui
578 1480 741 1532 deliquit
770 1480 934 1532 supplex
966 1486 1023 1520 est
1053 1480 1156 1519 ultro
1189 1479 1384 1519 omnibus.

193 1549 287 1590 Nm.
332 1544 465 1587 ‘Nunc
496 1548 526 1588 si
559 1560 620 1587 me
651 1549 707 1587 fas
738 1555 796 1587 est
827 1547 1034 1587 obsecrare
1061 1547 1129 1587 abs
1159 1553 1209 1595 te,
1242 1554 1364 1599 pater,
1786 1566 1858 1598 1025

193 1617 239 1656 da
271 1617 364 1655 mihi
396 1617 587 1656 ducentos
618 1628 799 1656 nummos
831 1616 1047 1667 Philippos,
1079 1620 1134 1668 te„
1148 1609 1339 1655 obsecro?

193 1685 351 1726 Cnmvs.
399 1685 455 1723 Ne
486 1696 609 1724 unum
641 1684 796 1735 quidem
828 1684 972 1731 hercle,
1005 1684 1036 1723 si
1066 1684 1181 1736 sapis.
1240 1684 1333 1724 Nm.
1379 1684 1470 1723 Sine
1502 1684 1712 1735 perlegam.

189 1748 279 1804 ‘ego
311 1754 371 1792 ius
400 1752 608 1793 iurandum
640 1751 767 1791 verbis
799 1752 1002 1803 conceptis
1035 1751 1135 1799 dedi,

192 1821 371 1860 daturum
403 1820 439 1859 id
470 1833 532 1859 me
563 1820 677 1859 hodie
708 1819 860 1859 mulieri
891 1826 982 1859 ante
1010 1831 1230 1871 vesperum,

193 1888 302 1939 prius
333 1900 448 1939 quam
479 1891 499 1927 a
530 1901 591 1927 me
622 1888 758 1927 abiret.
803 1900 924 1935 nunc,
955 1894 1078 1939 pater,
1110 1900 1159 1926 ne
1191 1887 1384 1939 perierem
1785 1900 1858 1933 1030

192 1968 286 1995 cura
317 1963 432 2007 atque
463 1956 611 1995 abduce
642 1968 703 1994 me
734 1955 826 1995 hinc
858 1955 903 1994 ab
936 1956 1007 1994 hac
1039 1961 1228 2006 quantum
1259 1961 1400 2007 potest,

194 2035 310 2074 quam
341 2029 503 2075 propter
535 2029 683 2062 tantum
713 2023 843 2062 damni
876 2023 948 2062 feci
980 2029 1018 2061 et
1048 2022 1178 2073 flagiti.

193 2103 284 2130 cave
313 2091 382 2130 tibi
414 2091 572 2131 ducenti
604 2091 754 2130 nummi
784 2090 944 2129 dividiae
981 2091 1112 2137 fuant3

194 2166 371 2199 sescenta
401 2166 506 2198 tanta
537 2159 710 2206 reddam,
741 2158 773 2198 si
804 2159 899 2206 vivo,
932 2158 1013 2197 tibi.

193 2226 275 2265 vale
306 2232 421 2278 atque
452 2227 547 2266 haec
578 2227 696 2266 cura’.
743 2227 835 2277 quid
869 2239 975 2265 nunc
1007 2239 1158 2273 censes,
1191 2223 1404 2278 Chrysale?
1785 2236 1859 2269 1035

193 2293 351 2334 CHRYS.
400 2295 501 2334 Nihil
534 2307 605 2346 ego
637 2295 706 2334 tibi
738 2294 853 2333 hodie
885 2295 1021 2333 consili
1054 2295 1263 2345 quicquam
1294 2293 1407 2339 dabo,

226 2450 310 2483 1006
332 2452 418 2494 post
440 2458 470 2483 v.
488 2450 593 2483 1000
619 2448 761 2484 traiecit
783 2448 980 2490 Acidalia-5,
1005 2447 1068 2482 secl
1091 2447 1280 2482 consilium
1303 2450 1432 2492 poetae
1457 2444 1611 2481 ostendit
1628 2444 1775 2479 v.1007

111 2503 223 2548 pudet
337 2504 490 2549 epistola
599 2508 681 2540 1007
708 2504 814 2540 ΕΞΑ
834 2515 972 2550 praem.
998 2503 1033 2539 B
1057 2508 1091 2538 et
1116 2515 1145 2538 v.
1169 2504 1267 2538 1010
1290 2503 1384 2547 Nm„
1406 2502 1488 2538 item
1512 2511 1591 2546 sqq.
1685 2510 1770 2535 con-

113 2561 239 2604 spectu
264 2559 298 2594 B
436 2563 522 2596 1008
547 2561 639 2596 sciui
663 2561 790 2596 audire
815 2561 876 2603 D1,
900 2560 1031 2596 sciuire
1056 2560 1222 2595 audiuire
1245 2559 1321 2595 CD2
1436 2560 1521 2593 1015
1548 2557 1604 2591 sui
1629 2555 1680 2590 B¹

113 2616 201 2648 1016
225 2615 365 2660 quoiius
389 2616 434 2658 B,
460 2617 562 2653 cuius
589 2616 650 2652 CD
745 2621 828 2652 1017
854 2620 890 2652 te
914 2617 982 2652 del.
1006 2615 1201 2657 Acidalius,
1227 2616 1275 2661 cf.
1301 2613 1431 2660 Amph.
1451 2614 1522 2649 944
1614 2623 1720 2658 equm
1736 2611 1772 2647 B

112 2671 248 2715 (·quum
275 2671 345 2716 CD)
440 2676 525 2708 1020
550 2674 766 2719 obiurgauit,
791 2675 836 2714 cf.
863 2673 1081 2709 Ritsclaelius
1105 2684 1163 2718 op.
1181 2674 1219 2713 2,
1237 2673 1315 2706 428
1410 2672 1494 2706 1023
1521 2679 1606 2705 esne
1631 2668 1682 2703 Βι

111 2726 193 2761 hem
219 2726 278 2762 ΟΒ
416 2732 500 2764 1025
525 2731 601 2765 obs.
625 2733 662 2766 te
685 2729 888 2770 Acidcclius,
918 2739 1070 2765 exorare
1094 2729 1159 2763 abs
1189 2730 1225 2762 te
1251 2728 1445 2773 Lanqenus
1467 2726 1579 2772 symb.
1605 2725 1697 2765 319;
1721 2724 1772 2770 cf.

111 2782 296 2829 Berylcius
310 2785 422 2830 symb.
439 2786 488 2820 43
582 2790 667 2822 1026
692 2787 844 2822 numbos
861 2786 896 2821 B
989 2788 1052 2821 130
1070 2785 1249 2830 periurem
1343 2786 1425 2819 1031
1445 2785 1548 2828 potes
1568 2780 1682 2817 CDB2

115 2839 200 2873 1033
225 2839 373 2876 diuitiae
396 2842 506 2884 (·ciae
524 2842 575 2885 C),
599 2853 695 2878 corr.
722 2842 949 2878 Camerarius
1046 2844 1128 2876 1035
1154 2851 1277 2876 ce*ses
1303 2839 1366 2884 B1,
1391 2849 1509 2875 cesses
1534 2838 1568 2874 D
