1998 3179
103 89 148 118 Ν
163 90 186 124 1,
206 89 299 122 45-2,
318 89 353 117 10
817 86 1045 123 ASINARIA
1705 85 1727 122 8
1735 85 1757 121 3

159 203 263 244 PAR.
313 202 415 249 Scio,
447 203 648 254 captiones
678 202 829 242 metuis.
888 201 1015 241 DIAB.
1066 200 1221 240 Verum.
1279 200 1383 240 PAR.
1434 199 1537 250 Ergo
1569 206 1612 238 ut
1650 199 1759 238 iubes
1771 204 1826 236 790

159 271 305 311 tollam.
353 270 480 311 DIAB.
525 267 717 316 Quidni?
765 269 870 309 PAR.
914 268 1012 307 Audi
1034 268 1190 308 relicua.
1239 267 1365 307 DIAB.
1408 267 1600 318 Loquere,
1632 269 1757 308 audio.

157 337 262 378 PAR.
306 333 458 388 ‘Neque
490 337 611 376 ullum
641 336 798 375 verbum
831 336 946 374 faciat
975 335 1250 387 perplexabile‚

159 417 287 456 neque
317 405 394 444 ulla
425 405 557 455 lingua
587 404 682 443 sciat
712 403 819 453 loqui
852 403 925 441 nisi
956 403 1092 441 Attica.

159 473 258 511 forte
289 475 321 511 si
351 473 491 512 tussire
523 472 706 523 occepsit‚
738 483 788 509 ne
818 470 874 509 sic
903 470 1052 517 tussiat,

158 547 200 579 ut
229 539 409 590 cuiquam
440 539 613 590 linguam
644 539 684 577 10
715 538 915 577 tussiendo
946 544 1135 588 proserat.
1770 546 1826 579 795

159 608 262 658 quod
293 607 356 646 illa
387 610 515 646 autem
545 605 713 652 simulet,
744 605 853 656 quasi
884 605 1049 656 gravedo
1079 605 1259 656 profluat,

158 676 233 714 hoc
263 687 313 714 ne
343 675 397 713 sic
427 674 561 712 faciat:
593 681 633 712 tu
664 673 846 712 labellum
875 673 1097 723 abstergeas

157 743 288 794 potius
318 754 434 793 quam
463 741 646 791 cuiquam
677 740 824 790 saxium
855 740 966 778 saciat
997 739 1135 791 palam.

159 822 230 849 nec
260 816 385 849 mater
414 809 501 847 lena
530 809 576 847 ad
607 808 738 847 vinum
771 807 928 846 accedat
958 808 1128 854 interim,

158 890 231 916 nec
261 877 328 916 ulli
349 877 468 916 verbo
497 877 597 915 male
628 876 741 914 dicat.
791 876 821 915 si
853 876 1002 922 dixerit,
1769 870 1826 903 500

156 946 251 984 haec
280 944 401 984 multa
433 945 465 982 ei
497 950 592 992 esto,
624 944 711 982 vino
741 943 875 994 viginti
906 943 987 982 dies

157 1019 200 1052 ut
228 1005 379 1052 careat.³
440 1011 567 1052 DIAB.
617 1011 783 1051 Pulchre
813 1011 981 1062 scripsti.
1031 1010 1171 1049 scitum
1201 1011 1479 1062 syngraphum.

155 1081 259 1120 PAR.
303 1075 423 1119 ‘Tum
453 1080 484 1119 si
515 1092 693 1126 coronas,
724 1085 839 1126 serta,
871 1085 1072 1129 unguenta
1103 1078 1257 1117 iusserit

157 1148 336 1187 ancillam
364 1148 466 1187 ferre
496 1146 641 1186 Veneri
671 1150 735 1186 301
766 1146 961 1198 Cupidini,

156 1223 245 1255 tuos
275 1227 406 1255 servos
436 1222 575 1262 servet,
605 1215 800 1253 Venerine
832 1227 896 1253 eas
927 1215 991 1253 det
1021 1227 1069 1252 an
1103 1214 1197 1253 viro.
1771 1225 1826 1257 805

157 1284 188 1322 si
219 1284 319 1322 forte
349 1295 447 1334 pure
476 1282 573 1321 velle
603 1282 747 1321 habere
778 1282 929 1327 dixerit,

158 1357 215 1390 tot
246 1357 380 1389 noctes
408 1349 544 1388 reddat
573 1362 734 1401 spurcas
764 1356 860 1400 quot
890 1360 987 1400 pure
1019 1341 1221 1386 habuerit.²

156 1419 251 1457 haec
281 1425 375 1458 sunt
404 1430 485 1456 non
519 1430 657 1468 nugae,
690 1429 769 1455 non
802 1417 907 1455 enim
937 1416 1154 1455 mortualia.

154 1486 281 1526 DIAB.
333 1485 490 1524 Placent
520 1486 696 1536 profecto
728 1484 846 1536 leges.
897 1496 1060 1535 sequere
1093 1484 1209 1522 intro.
1242 1506 1291 1511 —
1325 1483 1430 1523 PAR.
1481 1484 1645 1534 Sequor.
1679 1507 1729 1512 —

1647 1574 1712 1613 IV
1735 1576 1757 1612 2

154 1644 281 1683 DIAB.
332 1644 506 1694 Sequere
537 1643 621 1681 hac.
673 1654 798 1692 egone
830 1643 924 1680 haec
956 1642 1080 1693 patiar
1111 1648 1177 1679 3111
1207 1640 1385 1680 taceam?
1417 1642 1538 1680 emori
1770 1654 1827 1688 810

155 1724 216 1750 me
246 1711 390 1757 malim,
423 1722 538 1761 quam
568 1710 664 1748 haec
696 1722 776 1748 non
810 1709 893 1748 eius
924 1709 1036 1748 uxori
1067 1708 1249 1747 indicem.

155 1780 215 1818 ain
249 1777 320 1819 tu?
350 1778 452 1829 apud
484 1778 646 1816 amicam
676 1790 821 1816 munus
851 1776 1133 1816 adulescentuli

154 1848 332 1897 fungare,
364 1846 477 1885 uxori
508 1858 669 1885 excuses
701 1852 736 1884 10
767 1851 807 1884 01
836 1845 940 1884 dicas
970 1842 1136 1883 senem?

155 1915 367 1966 praeripias
397 1920 569 1953 scortum
601 1913 745 1952 amanti
775 1919 891 1964 atque
922 1919 1129 1962 argentum
1160 1912 1304 1951 obicias

154 1980 295 2022 lenae?
326 1982 499 2033 suppiles
529 1981 628 2020 013111
658 1981 762 2020 domi
794 1993 955 2019 uxorem
988 1978 1123 2019 tuam?
1770 1991 1826 2024 815

154 2050 388 2101 suspendam
420 2049 550 2100 potius
578 2061 656 2096 me,
687 2061 804 2099 quam
834 2055 875 2087 tu
908 2048 1003 2086 haec
1033 2048 1148 2086 tacita
1180 2048 1344 2086 auferas.

154 2118 227 2157 iam
260 2117 415 2169 quidem
447 2116 580 2155 hercle
609 2115 656 2155 ad
686 2116 789 2155 illam
822 2116 915 2155 hinc
946 2116 1023 2163 ibo,
1056 2128 1172 2167 quam
1204 2122 1245 2154 tu
1275 2115 1520 2167 propediem,

156 2184 230 2224 nisi
260 2185 416 2236 quidem
447 2184 510 2223 illa
541 2190 631 2223 ante
661 2184 883 2236 occupassit
911 2190 962 2230 te,
996 2184 1145 2234 effliges
1176 2184 1271 2230 seio,

155 2252 329 2291 luxuriae
359 2258 538 2303 sumptus
568 2252 817 2304 suppeditare
848 2258 890 2290 ut
919 2251 1082 2302 possies.

213 2400 273 2432 ’191
301 2397 440 2441 reliqua
567 2399 631 2431 792
655 2407 722 2432 nec
747 2396 888 2431 Nonius
912 2398 976 2431 151
1113 2396 1350 2442 perplexibile
1366 2394 1448 2437 DE,
1473 2395 1695 2441 perpexibile
1714 2395 1760 2437 B,

98 2453 329 2499 perpexabile
353 2453 494 2488 Nonius
585 2457 652 2488 794
675 2453 750 2488 fors
767 2453 946 2494 Botleius;
970 2454 1019 2497 cf.
1037 2452 1250 2488 Slczccscln'us
1273 2452 1393 2487 Plaut.
1420 2464 1451 2486 u.
1477 2452 1580 2486 Rom.
1596 2452 1670 2486 150

98 2520 166 2546 nec
194 2509 227 2544 E
317 2512 380 2544 502
405 2509 561 2554 scriptis,
587 2521 680 2544 corr.
705 2509 796 2544 Pius
888 2510 1120 2554 singraphum
1145 2508 1220 2544 BE
1320 2510 1496 2543 799—802
1521 2508 1661 2544 alienos
1685 2521 1762 2545 esse

99 2567 258 2602 arbitror
348 2568 414 2600 804
439 2566 497 2601 uel
522 2566 670 2601 Ree'zius
761 2568 824 2601 807
850 2576 960 2610 puras
978 2565 1094 2608 codd,
1119 2566 1259 2600 Nonius
1276 2566 1360 2605 394,
1386 2575 1479 2599 corr.
1505 2564 1670 2611 Scaliqer

101 2625 164 2658 808
196 2623 247 2668 cf.
279 2623 366 2658 Cato
399 2634 458 2670 ap.
492 2623 577 2658 Geli.
603 2623 668 2665 18,
699 2624 735 2664 7,
766 2623 790 2657 3
817 2623 1039 2663 (mortuaria)
1179 2624 1241 2656 810
1274 2622 1513 2656 ADOLESCENS
1542 2631 1760 2657 ARG1R1PPVS

99 2679 282 2721 (-11>vs'B)
306 2678 337 2713 ἀ
359 2689 559 2714 PARASITVS
581 2689 652 2714 nvo
677 2678 750 2713 BE
756 2691 770 2720 ‚·
801 2679 850 2723 cf.
875 2678 956 2713 Aul.
982 2677 1042 2713 IV
1066 2679 1113 2720 4.,
1137 2678 1186 2713 ad
1211 2678 1298 2712 828.
1319 2678 1396 2711 829
1531 2677 1618 2721 (ut)
1640 2677 1761 2722 patiar

100 2734 351 2770 Fleckeisenus
463 2738 527 2769 815
553 2735 734 2780 suppelles
759 2736 952 2780 (suppeiles
977 2733 1130 2775 Parcus)
1236 2736 1300 2769 816
1324 2734 1543 2778 suppendas‚
1566 2743 1660 2768 corr.
1686 2733 1759 2768 Bo-

102 2790 197 2826 thius
331 2793 373 2826 tu
401 2792 492 2826 haec
524 2792 638 2827 tacita
669 2791 881 2838 Kaempfius
914 2791 957 2825 de
985 2800 1095 2836 pron.
1124 2799 1226 2836 pers.
1251 2791 1320 2824 25:
1354 2790 1469 2825 tacita
1501 2791 1543 2824 tu
1566 2790 1656 2824 haec

102 2849 166 2882 818
191 2857 346 2893 occupas
371 2847 439 2882 site

1436 2904 1485 2936 6*
