2018 3183
234 92 314 130 146
977 88 1156 124 PLAVTI
1695 87 1738 116 111
1750 89 1776 121 3,
1795 87 1897 116 36-64

235 215 273 247 at
303 203 423 255 nun'c,
457 207 565 259 prius
595 217 709 256 quam
743 203 973 255 septuennis
1003 209 1075 247 est,
1106 202 1136 241 si
1169 202 1336 253 attingas
1366 215 1454 242 eum
1486 215 1616 251 manu,
1908 209 1966 242 440

236 275 430 326 extemplo
461 285 561 326 puer
592 272 815 324 paedagogo
848 264 975 309 tabula
1008 269 1216 321 disrumpit
1246 276 1374 321 caput.

237 355 324 383 cum
356 348 506 393 patrem
537 340 650 379 adeas
682 338 934 390 postulatum,
966 349 1088 389 puero
1120 338 1176 377 sic
1206 337 1299 376 dicit
1328 344 1458 389 pater:

231 405 387 450 ‘noster
416 415 512 455 esto,
544 408 635 446 dum
667 413 704 445 te
736 406 883 458 poteris
914 405 1119 444 defensare
1151 399 1314 443 iniuria.'

236 482 472 529 provocatur
503 475 767 526 paedagogus:
796 468 890 512 ‘eho
921 484 1040 512 senex
1073 472 1220 511 minimi
1252 472 1366 523 preti,

239 557 287 583 ne
317 543 452 595 attigas
482 554 648 594 puerum
679 542 775 581 istac
807 553 931 587 causa,
964 540 1120 591 quando
1152 540 1242 578 fecit
1272 533 1457 579 strenue.²
1910 545 1967 578 445

238 608 284 666 [it
315 611 499 662 magister
529 609 638 661 quasi
670 609 830 648 lucerna
863 616 982 647 uncto
1014 614 1197 659 expretus
1228 604 1377 662 linteo]

236 680 314 719 itur
345 678 451 718 illinc
482 678 565 716 iure
595 677 712 716 dicto.
764 677 903 716 hocine
935 676 997 715 hic
1028 682 1142 727 pacto
1174 682 1302 726 potest

237 746 416 786 inhibere
448 745 655 797 imperium
687 745 882 796 magister,
913 744 944 783 si
974 744 1081 795 ipsus
1112 744 1261 794 primus
1293 740 1474 794 vapulet?

236 814 374 855 Mmzs.
424 813 535 852 Acris
566 812 774 864 postulatio
807 812 902 851 haec
933 817 1003 850 est.
1055 823 1143 850 cum
1176 811 1291 850 liuius
1321 811 1421 849 dicta
1451 808 1648 861 intellego,

237 882 332 921 mira
363 887 456 921 sunt
486 881 526 919 ni
557 880 792 919 Pistoclerus
823 879 972 930 Lydum
1004 879 1146 930 pugnis
1177 878 1366 918 contudit.
1911 882 1969 915 450

236 949 347 989 LYD.
393 949 466 988 Sed
499 948 586 999 quis
616 948 678 986 hic
710 954 778 993 est,
812 959 926 998 quem
959 953 1151 985 astantem
1181 946 1291 985 video
1313 951 1402 984 ante
1425 943 1596 984 ostium?
1628 957 1650 984 o
1677 944 1900 990 Philoxene,

237 1018 331 1056 deos
363 1016 554 1067 propitios
586 1027 646 1054 me
677 1015 806 1054 videre
839 1026 953 1065 quam
985 1014 1092 1052 illum
1123 1011 1272 1067 (haud)
1304 1013 1502 1052 mavellem
1532 1012 1638 1051 mihi.

236 1085 360 1125 PHIL.
413 1083 508 1129 Quis
540 1083 617 1122 illic
649 1081 734 1122 est?
792 1082 902 1122 Lm.
955 1081 1230 1127 Mnesilochus,
1261 1081 1366 1132 gnati
1398 1081 1453 1119 tui
1484 1080 1625 1120 sodalis
1653 1068 1902 1132 '[Pistocleri].

239 1152 339 1192 haud
371 1151 563 1190 consimili
594 1151 753 1201 ingenio
785 1156 902 1200 atque
933 1149 996 1188 ille
1026 1156 1084 1188 est
1115 1149 1179 1200 qui
1212 1149 1251 1187 in
1284 1148 1462 1200 lupanari
1493 1147 1667 1188 accubat.

239 1221 480 1259 fortunatum
512 1218 760 1264 Nicobulum,
792 1218 858 1269 qui
889 1217 997 1256 illum
1029 1217 1212 1268 produxit
1241 1215 1327 1256 sibi.
1915 1220 1971 1253 455

237 1287 362 1327 PHIL.
413 1286 546 1325 Salvos
577 1287 642 1333 sis,
674 1285 925 1332 Mnesiloche,
966 1285 1110 1324 salvom
1141 1291 1179 1323 te
1210 1285 1391 1323 advenire
1421 1283 1583 1334 gaudeo.

239 1354 377 1395 Mmzs.
428 1354 474 1393 Di
504 1360 542 1393 te
573 1360 716 1400 ament,
750 1353 974 1392 Philoxene.
1033 1352 1144 1392 Lm.
1195 1352 1267 1391 Hic
1298 1352 1402 1391 enim
1424 1352 1497 1391 rite
1518 1350 1752 1403 productust
1780 1350 1902 1402 patri:

239 1423 278 1462 in
313 1435 419 1462 mare
451 1422 490 1469 it,
522 1434 605 1460 rem
637 1420 862 1460 familiarem
896 1426 1018 1466 curat,
1051 1419 1218 1459 custodit
1249 1420 1421 1466 domum,

240 1490 463 1542 obsequens
494 1489 786 1539 oboediensque
817 1494 874 1527 est
906 1487 1003 1526 mori
1036 1493 1152 1538 atque
1184 1487 1356 1538 imperiis
1387 1487 1519 1538 patris.

238 1559 302 1598 hic
331 1557 472 1598 sodalis
504 1556 716 1596 Pistoclero
748 1556 822 1595 iam
853 1568 953 1607 puer
982 1567 1105 1607 puero
1138 1555 1229 1603 suit;
1919 1559 1975 1592 460

238 1626 407 1666 triduom
442 1638 522 1664 non
555 1625 717 1664 interest
746 1624 880 1663 aetatis
912 1627 999 1662 uter
1030 1623 1153 1662 maior
1183 1623 1275 1662 siet:

240 1706 373 1733 verum
406 1693 607 1744 ingenium
641 1692 728 1744 plus
759 1691 918 1743 triginta
948 1691 1064 1730 annis
1094 1690 1236 1729 maiust
1266 1702 1381 1741 quam
1414 1689 1535 1728 alteri.

239 1761 362 1801 PHIL.
414 1761 510 1800 Cave
543 1760 644 1798 malo
676 1765 713 1798 et
744 1771 950 1811 compesce
982 1758 1020 1797 in
1054 1758 1161 1797 illum
1192 1757 1322 1797 dicere
1354 1758 1509 1796 iniuste.
1567 1756 1677 1798 LYD.
1727 1756 1841 1804 Tace,

240 1829 382 1868 stultus
414 1841 455 1867 es
487 1828 551 1879 qui
583 1827 636 1866 illi
667 1827 766 1866 male
799 1838 914 1877 aegre
946 1833 1080 1878 patere
1111 1826 1185 1865 diei
1216 1826 1283 1877 qui
1315 1826 1416 1865 facit.

241 1893 346 1951 [nam
379 1896 484 1935 illum
517 1907 647 1935 meum
679 1895 822 1934 malum
853 1901 1079 1946 promptare
1110 1894 1238 1933 malim
1272 1906 1387 1945 quam
1418 1893 1626 1945 peculium.
1918 1897 1976 1930 465

239 1965 363 2005 PmL.
416 1962 615 2010 Quidum?
664 1963 774 2003 LYD.
821 1963 931 2009 Quia,
955 1962 1097 2001 malum
1120 1963 1151 2001 si
1182 1968 1394 2014 promptet,
1427 1962 1466 2000 in
1498 1961 1580 2000 dies
1612 1961 1727 2001 faciat
1746 1957 1906 2015 minus]

239 2033 378 2073 MNES.
429 2032 531 2078 Quid
561 2032 730 2071 sodalem
763 2043 892 2070 meum
923 2033 1098 2081 castigas,
1131 2030 1246 2082 Lyde,
1279 2029 1512 2081 discipulum
1543 2026 1684 2068 tuom?

239 2100 349 2140 LYD.
401 2099 519 2138 Periit
540 2099 608 2138 tibi
630 2098 783 2138 sodalis.
844 2098 981 2138 Mmzs.
1032 2098 1088 2136 Ne
1111 2098 1148 2137 di
1169 2098 1294 2137 sirint.
1355 2097 1465 2137 LYD.
1515 2096 1580 2135 Sic
1601 2102 1723 2136 estut
1751 2095 1907 2146 loquor.

354 2235 419 2267 440
445 2231 611 2275 antingas
637 2230 686 2265 B¹
811 2231 942 2274 attigas
967 2239 1120 2275 puerum
1143 2240 1253 2265 manu
1278 2229 1495 2266 Ritschelius
1619 2231 1682 2264 441
1718 2228 1910 2273 dirrumpit

242 2289 302 2325 CD
395 2291 461 2324 445
485 2289 617 2332 attigas
642 2290 794 2322 testatur
810 2286 952 2322 Nonius
974 2289 1032 2321 75:
1057 2287 1223 2331 adtingas
1314 2287 1386 2322 ista
1411 2285 1456 2328 D,
1481 2285 1622 2320 Nonius
1713 2287 1780 2320 446
1802 2284 1833 2320 it
1858 2283 1910 2319 B¹

243 2357 315 2382 var.
335 2345 375 2380 l..·
397 2345 435 2380 id
453 2344 501 2387 B,
525 2349 561 2380 et
580 2343 615 2385 C,
639 2342 682 2378 fit
706 2343 737 2378 D
762 2347 769 2351 '
842 2342 983 2378 Paulus
1012 2344 1055 2378 79
1085 2345 1235 2388 expreta
1259 2342 1398 2387 antiqui
1423 2342 1593 2377 dicebant
1617 2341 1721 2386 quasi
1744 2341 1911 2385 expertia.

239 2402 377 2438 habita.
409 2411 533 2437 versus
555 2410 628 2435 non
651 2399 721 2434 huc
743 2400 926 2445 pertinere
950 2399 1090 2435 videtur
1113 2399 1157 2434 ab
1183 2399 1336 2444 oriqine,
1354 2409 1437 2433 nam
1462 2407 1527 2432 nec
1550 2398 1587 2432 in
1609 2397 1730 2443 patris
1744 2407 1912 2432 sermone

240 2459 356 2494 locum
374 2457 481 2494 habet
504 2467 568 2492 nec
585 2456 752 2491 narratio
777 2456 1013 2491 confirmatur
1029 2459 1112 2490 ante
1129 2466 1157 2490 v.
1173 2456 1249 2489 447
1339 2458 1402 2489 447
1421 2454 1572 2490 hoccine
1665 2455 1731 2489 448
1756 2453 1911 2499 uapulat

240 2515 436 2561 Lanqenus
466 2513 579 2560 symb.
604 2513 656 2548 47
790 2515 853 2547 451
887 2511 991 2558 Lydo
1024 2510 1184 2557 Pylades
1215 2511 1325 2553 dedit,
1357 2511 1421 2546 sed
1457 2531 1499 2536 —
1535 2510 1666 2546 ostium
1701 2508 1910 2545 Philoxeno

240 2570 342 2606 codd.
452 2573 517 2604 452
540 2569 686 2615 (haud)
711 2568 942 2604 Her-mannus
1056 2570 1120 2603 453
1153 2579 1280 2603 nomen
1310 2568 1475 2613 spurium
1505 2577 1581 2602 esse
1611 2565 1793 2602 inlellexit
1815 2565 1910 2601 Her-

241 2638 417 2668 mannus;
440 2626 525 2673 (pol
556 2625 615 2661 hic
640 2625 806 2670 quidem>
832 2624 1003 2660 Goetzius
1141 2627 1205 2659 455
1230 2623 1436 2659 nicobolum
1575 2625 1639 2658 458
1665 2622 1695 2658 it
1718 2634 1752 2658 5:
1778 2623 1820 2657 ut

242 2686 306 2718 459
330 2693 429 2719 more
543 2685 606 2717 461
629 2682 701 2717 iter
725 2680 771 2723 D,
795 2682 844 2726 cf.
872 2680 975 2716 Most.
1003 2681 1082 2715 407
1185 2682 1251 2714 462
1275 2679 1424 2724 triginta
1447 2679 1576 2721 (huie)
1602 2677 1821 2714 Ritschelius

242 2742 304 2773 463
330 2740 474 2784 malum,
499 2749 594 2774 corr.
620 2737 802 2784 Scaliqer3
827 2737 876 2783 cf.
903 2736 979 2773 Mil.
997 2737 1102 2771 1335.
1129 2736 1299 2771 Plautum
1316 2736 1504 2781 scripsisse
1519 2735 1612 2771 malo
1635 2733 1791 2769 ostendit
1808 2731 1910 2768 Pers.

242 2796 317 2830 369
333 2807 386 2841 sq.
469 2799 546 2831 465.
563 2797 639 2830 466.
666 2794 795 2830 delevit
821 2794 969 2830 Guietus
991 2796 1087 2840 (post
1111 2794 1188 2827 462
1206 2792 1334 2838 posuit
1366 2791 1568 2837 Vssirzqius)
1674 2793 1736 2826 467
1763 2789 1910 2826 sosoda·

241 2851 310 2887 lem
336 2851 411 2887 CDl
504 2854 570 2887 468
596 2851 633 2886 di
657 2851 778 2887 sinant
810 2851 838 2887 Β
863 2862 936 2886 var.
957 2850 992 2894 l.,
1017 2850 1177 2886 deserint
1203 2850 1231 2886 C
