2003 3199
784 87 1065 122 PRAEFATIO
1722 93 1753 127 V

104 217 216 245 suum
239 208 437 243 corrector
457 215 550 241 usus
581 202 639 250 sit,
671 207 715 241 ut
734 202 861 241 rarius
882 215 951 254 per
972 203 1039 241 has
1061 202 1208 242 fabulas
1230 204 1454 243 coniectura
1486 205 1541 243 uti
1563 205 1753 246 debuerit.

102 275 311 322 sequentes
332 269 479 309 scilicet
499 269 646 309 fabulas
667 282 790 320 usque
811 269 857 308 ad
876 269 1032 308 Militem
1050 271 1215 309 mediam
1237 277 1436 310 corrector
1452 273 1581 312 multis
1598 274 1753 313 coniec-

102 339 200 378 turis
230 337 459 385 emendavit,
489 337 668 388 pluribus
697 338 839 376 frustra
869 338 1080 388 temptavit.

213 405 262 444 Vt
290 410 477 444 servatam
499 404 643 444 codicis
673 416 750 454 quo
772 404 920 444 Veteris
942 411 1141 444 corrector
1172 418 1264 445 usus
1296 411 1353 445 est
1372 407 1513 446 variam
1544 407 1752 447 lectionem

101 472 325 525 gaudemus,
356 472 411 511 sic
441 472 601 523 periisse
630 470 840 510 dolendum
871 477 928 511 est
957 473 1118 512 schedas
1139 473 1295 512 Adriani
1317 474 1503 522 Turnebi,
1536 488 1582 514 ex
1613 476 1754 526 quibus

102 552 200 591 quae
230 539 276 578 ab
308 539 392 590 ipso
424 539 471 578 de
501 539 597 578 locis
628 551 707 578 non
740 538 904 589 amplius
927 539 1209 591 quinquaginta
1241 547 1395 580 enotata
1427 542 1614 582 habemus
1645 557 1754 583 com-

100 608 232 659 posuit
247 606 428 645 Goetzius
449 606 488 645 in
508 606 672 645 Poenuli
693 606 814 657 praef.
832 618 868 657 p.
888 606 953 645 VlI
965 619 1021 658 sq.
1060 608 1196 646 habuit
1216 614 1343 647 autem
1366 609 1429 648 ille
1446 610 1567 649 codex
1588 612 1752 650 mediam

100 675 204 714 inter
233 674 263 713 A
294 679 332 712 et
362 673 396 712 P
422 673 643 720 lectionem,
675 674 827 724 qualem
859 673 897 712 in
932 674 1062 713 multis
1092 675 1250 714 ultimae
1280 676 1518 727 antiquitatis
1550 678 1657 718 libris
1688 693 1752 718 ex-

100 742 220 781 titisse
259 747 568 780 consentaneum
609 747 685 788 est,
725 741 828 780 velut
859 740 1031 780 Senecae
1071 743 1356 793 tragoediarum
1394 745 1666 796 palimpsestus
1696 748 1754 785 vel

100 808 278 847 Isocratis
318 808 668 859 Demosthenisque
706 808 843 860 papyri
884 809 999 847 medii
1036 815 1129 848 sunt
1169 809 1272 849 inter
1307 811 1417 851 binas
1450 825 1544 863 quas
1577 815 1754 853 novimus

100 877 240 915 horum
261 875 498 927 scriptorum
521 876 710 915 editiones
732 876 924 927 antiquas.
962 889 1096 915 verum
1119 877 1165 916 de
1183 877 1359 917 Lambini
1377 875 1503 919 clibris
1524 876 1753 930 veteribus³,

99 956 264 995 quorum
296 943 383 981 fidei
414 943 476 982 hic
507 943 584 982 illic
619 943 811 995 scriptura
843 944 900 982 vel
942 944 1159 983 emendatio
1200 946 1382 986 notabilis
1421 947 1606 997 debetur,
1646 956 1752 989 certo

97 1011 257 1050 iudicari
289 1010 440 1062 nequit.

209 1078 443 1117 Fabularum
475 1078 651 1117 ordinem
684 1078 807 1129 qualis
838 1078 876 1117 in
910 1080 939 1116 Α
973 1085 1011 1117 et
1034 1078 1067 1116 P
1094 1079 1245 1119 obtinet
1278 1080 1494 1121 obtinuitve
1521 1096 1753 1136 proponam,

97 1146 281 1198 quoniam
323 1146 406 1197 ipse
451 1146 732 1185 accuratiorem
779 1158 855 1196 quo
902 1159 973 1185 nos
1016 1146 1070 1185 uti
1102 1148 1271 1187 solemus
1316 1149 1529 1189 litterarum
1577 1153 1752 1192 ordinem

96 1220 252 1253 secutus
282 1225 380 1252 sum.

482 1322 516 1358 A
923 1326 926 1353 l
1331 1327 1361 1361 P

477 1387 523 1437 Ξ
1189 1395 1404 1438 Amphitruo

478 1477 519 1481 -—
1189 1451 1359 1486 Asinaria

340 1513 540 1548 Bacchides
1189 1506 1378 1541 Aulularia

343 1569 483 1614 Captivi
1192 1561 1333 1606 Captivi

340 1626 538 1665 (Curculio)
922 1566 925 1715 Ι
1190 1618 1358 1654 Curculio

341 1682 472 1717 Casina
1187 1675 1320 1710 Casina

342 1738 546 1773 Cistellaria
1189 1730 1392 1767 Cistellaria

341 1795 515 1839 Epidicus
921 1727 925 1908 Ι
1187 1787 1364 1830 Epidicus

341 1851 522 1887 Mercator
1187 1844 1386 1879 Bacchides

342 1907 566 1942 Mostellaria
1190 1900 1414 1936 Mostellaria

338 1963 445 1998 Miles
469 1963 646 2007 gloriosus
921 1909 924 2001 Ι
1186 1956 1413 1992 Menaechmi

339 2019 566 2055 Menaechmi
1189 2012 1294 2047 Miles
1319 2014 1496 2057 gloriosus

1188 2069 1371 2105 Mercator

340 2110 571 2144 Trinummus
1189 2126 1389 2162 Pseudolus

338 2165 580 2200 Truculentus
1187 2182 1370 2218 Poenulus

339 2220 531 2257 Vidularia
1186 2238 1299 2274 Persa

338 2301 521 2336 Poenulus
1186 2295 1334 2330 Rudens

337 2357 450 2392 Persa
1188 2351 1334 2386 Stichus

338 2412 538 2449 Pseudolus
1189 2408 1418 2443 Trinummus

338 2470 487 2505 Rudens
1189 2464 1429 2500 Truculentus

339 2526 485 2562 Stichus
1188 2520 1380 2557 Vidularia

205 2641 390 2681 Codicum
421 2641 629 2680 lectionem
663 2652 708 2678 eo
740 2639 855 2678 modo
886 2637 1066 2677 adnotavi
1098 2642 1139 2675 ut
1161 2648 1259 2687 quae
1290 2636 1334 2674 ad
1356 2637 1628 2677 recensionem
1659 2651 1749 2690 per-

91 2709 265 2748 tinerent
296 2709 530 2756 exhiberem,
562 2708 806 2759 singulorum
839 2706 1017 2745 codicum
1051 2705 1123 2744 nisi
1155 2716 1322 2755 quorum
1354 2705 1511 2756 propria
1542 2707 1749 2746 auctoritas

93 2782 194 2815 esset
222 2777 482 2828 proprietates
521 2789 600 2815 non
643 2781 993 2828 repraesentarem.
1062 2771 1219 2824 propria
1257 2778 1384 2812 autem
1427 2775 1637 2813 auctoritas
1668 2789 1746 2814 non

93 2849 150 2881 est
181 2843 357 2882 codicum
385 2844 416 2883 C
442 2850 480 2883 et
511 2844 544 2882 D
575 2844 640 2882 ubi
668 2843 743 2888 CD,
776 2842 952 2881 codicum
983 2839 1015 2879 V
1041 2846 1076 2878 ot
1108 2839 1141 2877 E
1168 2838 1234 2878 ubi
1272 2839 1334 2878 VE
1362 2841 1562 2881 coniuncti
1596 2849 1747 2891 extant;
