1998 3179
53 100 83 128 11
92 102 119 135 3,
139 101 239 128 21—44
797 97 971 134 CASINA
1634 95 1712 133 237

54 219 98 255 1'1t
126 222 164 256 te
195 216 324 254 bonus
354 214 570 254 Mercurius
599 213 748 266 perdat,
780 213 992 264 my‘ropola,
1024 213 1115 263 quia
1143 213 1238 251 haec
1268 212 1363 251 mihi
1394 211 1543 251 dedisti.

53 284 230 323 CLEOST.
271 273 355 321 Eho
376 288 419 321 tu
440 282 563 330 nihili,
593 285 689 321 cana
711 281 834 327 culex,
865 281 927 319 vix
947 283 1085 319 teneor
1107 280 1200 331 quin
1224 292 1323 331 quae
1344 280 1485 319 decent
1504 285 1541 319 te
1572 279 1709 326 dicam,

53 353 209 390 senecta
239 355 362 389 aetate
393 352 660 400 unguentatus
690 351 762 399 per
790 348 880 394 vias,
912 348 1061 398 ignave,
1093 346 1272 386 incedis?
1725 351 1781 384 240

52 418 152 458 LYs.
203 418 270 457 Pol
300 429 372 468 ego
403 417 526 456 amico
557 417 644 456 dedi
673 416 824 455 cuidam
857 427 1029 467 operam,
1061 415 1153 453 dum
1185 415 1277 453 emit
1298 420 1513 466 unguenta.
1558 414 1628 454 CL.
1667 413 1714 452 Vt

1093 482 1168 520 cito
1201 484 1474 521 commentust.

54 552 193 603 ecquid
213 558 251 591 te
272 550 421 603 pudet?
451 551 550 592 LYs.
583 537 724 590 simnia
746 562 844 600 quae
865 555 904 588 tu
927 552 995 588 vis.
1026 549 1201 589 Cmosrr.
1232 547 1305 586 Vbi
1327 548 1368 586 in
1391 549 1512 587 lustra
1533 547 1712 587 iacuisti?

52 620 151 659 LYs.
200 609 337 670 Egone
367 619 406 657 in
438 616 587 658 lustra?
645 618 820 657 CLEOsT.
871 617 960 655 Scio
992 616 1081 667 plus
1112 628 1226 666 quam
1259 622 1302 654 tu
1332 628 1394 654 me
1424 615 1627 655 arbitrare.

896 684 995 723 LYs.
1046 683 1148 728 Quid
1180 683 1217 722 id
1249 681 1335 722 est?
1368 683 1460 734 quid
1491 681 1598 722 scis?

51 753 226 794 CLEOST.
276 753 330 792 Te
360 765 454 792 sene
485 752 659 790 omnium
689 759 713 791 -ι-
737 762 870 789 senem
902 751 1098 789 neminem
1130 762 1215 790 esse
1245 750 1498 800 ignaviorem.

9 868 13 872 ᾗ
52 821 156 860 finde
188 820 232 867 is,
265 818 403 858 nihili?
433 819 500 858 ubi
531 817 664 857 fuisti?
694 818 761 856 ubi
792 816 1018 857 lustratu's?
1051 818 1117 856 ubi
1146 816 1307 857 bibisti?
1727 823 1781 855 245

51 888 182 927 mades
212 893 426 926 mecastor:
456 886 555 934 vide,
586 885 785 937 palliolum
807 892 850 925 ut
879 889 1004 937 rugat.
1054 886 1153 926 LYs.
1196 885 1240 924 Di
1272 898 1333 924 me
1365 891 1403 924 et
1432 891 1469 924 te
1500 885 1712 931 infelicent,

51 955 82 994 si
103 958 174 1005 ego
195 955 235 994 in
257 967 300 994 os
321 957 450 993 meum
473 954 588 993 hodie
609 954 686 992 vini
708 960 856 1005 guttam
877 954 1011 993 indidi.
1063 954 1238 994 CLEOST.
1279 953 1402 992 Immo
1424 965 1507 1003 age,
1529 956 1572 992 nt
1592 952 1711 999 lubet,

52 1022 154 1070 bibe,
185 1034 238 1069 es,
270 1022 449 1074 disperde
479 1033 574 1060 rem.
633 1021 732 1061 LYs.
784 1008 878 1068 Ohe,
911 1022 984 1060 iam
1017 1022 1120 1067 satis,
1151 1024 1262 1069 uxor,
1295 1021 1508 1072 comprime
1540 1027 1590 1066 te,

1053 1089 1216 1128 nimium
1248 1088 1382 1135 tinnis,
1588 1094 1781 1126 248-250

49 1157 227 1209 relinque
258 1157 499 1208 aliquantum
531 1156 731 1202 orationis,
762 1159 848 1195 cra's
879 1156 982 1206 quod
1015 1169 1167 1195 mecum
1198 1157 1339 1208 litiges.

49 1291 117 1332 sed
148 1291 240 1343 quid
270 1289 352 1331 ais?
383 1291 457 1330 iam
489 1291 672 1330 domuisti
703 1291 889 1337 animum,
922 1291 1052 1342 potius
1083 1297 1126 1330 ut
1156 1291 1261 1342 quod
1292 1292 1349 1330 vir
1378 1291 1467 1330 velit

49 1359 146 1408 fieri,
169 1359 206 1398 id
229 1359 356 1406 facias,
389 1371 503 1409 quam
526 1359 728 1398 adversere
749 1357 916 1398 contra?
947 1359 1122 1400 CLEosT.
1154 1359 1239 1405 Qua
1261 1359 1308 1398 de
1330 1358 1400 1398 re?
1431 1359 1530 1398 LYs.
1553 1357 1711 1409 Rogas?

49 1438 168 1478 super
197 1426 335 1465 ancilla
367 1425 515 1473 Casina,
548 1432 591 1465 ut
621 1426 735 1465 detur
765 1432 931 1477 nuptum
963 1433 1099 1465 nostro
1131 1427 1256 1474 vilico,

49 1506 158 1534 servo
189 1493 292 1545 frugi
322 1498 438 1544 atque
469 1492 535 1531 ubi
565 1493 619 1531 illi
650 1493 751 1532 bene
783 1493 832 1532 sit
860 1493 981 1544 ligno,
1013 1506 1113 1544 aqua
1144 1493 1278 1541 calida,
1310 1493 1411 1540 cibo,
1725 1498 1780 1529 255

49 1561 298 1609 vestimentis,
329 1561 474 1612 ubique
505 1561 644 1600 educat
673 1573 819 1612 pueros
850 1574 948 1612 quos
978 1562 1105 1613 pariat
1134 1572 1159 1604 ἢ·
1184 1563 1314 1613 potius

50 1641 163 1680 quam
194 1629 248 1668 illi
279 1640 390 1668 servo
422 1641 591 1679 nequam
621 1629 700 1676 des,
733 1629 925 1680 armigero
959 1629 1026 1668 nili
1057 1635 1173 1681 atque
1204 1629 1398 1681 improbo,

49 1697 111 1736 cui
142 1696 289 1735 homini
320 1695 435 1735 hodie
465 1696 595 1747 peculi
626 1708 810 1736 nummus
842 1709 922 1735 non
955 1703 1013 1736 ost
1042 1697 1263 1749 plumbeus.

48 1764 222 1804 CLEOST.
271 1763 413 1802 Mirum
445 1770 608 1811 ecastor,
639 1770 677 1802 te
708 1770 866 1803 senecta
898 1767 1022 1803 aetate
1054 1764 1227 1803 osticium
1257 1771 1364 1804 tuom

49 1844 129 1870 non
150 1831 388 1871 meminisse.
430 1831 530 1871 LYs.
568 1830 668 1877 Quid
699 1830 805 1870 iam?
850 1832 893 1872 C.
932 1833 1042 1880 Quia,
1075 1833 1104 1871 si
1137 1833 1254 1871 facias
1279 1838 1384 1872 recte
1405 1839 1471 1872 aut
1491 1832 1707 1879 commode,
1722 1834 1779 1866 260

47 1910 109 1937 me
138 1899 242 1938 sinas
272 1910 409 1938 curare
440 1899 611 1946 ancillas,
643 1910 742 1949 quae
773 1911 858 1938 mea
889 1906 948 1939 est
977 1900 1138 1939 curatio.

47 1965 145 2006 LYS.
176 1965 260 2013 Qui,
283 1966 440 2013 malum,
461 1966 610 2006 homini
631 1967 868 2018 scutigerulo
891 1967 983 2005 dare
1004 1966 1142 2005 lubet?
1179 1967 1354 2007 CLEOST.
1387 1967 1485 2013 Quia
1507 1967 1610 2006 enim
1633 1967 1710 2006 filio

159 2067 224 2099 238
247 2065 425 2110 miropola
525 2066 586 2110 qui
611 2065 808 2100 Lambinus
907 2068 972 2101 239
997 2067 1088 2101 nihil
1112 2067 1172 2101 hic
1197 2067 1368 2102 anaculix
1460 2069 1524 2101 240
1550 2076 1710 2109 unguen-

47 2119 94 2154 tis
119 2119 181 2161 13¹,
206 2124 409 2164 unguentus
443 2121 472 2155 V
475 2121 512 2156 E
613 2124 674 2156 241
704 2123 974 2158 commendatus
999 2126 1065 2167 est,
1090 2133 1183 2158 corr.
1210 2123 1369 2169 Pylades
1473 2126 1537 2158 243
1562 2124 1647 2168 quid
1671 2127 1710 2159 tu

48 2175 118 2210 scis
142 2175 264 2219 BVE,
288 2180 330 2212 tu
353 2177 420 2212 del.
448 2176 663 2224 Geppertus,
688 2179 783 2223 quod
807 2182 847 2214 tu
872 2179 943 2214 scis
962 2191 991 2220 ς,
1017 2180 1065 2224 cf.
1092 2179 1142 2214 ad
1166 2178 1300 2214 Bacch.
1320 2180 1367 2214 54
1460 2182 1525 2214 238
1549 2190 1603 2224 sq.
1619 2181 1711 2224 fort.

47 2233 235 2278 anapaesti
258 2236 335 2276 (240
361 2233 431 2268 duo
454 2234 696 2280 paroemiaci‚·
722 2238 783 2269 241
809 2246 872 2280 ego
889 2235 1029 2280 <eam>;
1054 2239 1118 2270 242
1143 2236 1205 2271 ubi
1222 2236 1260 2271 in
1276 2236 1390 2272 lustra
1407 2236 1575 2271 iacuisti?
1600 2246 1711 2280 egone

47 2288 84 2322 in
99 2287 261 2333 lustrum,
285 2289 413 2324 deinde
434 2292 508 2325 scio
524 2291 606 2336 plus
624 2302 731 2336 quam
748 2294 788 2327 tu
803 2303 859 2327 me
876 2292 1066 2328 arbitrare.
1097 2294 1102 2334 Ι
1130 2293 1214 2337 quid
1232 2293 1269 2327 id
1287 2293 1364 2328 est?
1389 2292 1474 2337 quid
1490 2294 1530 2328 tu
1547 2293 1642 2328 scis?

47 2345 113 2378 244
127 2344 218 2388 fort.
235 2348 382 2390 sen<um
398 2347 586 2392 equid>em
664 2350 727 2382 245
745 2348 800 2383 his
875 2349 1002 2384 uiuisti
1020 2349 1070 2383 B¹
1082 2348 1151 2383 VE
1217 2349 1358 2384 Nonius
1374 2350 1447 2384 135
1460 2352 1500 2392 (s.
1517 2350 1710 2385 lustratus:

47 2398 264 2444 luxuriosus)
288 2403 384 2437 unde
407 2413 445 2438 es
470 2403 561 2438 nihil
585 2404 647 2438 ubi
670 2404 846 2440 lustretur
870 2405 922 2439 ibi
946 2405 1094 2440 bibatur
1216 2408 1280 2440 246
1306 2406 1420 2449 adest,
1445 2417 1536 2440 corr.
1563 2405 1709 2441 Sclzoel-

48 2455 117 2491 lius
221 2458 273 2503 cf.
295 2458 374 2504 frq.
399 2459 468 2494 inc.
492 2461 543 2494 45
560 2460 599 2496 G.
705 2461 742 2495 di
766 2461 821 2496 B:
845 2461 890 2496 de
922 2461 992 2496 VE
1079 2462 1256 2497 infilicent
1281 2462 1328 2504 B,
1352 2461 1521 2497 infilicem
1556 2461 1588 2496 V
1588 2461 1623 2496 E

49 2514 111 2547 247
136 2514 243 2550 hodie
266 2525 335 2550 om.
361 2515 493 2551 B¹VE
580 2517 682 2552 iubet
710 2516 787 2559 VE,
812 2518 894 2552 item
918 2519 998 2552 262
1091 2520 1269 2553 248-250
1295 2518 1544 2562 dispererdere
1569 2518 1620 2554 B¹

48 2569 135 2604 satis
151 2580 243 2606 uxor
258 2573 314 2606 est
330 2571 446 2614 codd„
463 2573 513 2617 cs.
531 2571 641 2607 Stich.
664 2574 733 2607 734
806 2573 926 2609 tinnes
998 2576 1062 2608 253
1081 2585 1186 2619 quam
1205 2574 1381 2620 Pylades:
1397 2574 1518 2619 potius
1536 2585 1641 2619 quam

48 2626 113 2659 254
137 2626 211 2661 casi
233 2637 317 2661 nam
341 2631 380 2661 ut
404 2627 473 2663 vid.
500 2628 561 2670 15²¹,
591 2629 735 2664 cassina.
760 2628 797 2664 Ε
897 2633 939 2665 ut
964 2630 1018 2664 B:
1043 2631 1078 2665 S.
1105 2633 1146 2665 ut
1179 2630 1246 2665 VE
1348 2633 1412 2665 256
1436 2631 1557 2675 potius
1581 2631 1711 2678 incipit

47 2691 78 2716 v.
95 2691 160 2726 sq„
183 2682 234 2727 cf.
252 2685 339 2718 252.
363 2685 443 2718 268
449 2697 464 2725 ,·
486 2685 608 2730 pariat
630 2685 768 2731 (bene)
789 2686 909 2731 potius
926 2686 1055 2722 deinde
1071 2687 1202 2721 omisso
1226 2687 1297 2721 nisi
1316 2686 1553 2729 Camerarius,
1577 2689 1711 2723 rectius

46 2737 167 2782 potius
184 2740 304 2774 omisit
328 2740 516 2786 Vssinqius
533 2743 660 2786 (probe
678 2741 894 2789 Geppercus)
965 2746 1029 2777 257
1047 2743 1152 2777 nihili
1169 2743 1330 2778 Merula:
1345 2743 1414 2779 nisi
1485 2745 1549 2778 260
1562 2746 1661 2779 recte
1675 2755 1711 2781 ς.·

47 2796 145 2829 certe
249 2798 314 2832 aut
338 2795 374 2831 B
396 2797 433 2831 in
457 2808 550 2833 rasa
573 2801 610 2833 et
642 2797 711 2833 VE
815 2802 875 2833 261
906 2810 1034 2835 curare
1058 2810 1114 2834 me
1139 2799 1236 2834 sinas
1270 2799 1302 2834 V
1303 2799 1339 2834 E
1440 2802 1505 2835 262
1529 2799 1604 2836 filio
1630 2811 1708 2836 cum

47 2850 90 2890 (v.
107 2853 173 2895 sq.)
189 2850 296 2887 unico
310 2853 532 2898 permutavit
547 2854 722 2890 Botlzius:
746 2854 810 2890 sed
826 2856 949 2902 aptius
965 2855 1071 2891 unico
1090 2866 1131 2891 eo
1149 2856 1228 2891 loco
1246 2855 1379 2902 leqitur
1394 2867 1467 2902 quo
1483 2857 1521 2892 in
1540 2856 1642 2893 libris
1657 2862 1709 2892 est
