2018 3183
245 78 297 115 62
981 77 1164 113 PLAVTI
1737 79 1752 108 1
1763 80 1790 113 s,
1809 79 1911 109 eo-ee

243 191 456 239 faciebatis,
490 192 594 243 quod
627 191 804 231 nolebam
836 203 880 229 ac
910 197 1123 238 votueram,
1154 192 1201 230 de
1231 191 1420 231 industria

244 261 465 312 fugiebatis,
498 272 629 310 neque
661 258 796 297 conari
827 258 862 297 id
895 259 1022 297 facere
1052 258 1254 298 audebatis
1283 259 1403 310 prius,

244 341 351 368 nunc
383 340 511 378 neque
544 326 634 378 quid
666 326 780 364 velim
812 336 941 376 neque
974 325 1095 364 nolim
1127 326 1249 366 facitis
1279 326 1422 377 magni,
1455 339 1670 378 pessumae.

242 396 401 436 CLEAR.
450 395 535 433 Non
568 401 609 432 tu
641 391 745 433 scis?
775 393 838 432 hic
870 399 1005 432 noster
1035 401 1220 445 quaestus
1250 394 1392 446 aucupi
1423 394 1669 435 simillimust.

242 475 386 513 auceps
418 461 575 513 quando
609 460 859 500 concinnavit
889 472 1032 507 aream,
1064 461 1232 501 offundit
1263 461 1415 511 cibum;

241 542 328 568 aves
360 529 616 568 adsuescunt:
650 531 809 568 necesse
841 535 899 568 est
929 529 1058 568 facere
1087 537 1286 582 sumptum
1320 531 1384 581 qui
1417 530 1569 581 quaerit
1597 529 1773 581 lucrum;

241 609 356 648 saepe
389 596 529 635 edunt:
562 596 682 635 semel
712 596 743 635 si
774 603 867 635 sunt
898 605 1044 648 captae,
1075 610 1158 636 rem
1190 598 1344 638 solvont
1374 599 1527 650 aucupi.

239 664 370 704 itidem
403 665 465 703 hic
496 664 597 715 apud
630 676 722 703 nos:
756 664 870 703 aedes
901 664 1016 704 nobis
1046 677 1134 704 area
1167 672 1236 713 est,
1267 678 1412 718 auceps
1441 678 1526 706 sum
1558 679 1643 718 ego,
1833 672 1901 705 219.
1915 674 1972 708 220

239 745 326 772 esca
358 738 415 771 est
445 732 645 779 meretrix,
677 731 799 771 lectus
830 731 935 771 inlex
967 739 1037 779 est,
1070 739 1266 773 amatores
1296 746 1402 783 aves3

238 798 340 839 bene
371 799 574 839 salutando
608 806 887 846 consuescunt,
920 800 1191 852 compellando
1219 800 1426 848 blanditer,

238 867 465 914 osculando,
499 867 675 906 oratione
704 867 877 914 vinnula,
907 868 1124 908 venustula.

235 935 265 974 si
298 934 480 986 papillam
512 935 771 986 pertractavit,
803 935 905 974 haud
937 942 995 975 est
1025 935 1072 975 ab
1104 948 1146 975 re
1177 936 1361 987 aucupis;

235 1004 379 1044 savium
410 1004 441 1042 si
472 1003 651 1054 sumpsit,
683 1015 838 1042 sumere
871 1016 961 1042 eum
993 1004 1082 1043 licet
1112 1004 1197 1043 sine
1228 1003 1390 1043 retibus.
1912 1011 1968 1045 225

233 1072 397 1110 haecine
427 1077 464 1109 te
496 1083 579 1109 esse
613 1069 789 1117 oblitum,
821 1070 860 1109 in
894 1071 985 1109 ludo
1017 1071 1082 1122 qui
1115 1071 1221 1111 fuisti
1252 1078 1327 1110 tam
1360 1070 1455 1111 diu?

233 1139 404 1179 ARGYR.
454 1138 536 1176 Tua
567 1138 638 1177 ista
659 1138 773 1190 culpa
796 1145 866 1186 est,
898 1151 997 1190 quae
1027 1139 1261 1191 discipulum
1284 1139 1543 1178 semidoctum
1566 1139 1634 1179 abs
1664 1144 1701 1178 te
1732 1151 1899 1179 amoves.

232 1207 391 1248 CLEAR.
442 1206 626 1247 Remeato
657 1207 854 1254 audacter,
885 1208 1106 1246 mercedem
1137 1210 1168 1247 si
1200 1207 1277 1246 eris
1309 1214 1466 1247 nactus:
1499 1219 1606 1247 nunc
1636 1206 1710 1246 abi.

231 1275 403 1315 ARGYR.
447 1275 574 1322 Mane,
597 1287 725 1322 mane,
748 1275 849 1314 audi.
882 1274 955 1322 dic,
981 1275 1072 1326 quid
1096 1287 1155 1314 me
1178 1287 1343 1326 aequom
1366 1288 1504 1315 censes
1526 1287 1597 1327 pro
1619 1274 1681 1314 illa
1703 1274 1773 1314 tibi
1794 1275 1898 1323 dare,

231 1355 380 1382 annum
410 1343 517 1382 hunc
549 1356 598 1383 ne
630 1355 719 1382 cum
751 1343 936 1394 quiquam
967 1342 1040 1382 alio
1073 1341 1149 1382 sit?
1209 1342 1368 1384 CLEAR.
1415 1341 1552 1382 Tene?
1584 1342 1718 1395 viginti
1750 1343 1966 1392 minas3230

230 1417 346 1462 atque
377 1423 421 1450 ea
451 1411 556 1462 lege:
590 1411 620 1450 si
651 1410 748 1449 alius
778 1410 823 1448 ad
855 1423 917 1449 me
948 1410 1057 1462 prius
1087 1410 1272 1458 attulerit,
1304 1417 1345 1449 tu
1377 1410 1471 1450 vale.

230 1478 282 1519 A.
317 1480 365 1518 At
386 1490 458 1530 ego
481 1484 538 1518 est
559 1478 670 1517 etiam
694 1478 804 1529 prius
826 1490 942 1529 quam
964 1477 1046 1517 abis
1068 1479 1170 1529 quod
1195 1478 1279 1517 volo
1302 1478 1421 1529 loqui.
1473 1478 1516 1519 C.
1559 1479 1628 1518 Dic
1649 1479 1754 1530 quod
1776 1477 1896 1518 lubet.

229 1545 281 1586 A.
331 1547 417 1585 Non
451 1546 613 1585 omnino
645 1546 719 1584 iam
750 1546 862 1597 perii,
896 1552 953 1585 est
983 1546 1170 1585 relicuom
1203 1558 1282 1596 quo
1313 1558 1470 1597 peream
1502 1546 1636 1598 magis.

230 1614 354 1653 habeo
387 1613 491 1653 unde
522 1614 623 1653 istuc
653 1613 722 1652 tibi
755 1613 858 1665 quod
891 1614 1020 1666 poscis
1050 1613 1158 1659 dem3
1190 1614 1257 1653 sed
1288 1614 1328 1652 in
1360 1614 1464 1664 leges
1495 1626 1598 1654 meas

229 1681 342 1729 dabo,
374 1682 429 1722 uti
460 1681 559 1721 scire
591 1681 729 1733 possiS,
761 1688 994 1733 perpetuom
1026 1694 1172 1720 annum
1205 1681 1312 1722 hunc
1341 1682 1434 1721 mihi
1467 1682 1523 1722 uti
1552 1682 1693 1722 serviat
1907 1688 1964 1721 235

230 1762 304 1789 nec
335 1761 571 1800 quemquam
602 1749 752 1788 interea
784 1749 900 1788 alium
933 1749 1106 1788 admittat
1135 1761 1299 1801 prorsus
1330 1762 1444 1800 quam
1476 1762 1538 1789 me
1568 1749 1615 1788 ad
1645 1762 1687 1789 se
1716 1749 1855 1790 virum.

227 1818 386 1858 CLEAR.
437 1817 555 1864 Quin,
587 1817 618 1856 si
648 1823 689 1855 tu
719 1817 838 1862 voles,
870 1817 973 1856 domi
1003 1817 1102 1856 servi
1134 1817 1199 1868 qui
1229 1823 1322 1856 sunt
1353 1817 1531 1857 castrabo
1561 1817 1676 1857 viros.

227 1891 427 1937 postremo
459 1891 502 1924 ut
530 1884 637 1924 voles
669 1897 741 1924 nos
771 1896 868 1931 esse,
900 1884 1167 1936 syngraphum
1199 1885 1313 1923 facito
1345 1885 1516 1934 adscras3

227 1960 269 1992 ut
299 1953 416 2000 voles,
447 1959 490 1991 ut
520 1952 587 1991 tibi
619 1951 780 1998 lubebit,
813 1951 927 1991 nobis
957 1952 1081 2003 legem
1114 1952 1324 2004 imponito:

225 2021 342 2059 modo
374 2026 504 2059 tecum
537 2031 612 2059 una
644 2026 851 2071 argentum
883 2019 1046 2067 adserto,
1078 2020 1187 2059 facile
1218 2020 1343 2071 patiar
1372 2026 1513 2059 cetera.
1905 2026 1961 2060 240

224 2088 464 2140 portitorum
494 2087 727 2126 simillumae
757 2093 849 2126 sunt
879 2087 1016 2127 ianuae
1046 2088 1247 2126 lenoniae:

225 2156 256 2195 si
288 2155 427 2202 adfers,
459 2162 541 2194 tum
573 2161 721 2206 patent,
751 2156 783 2194 si
815 2168 894 2194 non
929 2162 987 2195 est
1017 2156 1120 2206 quod
1154 2156 1234 2201 des,
1266 2156 1381 2194 aedes
1412 2168 1490 2194 non
1525 2161 1672 2207 patent.
1701 2177 1756 2184 —

1916 382 1973 415 215

338 2257 404 2289 212
430 2255 617 2290 uetueram
639 2254 687 2289 B²
779 2257 842 2289 213
871 2255 1037 2290 coronari
1055 2254 1142 2290 D¹E
1232 2257 1298 2290 214
1323 2255 1372 2299 cf.
1392 2254 1590 2290 Muellerus
1607 2265 1713 2300 pros.
1729 2254 1802 2289 149

225 2314 289 2346 215
316 2310 516 2346 simillimus
541 2313 596 2346 est
688 2314 752 2346 216
779 2312 988 2347 concinauit
1005 2311 1080 2347 BE
1168 2314 1232 2346 217
1251 2312 1470 2347 adsuescunt
1494 2311 1545 2355 cf.
1563 2309 1820 2345 Lachmannus
1844 2310 1894 2345 ad

222 2367 330 2403 Lucr.
349 2369 384 2409 4,
411 2368 487 2402 997
576 2369 642 2402 218
668 2370 796 2413 captae
814 2371 899 2403 sunt
918 2366 1094 2402 Gruterus
1186 2370 1261 2402 219.
1280 2370 1343 2402 220
1363 2367 1518 2403 ititidem
1535 2366 1606 2402 BD
1697 2367 1799 2403 aedis

222 2427 284 2460 221
312 2426 441 2470 pectus
465 2422 606 2458 Paulus
636 2424 704 2458 113
797 2426 861 2458 223
894 2426 1049 2459 uenusta
1078 2423 1219 2459 Nonius
1243 2425 1317 2459 186
1409 2426 1474 2458 224
1506 2423 1763 2469 pertractabit,
1795 2433 1889 2458 corr.

224 2478 453 2514 Camerarius
592 2481 679 2523 post
709 2479 772 2512 225
805 2477 1029 2513 intercidisse
1060 2477 1201 2512 videtur
1233 2477 1316 2513 talis
1345 2477 1542 2513 sententiae
1575 2477 1791 2512 versiculus:
1833 2477 1890 2512 sin

223 2532 374 2567 ductare
405 2530 626 2575 postulauit,
658 2531 774 2576 tangit
807 2531 947 2574 uiscus,
982 2534 1109 2576 captus
1142 2534 1196 2566 est
1309 2533 1373 2566 226
1406 2531 1580 2566 haeccine
1694 2532 1758 2566 230
1788 2532 1890 2574 tune,

221 2596 315 2620 corr.
342 2584 569 2620 Camerarius
685 2586 749 2620 233
780 2584 958 2629 reliquum
1065 2585 1160 2630 quod
1187 2583 1223 2619 Ε
1315 2596 1440 2621 versus
1468 2585 1562 2620 male
1591 2583 1800 2621 modulatus
1824 2584 1888 2629 (cf.

221 2638 380 2674 Brixius
410 2637 447 2671 in
472 2637 613 2673 Loemii
633 2642 668 2672 et
694 2638 832 2673 Goelzii
850 2638 978 2685 praef.
1000 2650 1037 2684 p.
1055 2639 1118 2679 26,
1145 2637 1363 2674 Ribbeck-ius
1386 2649 1475 2673 mus.
1499 2637 1613 2674 Rlzen.
1639 2639 1697 2680 37,
1726 2638 1768 2672 61
1793 2637 1889 2679 adn„

222 2703 294 2738 quo
326 2691 415 2726 duce
438 2690 579 2726 scribas
601 2702 637 2726 n.
664 2701 696 2727 ο.
721 2692 832 2737 perii,
865 2694 922 2728 est
949 2702 978 2726 r.
1011 2691 1142 2733 etiam).
1169 2692 1222 2736 cf.
1249 2691 1354 2727 Truc.
1379 2693 1448 2726 174
1542 2694 1606 2726 235
1639 2691 1733 2727 dabo
1759 2693 1800 2726 ut

222 2748 287 2781 238
313 2745 565 2790 syngrapham,
591 2754 686 2780 corr.
712 2744 928 2787 Saracenas,
952 2745 1004 2790 ⁶f·
1026 2746 1105 2780 746.
1125 2746 1204 2780 802
1334 2745 1439 2780 fatito
1464 2744 1536 2780 BD
1666 2747 1731 2780 240
1757 2743 1888 2780 adferi-

220 2801 258 2834 to
284 2797 336 2833 B¹
466 2801 543 2833 241.
571 2800 647 2833 242.
679 2798 894 2845 Arqyrippo
926 2798 1048 2841 codd„
1080 2798 1265 2834 Clearetae
1296 2797 1394 2833 dedit
1422 2797 1619 2834 Lambinus
1747 2800 1808 2832 241
1837 2797 1887 2842 cf.

220 2851 383 2898 Lindsay
407 2851 511 2886 class.
536 2862 610 2888 rev.
637 2853 669 2894 6,
695 2853 771 2887 342
795 2853 858 2898 qui
881 2864 956 2889 non
980 2853 1059 2888 iure
1083 2851 1223 2887 dubitat
