1998 3179
117 83 134 112 1
152 85 179 119 1,
191 85 293 113 69—87
842 83 1063 120 EPIDICVS
1699 85 1779 122 347

503 199 577 239 ΕΡ.
628 198 798 238 Haecine
829 198 896 238 ubi
927 199 1040 239 scibit
1069 211 1202 246 senex,

504 266 647 318 puppis
676 267 875 318 pereunda
906 273 964 306 est
992 267 1127 318 probe.

503 334 581 374 ΤΗ.
632 333 732 380 Quid
764 334 862 373 istuc
892 335 938 373 ad
968 346 1030 373 me
1061 335 1211 381 attinet,
1812 341 1848 372 75

505 405 582 452 quo
613 408 653 440 tu
684 402 851 441 intereas
881 400 1027 441 modo?

123 468 199 509 ΕΡ.
250 467 345 514 Quia
375 469 506 520 perire
536 469 643 508 solus
674 469 779 515 nolo,
810 475 848 508 te
879 469 996 520 cupio
1027 470 1156 521 perire
1188 481 1353 516 mecum,

120 536 358 576 benevolens
388 549 477 576 cum
507 536 777 576 benevolente.
837 537 914 577 ΤΗ.
964 537 1036 576 Abi
1066 541 1106 576 ln
1138 538 1276 576 malam
1307 550 1389 576 rem
1419 549 1636 576 maxumam
1667 549 1688 576 a
1717 549 1780 576 mc

120 617 211 644 cum
240 607 335 644 istac
365 604 610 643 condicione.
669 604 744 645 ΕΡ.
793 605 809 643 Ι
840 617 946 651 sane,
977 605 1167 656 siquidem
1198 605 1359 644 festinas
1391 605 1522 656 magis.

119 672 197 712 ΤΗ.
245 672 464 724 Numquam
486 673 684 711 hominem
707 684 942 724 quemquam
965 672 1143 720 conveni,
1175 672 1279 711 unde
1301 671 1463 711 abierim
1485 672 1697 712 lubentius.
1725 695 1779 700 —
1812 679 1849 711 80

119 739 195 779 ΕΡ.
243 739 326 779 Illic
356 740 448 780 hinc
479 739 584 779 abiit.
644 740 750 780 solus
780 753 889 779 nunc
920 753 972 780 es.
1032 753 1109 791 quo
1141 741 1181 779 in
1213 740 1299 780 loco
1331 741 1425 780 hacc
1455 753 1516 780 res
1547 741 1595 780 sit
1624 741 1746 788 vides,

121 806 301 859 Epidico:
334 808 409 848 nisi
440 808 530 859 quid
561 807 632 847 tibi
662 809 702 847 in
733 814 811 848 tete
842 808 957 847 auxili
989 814 1058 858 est,
1089 808 1318 860 absumptus
1349 821 1401 848 es,

120 881 253 915 tantae
282 876 322 915 in
353 882 392 915 te
420 875 652 927 impendent
682 876 839 916 ruinae:
874 876 948 915 nisi
978 876 1153 915 suffulcis
1185 876 1358 922 firmiter,

120 955 202 982 non
233 950 346 996 potes
374 943 597 991 subsistere,
629 944 758 995 itaque
790 944 830 983 in
860 928 898 983 t⁴e
930 944 1091 983 inruont
1122 950 1276 983 montes
1307 944 1409 983 mali.

559 1014 687 1063 neque
718 1025 790 1064 ego
822 1024 930 1051 nunc
989 1015 1066 1063 quc
1097 1011 1212 1051 modo
1813 1017 1850 1050 85

120 1091 183 1118 mc
214 1079 434 1132 expeditum
466 1092 512 1119 ex
542 1079 729 1131 impedito
761 1080 908 1127 faciam,
941 1080 1148 1119 consilium
1180 1080 1319 1131 placet.

560 1149 631 1198 ego
663 1147 781 1186 miser
894 1147 1048 1199 perpuli

121 1216 218 1253 meis
249 1213 346 1253 dolis
377 1226 523 1262 senem,
554 1220 598 1253 ut
628 1222 807 1254 censeret
837 1227 946 1254 suam
977 1227 1061 1254 sese
1093 1227 1222 1254 emere
1255 1214 1389 1253 filiam:

558 1285 590 1321 is
621 1295 692 1321 suo
809 1283 889 1321 silio

120 1349 316 1390 fidicinam
349 1349 452 1397 emit,
484 1361 599 1400 quam
630 1350 712 1401 ipse
743 1357 856 1397 amat,
888 1363 1003 1401 quam
1035 1350 1170 1389 abiens
1201 1349 1395 1390 mandavit
1426 1350 1532 1388 mihi.
1810 1355 1849 1387 90

558 1420 589 1457 si
621 1417 693 1456 sibi
723 1430 831 1457 nunc
946 1418 1106 1457 alteram

119 1485 166 1524 Ab
198 1485 352 1537 legione
382 1485 540 1524 adduxit
570 1485 687 1524 animi
719 1498 846 1533 causa,
878 1486 1026 1525 corium
1060 1485 1222 1537 perdidi.
1796 1488 1849 1524 91³

559 1565 649 1591 nam
680 1553 746 1592 ubi
777 1566 895 1592 senex
1013 1553 1180 1592 senserit

119 1620 192 1660 sibi
223 1620 308 1660 data
339 1633 423 1660 esse
451 1620 583 1668 verba,
614 1621 731 1672 vii-gis
762 1621 920 1661 dorsum
953 1621 1143 1673 despoliet
1175 1633 1316 1660 meum.

557 1692 597 1728 at
626 1689 730 1728 enim
762 1696 803 1728 tu
919 1702 1118 1741 praecave.

119 1758 158 1794 at
187 1756 290 1795 enim
323 1779 377 1785 —
407 1756 471 1796 bat
503 1757 620 1804 enim,
654 1757 749 1796 nihil
780 1765 837 1797 est
867 1758 978 1797 istuc.
1038 1757 1154 1809 plane
1185 1757 1260 1796 hoc
1292 1762 1559 1808 corruptumst
1592 1762 1719 1808 caput.
1812 1764 1852 1796 95

562 1827 729 1876 nequam
760 1825 876 1864 homo
909 1838 962 1873 es,
1078 1825 1252 1877 Epidice.

560 1896 626 1944 qui
656 1893 826 1933 lubidost
855 1894 953 1933 male
983 1892 1120 1945 loqui?
1816 1898 1853 1931 97

117 2047 196 2082 sine
223 2048 430 2094 scripturae
460 2048 642 2094 reliqum,
673 2048 800 2085 deinde
824 2060 854 2084 v.
886 2051 947 2091 77,·
980 2049 1167 2095 discriptio
1198 2050 1235 2083 in
1261 2048 1309 2083 P:
1340 2048 1446 2084 Mitte
1471 2059 1527 2083 me
1551 2068 1595 2073 —
1619 2049 1752 2094 puppis
1778 2051 1783 2094 Ι

118 2103 310 2138 Pereunda
334 2124 378 2129 —-
393 2104 498 2141 modo
521 2107 525 2149 Ι
548 2105 640 2149 Quia
656 2125 700 2131 —
716 2106 950 2142 benevolente
975 2112 1038 2141 etc.
1132 2108 1186 2140 75.
1206 2108 1247 2140 76
1273 2105 1396 2140 cretici
1401 2117 1416 2146 ,·
1439 2105 1520 2140 med
1537 2109 1572 2140 et
1594 2104 1785 2141 interbitas

119 2160 220 2201 (304.
244 2161 332 2201 433)
359 2161 550 2197 trochaeos
571 2161 728 2207 facient,
760 2163 808 2206 cf.
835 2162 877 2197 R.
903 2163 1101 2199 Muellerus
1124 2161 1168 2197 de
1193 2161 1300 2207 Epid.
1328 2162 1376 2196 34
1469 2163 1600 2196 77—79
1624 2166 1783 2207 systema

119 2215 340 2252 trochaicum
447 2222 488 2253 77
514 2230 578 2264 qu·
604 2223 637 2253 et
662 2229 716 2262 -1.·‹.÷
741 2230 879 2262 mecum
904 2221 935 2255 A
1044 2221 1084 2253 78
1109 2218 1379 2263 b[elncuo[le]ns
1406 2228 1487 2252 cum
1511 2218 1598 2262 ben·
1623 2222 1658 2253 et
1684 2221 1785 2260 [ma]-

119 2272 216 2315 l[am]
233 2274 265 2309 A
349 2274 383 2309 b.
401 2285 432 2310 c.
449 2274 484 2310 b.
501 2275 578 2309 scil.
597 2276 717 2320 perire
734 2276 839 2320 cupio
933 2278 975 2310 79
1000 2282 1034 2310 et
1052 2278 1091 2310 81
1116 2276 1199 2320 fere
1222 2275 1358 2310 servati
1374 2276 1404 2309 A
1498 2278 1540 2310 79
1559 2275 1602 2316 [si
1627 2275 1785 2321 unidcm

119 2332 170 2366 A:
193 2330 312 2375 siquid
336 2329 371 2366 P
461 2334 502 2366 80
525 2342 677 2376 numqu·
702 2334 733 2367 A
826 2332 1008 2368 iubentius
1042 2330 1111 2366 VE'
1201 2333 1239 2366 81
1268 2341 1336 2376 quo
1362 2351 1404 2356 -
1431 2334 1471 2366 85
1496 2341 1594 2365 nunc
1619 2341 1686 2365 om.
1720 2330 1789 2366 VE

118 2387 198 2432 (qui
218 2397 250 2422 v.
271 2388 315 2422 81
340 2386 473 2424 liabent
496 2398 533 2423 es
558 2399 654 2424 nunc
675 2399 748 2434 pro
771 2399 868 2424 nunc
894 2396 944 2429 es)
1060 2390 1192 2422 85—90
1221 2397 1386 2423 versuum
1418 2387 1606 2432 discriptio
1639 2387 1785 2422 turbata

119 2443 159 2478 in
175 2442 211 2477 P
231 2445 274 2485 (v.
291 2446 335 2487 s.)
427 2447 469 2480 85
494 2444 565 2480 duo
590 2456 714 2480 versus
736 2445 772 2480 in
790 2445 841 2480 A:
866 2447 975 2489 [ne]q-
998 2445 1002 2487 Ι
1024 2444 1203 2489 quomodo
1297 2447 1337 2478 87
1362 2444 1433 2478 deco
1450 2454 1573 2479 versus
1588 2444 1625 2478 in
1641 2443 1690 2478 A:
1714 2463 1760 2470 —
1779 2448 1782 2487 ζ

122 2499 314 2544 [ΡΘΥ]Ρ111[ἰ]
408 2503 450 2537 89
475 2501 568 2543 item,
593 2512 627 2535 η.
654 2501 676 2536 ἶ.
768 2505 810 2537 90
835 2500 976 2536 fidicin-
1003 2502 1033 2536 A
1126 2500 1273 2536 amabat
1299 2499 1464 2543 Guietus,
1489 2500 1568 2545 ipse
1593 2500 1785 2535 emundam

119 2555 245 2591 abiens
280 2555 482 2603 Vssinqius3
515 2557 565 2602 cf.
590 2559 640 2593 46
755 2561 794 2593 91
819 2569 874 2603 sq.
906 2558 997 2604 disp.
1024 2557 1074 2591 P.-
1100 2558 1137 2593 Si
1170 2577 1215 2583 —
1246 2557 1387 2600 perdidi
1419 2559 1422 2600 ί
1449 2556 1541 2591 Nam
1567 2576 1608 2581 —
1633 2567 1750 2591 meum
1779 2557 1784 2601 Ι

120 2612 223 2647 At—
241 2615 353 2658 caput
379 2617 384 2655 Ι
405 2613 568 2659 Nequam
586 2635 628 2639 —
653 2614 806 2660 Epidico
843 2614 912 2657 Qui
932 2635 972 2638 —
993 2623 1098 2658 rogas
1121 2617 1124 2652 l
1155 2614 1211 2648 Tu
1234 2619 1298 2647 etc.
1393 2616 1431 2648 91
1459 2613 1590 2657 [onyas
1614 2623 1739 2648 versus
1762 2625 1784 2648 α

120 2668 153 2713 si
177 2669 305 2715 incipit
328 2670 359 2704 A
391 2671 544 2717 (reliqua
568 2682 601 2705 n.
627 2671 664 2713 ἷ.)
757 2671 788 2705 si
813 2682 878 2705 om.
915 2670 984 2705 VE
1071 2670 1182 2706 animi
1215 2679 1326 2705 causa
1351 2669 1401 2715 cf.
1425 2669 1473 2703 45
1565 2669 1716 2705 abduxit

120 2725 241 2760 anima.
266 2725 336 2761 VE
425 2730 466 2762 92
491 2732 530 2762 ut
557 2729 606 2763 89
622 2729 654 2763 A
747 2730 788 2762 93
815 2727 973 2772 depoliet
998 2726 1201 2762 palmerius
1305 2728 1348 2760 94
1372 2725 1444 2760 cluo
1470 2735 1594 2760 versus
1617 2727 1652 2761 in
1670 2728 1720 2761 A:
1747 2730 1786 2771 at

120 2780 230 2823 eni[m
246 2784 298 2823 tu]
320 2786 324 2825 Ι
344 2793 525 2828 praecaue
618 2787 660 2820 95
678 2786 717 2819 at
733 2784 827 2819 enim
844 2785 906 2819 bat
923 2783 1017 2818 enim
1035 2784 1064 2817 Α
1071 2795 1083 2816 .·
1099 2793 1167 2818 om.
1182 2781 1230 2824 P;
1246 2781 1295 2827 cf.
1311 2781 1412 2817 Pers.
1426 2782 1501 2816 212
1518 2779 1650 2816 Pseud.
1664 2781 1743 2815 235

120 2840 164 2872 96
188 2843 227 2874 ut
252 2841 302 2874 89
317 2840 348 2874 Α
463 2843 504 2875 97
528 2839 565 2874 in
592 2840 666 2885 fine
690 2840 874 2884 [dese]i·i[s]
899 2841 930 2875 A
