1998 3179
89 87 105 115 1
120 87 262 121 1,11-32
781 83 1052 121 MERCATOR
1667 86 1748 125 437

360 206 474 252 pater
502 200 548 239 ad
579 205 794 239 mercatum
824 200 918 240 hinc
947 212 1011 239 me
1041 211 1151 240 meus
1180 200 1286 240 misit
1315 200 1518 250 Rhodum3

357 267 562 307 biennium
592 267 666 307 iam
697 268 843 307 factum
875 273 946 316 est,
977 274 1183 320 postquam
1214 267 1290 307 abii
1321 268 1450 307 domo.

360 335 414 374 ibi
445 347 576 375 amare
607 336 743 387 occepi
774 337 897 374 forma
929 336 1066 375 eximia
1096 336 1316 375 mulierem.

358 403 424 443 sed
456 415 499 442 ea
529 409 572 442 ut
600 403 672 443 sim
702 392 914 455 implicitus
944 403 1082 451 dicam,
1113 404 1145 443 si
1177 409 1357 455 operaest
1386 403 1548 443 auribus

358 477 473 521 atque
502 470 782 510 advortendum
813 470 859 509 ad
891 471 1062 509 animum
1093 471 1202 510 adest
1230 470 1467 523 benignitas.

358 544 397 577 et
424 538 500 577 hoc
529 550 667 590 parum
698 538 829 577 hercle
859 550 969 577 more
999 544 1216 577 amatorum
1246 538 1388 578 institi:

355 614 381 646 ἢ·
423 617 494 657 per
523 617 608 644 mea
639 617 711 657 per
741 611 906 644 conatus
935 617 1021 645 sum
1053 617 1124 644 uos
1155 617 1320 657 sumque
1349 605 1441 645 inde
1473 605 1621 645 exilico.

358 684 447 712 nam
479 684 650 711 amorem
682 673 778 712 haec
808 680 949 712 cuncta
980 673 1069 712 vitia
1099 674 1235 712 sectari
1268 673 1409 720 solent,

357 752 450 779 cura
482 740 686 791 aegritudo
717 740 914 791 nimiaque
946 740 1147 791 elegantia,

356 807 469 859 [haec
500 821 580 847 non
612 808 728 847 modo
760 808 870 847 illum
902 811 968 860 qui
999 815 1113 856 amat,
1144 808 1210 848 sed
1243 820 1440 860 quemque
1471 809 1598 859 attigit

359 887 504 927 magno
536 882 652 927 atque
682 875 806 915 solido
836 876 975 915 multat
1005 877 1236 923 infortunio,

362 956 436 984 nec
466 944 534 995 pol
563 944 741 995 profecto
773 944 978 995 quisquam
1009 944 1095 983 sine
1126 943 1264 995 grandi
1295 944 1396 983 malo

358 1023 571 1063 praequam
602 1024 664 1051 res
694 1012 840 1064 patitur
869 1012 1017 1051 studuit
1046 1011 1273 1064 elegantiae.

362 1079 429 1119 sed
460 1079 583 1118 amori
615 1080 807 1119 accedunt
838 1080 953 1118 etiam
984 1080 1094 1126 haec,
1125 1091 1225 1130 quae
1256 1079 1333 1118 dixi
1365 1079 1516 1118 minus:

357 1147 569 1193 insomnia,
600 1159 800 1195 aerumna,
832 1159 956 1194 error,
986 1154 1116 1186 terror
1146 1153 1184 1186 et
1214 1148 1317 1198 fuga,

364 1213 512 1266 ineptia
544 1215 783 1265 stultitiaque
815 1215 911 1254 adeo
943 1222 981 1254 et
1011 1215 1222 1261 temeritas,

359 1281 610 1332 incogitantia
643 1295 793 1329 excors,
824 1283 1079 1330 immodestia,

359 1349 573 1400 petulantia
606 1356 644 1389 et
673 1350 877 1401 cupiditas,
911 1350 1193 1397 malevolentia,

360 1417 515 1464 inertia,
546 1417 716 1464 aviditas,
747 1417 906 1465 desidia,
937 1417 1090 1463 iniuria,

361 1484 508 1536 inopia,
540 1485 776 1524 contumelia
807 1491 845 1524 et
875 1484 1151 1536 dispendium,]

359 1552 668 1603 multiloquium:
701 1552 1014 1604 parumloquium
1048 1552 1122 1591 hoc
1153 1553 1238 1591 ideo
1271 1553 1314 1591 fit
1344 1553 1446 1603 quia,

206 1665 243 1696 11
269 1661 343 1706 hic,
367 1672 462 1697 corr.
487 1660 579 1696 Pius
669 1672 759 1697 neus
778 1662 813 1697 B
904 1663 1041 1697 rhodus
1068 1661 1138 1702 CD,
1164 1662 1273 1698 rodus
1290 1661 1326 1696 Β
1421 1664 1460 1696 13
1485 1661 1536 1696 ibi
1562 1659 1756 1697 Gruterus.-

90 1717 162 1753 abii
235 1728 356 1753 amare
381 1717 521 1763 occepit
545 1717 592 1760 B,
618 1718 742 1763 occepi
767 1729 888 1753 amare
915 1717 975 1753 CD
1046 1721 1087 1752 14
1114 1717 1254 1753 Nonius
1270 1719 1342 1753 176
1366 1717 1592 1762 simplicitus,
1617 1718 1752 1763 simpli-

91 1773 192 1809 citer.
240 1774 293 1810 Pl.
319 1774 387 1809 M.:
420 1775 484 1809 sed
515 1785 592 1810 eam
618 1775 831 1820 simplicitas
857 1774 974 1810 dicam
999 1774 1030 1808 si
1055 1784 1166 1818 opera
1190 1776 1245 1809 est
1269 1774 1418 1809 auribus
1535 1784 1630 1818 eam,
1662 1785 1755 1810 corr.

91 1829 288 1866 Lambinus
373 1830 419 1866 sit
443 1830 479 1864 B
564 1841 676 1876 opera
699 1833 754 1866 est
841 1835 881 1866 15
906 1831 1164 1865 advortendam
1188 1833 1240 1874 ut,
1265 1841 1360 1865 corr.
1379 1829 1568 1865 Acidalias
1654 1832 1694 1864 16
1719 1832 1755 1865 et

94 1885 172 1922 CD:
196 1886 238 1922 fit
262 1886 297 1921 B
389 1897 479 1930 esse,
503 1897 596 1923 corr.
621 1887 839 1922 Ritselzelias
929 1890 1105 1922 matorum
1124 1886 1159 1920 B
1183 1886 1248 1932 (cf.
1270 1887 1343 1928 62),
1367 1886 1543 1922 maiorum
1563 1885 1634 1927 CD,
1661 1896 1754 1921 corr.

91 1941 288 1978 Ace'a'alz'us.
330 1943 381 1987 cf.
399 1954 488 1978 muS.
507 1943 620 1979 Rleen.
639 1945 701 1985 38,
717 1944 765 1978 16
859 1946 897 1977 17
916 1954 971 1978 me
991 1943 1050 1978 CB
1120 1943 1339 1978 coniecerant
1362 1953 1438 1977 rem
1455 1953 1599 1986 eampse
1615 1942 1757 1978 ecfatus

94 2009 172 2033 sum
196 2008 372 2044 orsusque
395 1999 480 2035 inde
504 2000 651 2043 exilieo3
678 2002 834 2046 propter
858 1999 965 2034 verba
990 2003 1166 2045 corrupta
1191 1998 1426 2033 dubitandam
1450 2005 1503 2034 est
1528 1999 1572 2034 de
1596 1998 1758 2034 adverbii

89 2054 237 2099 forma,
268 2055 371 2090 caius
401 2056 578 2091 rationem
610 2056 884 2103 qrammaticam
915 2055 1101 2101 explicavi
1131 2055 1155 2090 l.
1181 2065 1209 2090 s.
1231 2066 1269 2101 p.
1294 2056 1339 2090 14
1355 2066 1407 2100 sq.
1439 2055 1582 2094 (deilico
1601 2055 1757 2101 12:312),

93 2109 158 2145 sed
188 2121 284 2156 qaae
315 2111 353 2145 in
383 2111 493 2147 aliam
516 2113 728 2147 sententiam
755 2115 975 2158 temptantur
993 2111 1129 2157 procul
1151 2110 1315 2146 habenda
1338 2116 1422 2146 sant
1447 2114 1499 2152 (at
1521 2111 1631 2157 plane
1656 2111 1758 2146 aber·-

94 2166 190 2201 ravit
221 2166 485 2203 Trautmeim'us
515 2168 536 2202 l.
568 2179 595 2203 s.
629 2169 704 2210 38).
759 2168 809 2203 eis
839 2169 903 2213 qui
932 2179 1006 2203 non
1038 2167 1297 2203 intellexerunt
1329 2178 1401 2213 qno
1428 2168 1629 2213 pertineret
1660 2167 1757 2210 inde,

96 2222 275 2258 ascribam
308 2225 466 2260 oratoris
490 2225 605 2260 locam
633 2220 701 2262 οὐκ
725 2221 774 2261 ἄν
798 2219 1116 2271 ἀποψηφίσαισθε
1141 2222 1273 2270 ἑτέρου
1296 2220 1401 2266 τινὸς
1424 2226 1570 2268 μᾶλλον
1593 2220 1617 2269 ἢ
1641 2219 1758 2260 αὐτοῦ

95 2282 167 2316 τοῦ
182 2277 425 2327 πράγματος·
450 2283 569 2317 ταῦτα
585 2278 660 2328 γὰρ
684 2283 748 2317 καὶ
772 2282 896 2317 δίκαια
921 2282 984 2316 καὶ
1011 2274 1116 2316 ὅσια·
1141 2277 1306 2327 ἄρξομαι
1331 2279 1368 2316 δὲ
1393 2278 1571 2316 ἐντεῦθεν
1595 2278 1757 2326 (Antiph.

97 2336 130 2377 6,
147 2337 208 2379 10)
320 2339 361 2372 18
385 2337 495 2373 uitias
520 2340 660 2374 sectare
684 2340 718 2374 B
823 2341 862 2372 19
889 2347 1012 2372 curam
1036 2336 1072 2371 Β
1179 2338 1227 2381 cf.
1257 2337 1342 2372 Cato
1367 2347 1424 2382 ap.
1454 2335 1538 2371 Geli.
1564 2336 1617 2378 11,
1641 2337 1668 2369 2

95 2394 228 2428 20-30
254 2404 284 2429 v.
309 2394 359 2428 ad
381 2394 457 2430 init.
476 2394 577 2441 prol.
672 2396 712 2428 20
742 2394 887 2437 attingit
913 2392 973 2428 CD
1066 2395 1104 2427 21
1133 2393 1289 2428 solitudo
1314 2394 1430 2428 mutat
1456 2391 1490 2426 B
1583 2393 1625 2426 22
1649 2401 1758 2435 gran-

95 2449 140 2484 de
158 2449 192 2484 Β
261 2453 303 2485 23
321 2461 517 2497 praequam
533 2462 607 2486 non
624 2457 720 2485 recte
730 2461 803 2496 pro
821 2452 1073 2495 praeterquam
1084 2449 1222 2496 posuit,
1241 2449 1292 2494 ef.
1310 2447 1481 2483 Handias
1499 2449 1601 2482 Turs.
1619 2448 1654 2488 4,
1674 2448 1757 2488 527,

95 2503 299 2551 Seyffertus
316 2506 415 2541 Berl.
433 2507 526 2553 plait.
543 2518 585 2542 m.
602 2508 709 2549 1891,
726 2508 795 2541 112
888 2506 1002 2542 studit
1024 2506 1066 2547 Β,
1093 2506 1213 2541 studet
1232 2505 1303 2546 CB,
1329 2515 1422 2539 corr.
1443 2504 1671 2538 Camerarius

98 2563 140 2594 24
165 2562 262 2606 quod
285 2562 359 2597 dixi
383 2563 502 2599 minus
527 2563 582 2605 B,
607 2574 700 2609 quae
724 2563 879 2598 diximus
907 2562 966 2598 CD
1082 2564 1124 2596 25
1150 2571 1250 2596 error
1275 2564 1312 2596 et
1334 2563 1452 2596 terror
1476 2562 1513 2595 et
1538 2558 1610 2600 CD,
1635 2569 1758 2595 errore

99 2619 238 2652 terrore
263 2617 309 2660 Β,
333 2628 429 2654 corr.
456 2620 683 2656 Camerarius
795 2619 846 2663 cf.
876 2618 971 2653 Trin.
997 2619 1078 2652 260
1095 2628 1148 2663 sq.
1267 2618 1370 2662 furga
1395 2619 1427 2652 B
1539 2618 1581 2649 26
1605 2615 1759 2660 inepties

98 2671 353 2709 Laelzmannus
377 2675 440 2721 (cf.
460 2675 557 2711 Trin.
580 2677 688 2717 796),·
712 2676 850 2721 ineptia
873 2677 981 2720 atque
1006 2673 1162 2709 stultitia
1184 2672 1400 2708 Ritschelius
1469 2671 1670 2708 temeritast

99 2730 141 2763 28
165 2729 414 2767 maliuolentia
432 2730 493 2767 CD
562 2735 604 2767 29
628 2732 761 2768 inertia
784 2731 843 2766 L..·
869 2732 985 2766 ineret
1001 2732 1037 2765 et
1053 2730 1124 2764 iam
1149 2729 1206 2771 (de
1223 2729 1354 2764 inertia
1372 2731 1405 2763 et
1421 2727 1561 2763 desidia
1584 2727 1761 2763 auiditate

99 2784 286 2831 diremptis
301 2796 331 2821 v.
350 2786 399 2821 ad
416 2786 514 2833 prol.
530 2788 645 2830 ἐπίῃ),-
668 2787 721 2833 of.
747 2787 797 2822 W
795 2787 950 2832 oelfflini
967 2785 1065 2821 areli.
1083 2788 1116 2827 9,
1134 2786 1205 2820 164
1288 2784 1423 2820 residia
1507 2786 1546 2818 31
1574 2785 1643 2819 hoc
1659 2783 1759 2818 ideo:

97 2840 135 2875 id
160 2851 203 2876 eo
228 2839 401 2878 Maroeius
423 2844 573 2889 interpr.
599 2842 660 2878 lat.
687 2844 720 2886 9,
744 2848 826 2889 post
848 2842 1137 2888 parumloquium
1163 2841 1388 2885 distinguens

1781 476 1817 509 15

1779 816 1816 849 20

1781 1153 1818 1186 25
