2018 3183
236 91 286 128 78
973 89 1152 125 PLAVTI
1695 92 1738 121 111
1749 94 1777 125 3,
1789 93 1889 121 ets—94

232 206 336 246 salus
366 205 564 245 interioris
593 213 617 244 ÷
651 204 829 256 corporis
859 204 1081 255 amorisque
1114 204 1340 255 imperator.

233 274 296 313 hic
327 286 444 325 pone,
476 273 540 312 hic
569 272 679 312 istam
712 271 859 311 colloca
891 271 1109 310 cruminam
1140 272 1179 310 in
1212 272 1312 311 collo
1344 272 1472 324 plane.

232 341 368 381 Lisos.
415 340 514 379 Nolo
549 351 620 390 ego
651 346 702 386 te,
736 341 801 390 qui
833 351 923 378 erus
953 339 1016 385 sis,
1047 339 1140 378 mihi
1173 352 1273 379 onus
1303 340 1402 379 istuc
1432 341 1638 380 sustinere.

231 408 342 448 ARG.
394 408 498 453 Quin
530 414 571 446 tu
601 406 734 446 labore
764 406 906 445 liberas
938 412 975 445 te
1004 412 1120 457 atque
1151 407 1262 446 istam
1296 407 1464 459 imponis
1494 408 1534 446 in
1565 407 1656 448 me?

231 475 366 516 Lnox.
418 474 500 525 Ego
532 473 724 521 baiulabo,
757 480 812 520 tu,
844 480 887 513 ut
917 474 1029 513 decet
1058 475 1273 521 dominum,
1305 481 1395 514 ante
1427 487 1487 515 me
1518 476 1572 514 ito
1603 476 1744 517 inanis.
1905 484 1963 518 660

230 543 341 583 ABG.
383 542 483 588 Quid
516 540 653 582 nunc?
709 541 846 583 LEON.
887 541 988 588 Quid
1011 540 1096 581 est?
1153 542 1264 583 ARG.
1315 543 1417 589 Quin
1441 543 1559 584 tradis
1579 544 1656 584 huc
1676 545 1894 586 cruminam

636 617 855 662 pressatum
886 608 1097 649 umerum?

231 678 367 719 LEON.
417 678 539 725 Hanc,
572 679 633 717 cui
665 677 840 717 daturu’s
870 677 984 723 hanc,
1016 677 1107 716 iube
1139 685 1273 729 petere
1304 685 1419 729 atque
1450 691 1562 719 orare
1591 691 1758 720 mecum.

232 758 322 784 nam
353 746 452 785 istuc
482 746 655 798 proclive
686 751 754 793 est,
786 758 864 797 quo
895 744 1006 784 iubes
1036 758 1099 784 me
1129 746 1245 797 plane
1276 746 1480 785 collocare.

229 814 354 854 Pffln.
405 813 472 860 Da,
504 826 615 853 meus
646 814 805 860 ocellus,
837 825 921 852 mea
953 825 1054 860 rosa,
1085 813 1136 851 mi
1170 814 1309 859 anime,
1341 826 1426 852 mea
1457 814 1644 866 voluptas,

230 881 417 929 Leonida,
448 888 655 933 argentum
685 881 792 927 mihi,
826 894 874 920 ne
907 893 980 920 nos
1011 880 1170 932 diiunge
1200 881 1379 920 amantis.
1906 888 1963 921 665

230 949 366 990 Lssox.
416 949 486 988 Dic
518 961 580 987 me
612 949 730 1000 igitur
760 955 869 987 tuom
899 949 1182 1000 passerculum,
1214 948 1408 1000 gallinam,
1441 949 1696 998 coturnicem,

231 1016 440 1068 agnellum,
472 1016 678 1055 haedillum
711 1028 773 1055 me
804 1023 912 1054 tuom
944 1016 1006 1054 dic
1036 1029 1120 1055 esse
1151 1016 1208 1054 vel
1238 1016 1421 1063 vitellum,

230 1084 430 1135 prehende
462 1084 659 1131 auriculis,
692 1095 874 1134 compara
905 1083 1042 1122 labella
1073 1096 1164 1122 cum
1194 1083 1357 1123 labellis.

228 1151 340 1191 ΑΒΘ.
383 1151 465 1190 Ten
491 1151 701 1198 osculetur,
732 1149 928 1191 verbero?
985 1151 1123 1191 Lssox.
1170 1151 1295 1197 Quam
1318 1164 1406 1190 vero
1437 1152 1642 1205 indignum
1664 1154 1786 1194 visum
1808 1153 1893 1195 cst?

228 1226 266 1258 at
295 1220 362 1271 qui
392 1220 458 1272 pol
487 1219 603 1258 hodie
634 1233 715 1259 non
748 1221 862 1268 feres,
895 1219 935 1258 ni
967 1232 1094 1271 genua
1126 1220 1411 1259 confricantur.
1905 1227 1962 1260 670

227 1287 339 1328 ARG.
391 1287 550 1333 Quidvis
581 1294 731 1339 egestas
762 1288 946 1339 imperat:
977 1288 1180 1327 fricentur.
1231 1288 1305 1327 dan
1337 1288 1441 1339 quod
1473 1287 1574 1328 oro?

228 1355 350 1396 PfflL.
400 1356 492 1407 Age,
524 1355 577 1394 mi
607 1355 794 1402 Leonida,
827 1355 1004 1403 obsecro,
1035 1356 1095 1394 fer
1127 1356 1270 1395 amanti
1301 1368 1368 1394 ero
1399 1356 1576 1405 salutem,

228 1423 375 1462 redime
406 1424 504 1463 istoc
534 1423 727 1463 beneficio
760 1430 798 1462 te
828 1423 876 1462 ab
907 1423 997 1471 hoc,
1029 1430 1067 1462 et
1096 1423 1166 1462 tibi
1198 1436 1282 1463 eme
1314 1424 1421 1463 hunc
1451 1424 1524 1464 isto
1556 1432 1732 1477 argento.

227 1491 363 1531 LEoN.
412 1491 535 1531 Nimis
565 1491 667 1530 bella
699 1504 739 1530 es
769 1497 884 1542 atque
916 1491 1102 1538 amabilis,
1135 1497 1172 1530 et
1201 1491 1232 1530 si
1262 1491 1338 1531 hoc
1367 1503 1499 1531 meum
1530 1499 1644 1540 esset,
1673 1493 1791 1533 hodie

230 1571 442 1610 numquam
474 1571 537 1598 me
570 1571 702 1598 orares
733 1559 827 1610 quin
861 1559 1012 1599 darem:
1044 1559 1152 1598 illum
1185 1566 1221 1598 te
1253 1572 1364 1599 orare
1395 1560 1562 1608 meliust,
1905 1565 1962 1598 675

229 1627 308 1666 illic
338 1628 440 1666 hanc
470 1627 565 1666 mihi
596 1626 823 1666 servandam
856 1626 971 1666 dedit.
1022 1627 1056 1666 ei
1087 1639 1180 1666 sane
1213 1626 1312 1666 bella
1340 1627 1452 1666 belle.

230 1706 325 1746 cape
355 1695 430 1733 hoc
459 1695 523 1743 sis,
560 1694 719 1734 Libane.
778 1694 891 1735 ARG.
939 1694 1131 1743 Furcifer,
1165 1695 1279 1734 etiam
1311 1708 1373 1735 me
1404 1694 1608 1735 delusisti?

227 1762 363 1803 Lssox.
412 1762 633 1814 Numquam
664 1762 796 1802 hercle
827 1763 1009 1810 facerem,
1041 1775 1168 1815 genua
1201 1763 1241 1802 ni
1273 1769 1348 1802 tam
1381 1764 1563 1815 nequiter
1593 1764 1768 1805 fricares.

228 1842 299 1880 age
329 1830 381 1869 sis
411 1836 451 1869 tu
484 1830 522 1869 in
558 1837 708 1882 partem
740 1831 925 1869 nunciam
957 1831 1064 1870 hunc
1095 1830 1234 1870 delude
1265 1837 1381 1882 atque
1410 1831 1629 1883 amplexare
1659 1833 1775 1872 hanc.

226 1898 319 1938 Lm.
365 1898 523 1944 Taccas,
554 1911 617 1937 me
638 1905 802 1951 spectes.
851 1898 963 1940 ARG.
1009 1899 1113 1945 Quin
1136 1899 1182 1938 ad
1205 1900 1322 1946 hunc,
1345 1899 1600 1946 Philaenium,
1631 1900 1962 1952 adgredimur,680

226 1965 353 2004 virum
385 1966 541 2016 quidem
575 1966 640 2017 pol
672 1966 861 2017 optimum
893 1973 930 2006 et
962 1979 1043 2006 non
1075 1967 1239 2006 similem
1271 1967 1369 2006 suris
1398 1965 1546 2007 huius?

225 2033 321 2074 Lm.
372 2033 699 2073 Inambulandum
731 2041 808 2073 est:
843 2047 950 2074 nunc
980 2035 1072 2074 mihi
1103 2035 1269 2074 vicissim
1301 2035 1593 2086 supplicabunt.

225 2100 337 2142 ARG.
390 2101 541 2147 Quaeso
575 2102 719 2148 hercle,
751 2102 910 2149 Libane,
942 2103 994 2142 sis
1025 2115 1135 2142 erum
1167 2104 1243 2142 tuis
1274 2103 1384 2142 sactis
1414 2103 1606 2155 sospitari,

225 2168 272 2207 da
302 2169 355 2207 mi
386 2169 478 2208 istas
507 2169 644 2219 viginti
675 2170 812 2210 minas.
862 2171 968 2210 vides
998 2183 1059 2210 me
1091 2178 1284 2210 amantem
1318 2183 1445 2223 egere.

340 2353 405 2385 656
437 2348 599 2393 corporis
625 2347 713 2382 DE.-
738 2347 891 2383 hominis
921 2348 969 2390 B,
1002 2346 1101 2393 quod
1130 2348 1306 2392 oriqe'nem
1330 2347 1565 2382 christianam
1588 2347 1703 2394 sapit,
1728 2347 1779 2393 cf.
1806 2347 1892 2384 Ter-

225 2406 300 2443 tull.
326 2406 370 2441 de
393 2417 452 2441 an.
479 2406 502 2440 9
519 2415 561 2450 p.
585 2405 676 2446 312,
702 2406 748 2446 2,
773 2404 894 2450 Apoll.
920 2404 994 2439 sid.
1023 2405 1056 2446 6,
1079 2405 1111 2445 1,
1132 2405 1154 2438 6
1177 2409 1211 2440 et
1234 2405 1392 2450 saepius.
1417 2403 1555 2439 conieci
1585 2403 1683 2439 salus
1706 2405 1892 2448 maeroris,

225 2474 338 2500 cornu
363 2461 452 2507 opis.
489 2461 540 2507 cf.
566 2461 698 2496 Pseud.
726 2462 802 2496 671.
829 2462 934 2507 copia
960 2466 1139 2507 occupata
1161 2462 1286 2507 priore
1310 2472 1414 2497 versu
1508 2462 1572 2496 658
1597 2462 1705 2496 herus
1731 2460 1806 2496 DE

224 2522 285 2554 661
314 2519 400 2564 quid
423 2520 478 2554 est
501 2517 714 2564 Arqym'ppo
739 2517 856 2559 codd„
879 2517 1061 2553 Leonidae
1084 2517 1183 2552 dedit
1206 2516 1373 2563 Scaliqer
1501 2527 1662 2553 umerum
1685 2517 1893 2554 Bentleius:

224 2586 323 2611 erum
415 2577 480 2609 662
506 2574 622 2609 Leon.
640 2584 708 2609 om.
725 2573 848 2609 BDE¹
941 2576 1007 2609 663
1025 2584 1093 2619 quo
1117 2572 1324 2619 Vssinqius:
1347 2574 1444 2618 quod
1535 2575 1602 2608 664
1624 2584 1725 2609 meus
1749 2573 1890 2610 animus

224 2631 384 2678 Pylades
499 2633 563 2665 665
590 2630 746 2675 deiunge
862 2632 927 2664 666
951 2641 1008 2665 me
1031 2630 1142 2674 igitur
1165 2633 1265 2665 tuom
1290 2629 1464 2665 Bomius:
1487 2629 1598 2674 igitur
1620 2640 1676 2666 me
1700 2632 1802 2666 tuum

224 2690 289 2722 670
315 2687 592 2731 confringantur
622 2686 659 2722 al
688 2686 937 2722 confricantur
968 2686 1022 2729 B,
1054 2687 1330 2731 confringantur
1361 2686 1397 2722 al
1422 2686 1699 2730 confringantur
1724 2686 1775 2729 E,
1808 2688 1891 2722 item

223 2744 287 2778 sed
309 2744 427 2779 Anon.
446 2755 522 2790 pro
547 2744 584 2779 al
607 2743 642 2779 D
780 2746 842 2779 671
870 2744 974 2788 dant,
999 2754 1095 2778 corr.
1121 2741 1298 2778 Gruterus
1436 2746 1502 2778 674
1526 2746 1582 2779 est
1606 2743 1658 2778 B¹
1796 2746 1892 2779 esset

222 2811 340 2835 meum
367 2800 401 2835 E
514 2804 578 2835 675
604 2811 662 2836 me
686 2811 825 2837 orarem
850 2799 887 2835 E
1008 2802 1073 2835 676
1097 2803 1134 2835 et
1156 2798 1292 2842 B¹DE‚
1315 2800 1329 2834 i
1355 2800 1406 2835 B²
1536 2802 1601 2835 679
1625 2802 1726 2838 tuam
1749 2802 1890 2845 partem

222 2856 489 2899 FIeclceisenus,
513 2857 563 2902 cf.
591 2858 661 2892 916
753 2859 817 2892 680
843 2858 963 2893 adhuc
981 2855 1055 2892 DE
1145 2858 1208 2891 683
1233 2856 1350 2893 Lnox.
1365 2867 1504 2903 praem.
