1998 3179
113 71 126 99 1
145 73 169 105 1,
181 73 281 101 48—76
821 70 1060 106 CVRCVLIO
1686 73 1763 110 311

110 186 209 225 PAL.
260 185 362 231 Quid
392 184 471 225 ita?
530 187 697 225 PHAED.
748 184 844 230 Quia
875 184 1080 236 proprium
1111 184 1229 223 facio:
1263 196 1348 223 amo
1380 185 1525 236 pariter
1555 186 1681 226 simul.

109 252 207 293 PAL.
257 252 379 292 Malus
409 252 673 292 clandestinus
704 259 762 291 est
791 264 911 299 amor,
942 252 1165 291 damnumst
1195 263 1358 291 merum.

108 319 275 359 PHAED.
326 319 395 359 Est
423 320 553 359 hercle
584 320 634 359 ita
666 326 709 358 ut
737 324 779 358 tu
811 319 919 358 dicis.
979 319 1081 359 PAL.
1132 319 1265 358 Iamne
1296 331 1342 358 ea
1373 320 1446 359 fert
1477 319 1639 372 iugum?
1797 332 1834 361 50

107 385 275 425 PHAED.
325 385 420 425 Tam
451 399 470 425 a
501 398 563 426 me
593 387 733 438 pudiea
764 393 823 425 est
853 386 961 437 quasi
992 398 1105 425 soror
1137 398 1222 425 mea
1252 386 1313 432 sitq
1346 387 1419 426 nisi

106 453 138 492 si
168 459 226 492 est
257 453 468 492 osculando
501 454 699 505 quippiam
731 453 975 505 impudicior.

105 520 206 560 PAL.
256 520 419 572 Semper
449 527 491 559 tu
521 520 630 567 scito,
661 521 812 559 flamma
844 521 949 558 fumo
981 526 1040 558 est
1069 520 1264 572 proxima;

106 587 211 626 fumo
242 586 421 626 comburi
452 587 507 626 nil
537 594 678 638 potest,
710 587 861 626 flamma
891 592 1031 638 potest.

105 653 172 705 qui
203 656 222 693 e
254 665 355 693 nuce
388 654 597 694 nuculeum
629 666 713 693 esse
743 654 834 700 volt,
866 653 1010 704 frangit
1041 665 1203 692 nucem:
1796 670 1832 700 55

105 721 171 772 qui
201 721 279 760 volt
308 721 464 769 cubare,
498 721 633 773 pandit
663 721 799 760 saltum
832 720 955 760 saviis.

103 787 270 828 PHAED.
320 788 368 828 At
398 788 460 828 illa
491 791 550 828 est
578 788 718 840 pudiea
751 800 879 839 neque
911 787 1001 826 dum
1034 786 1183 827 cubitat
1213 800 1301 828 cum
1332 789 1434 828 viris.

102 855 203 895 PAL.
253 855 427 904 Credam,
457 856 585 908 pudor
615 856 645 895 si
677 855 858 906 cuiquam
889 855 1022 894 lenoni
1053 855 1138 895 siet.

102 922 269 963 PHAED.
319 922 441 962 Immo
471 929 515 962 ut
544 923 648 962 illam
680 921 846 962 censes?
877 929 920 962 ut
950 935 1128 974 quaeque
1159 923 1211 962 illi
1244 923 1443 970 occasiost,

101 989 303 1042 subripere
334 1003 375 1030 se
406 990 453 1029 ad
483 1002 566 1038 me3
596 990 661 1029 ubi
695 990 841 1029 savium
873 991 1043 1042 oppegit‚
1077 991 1185 1042 fugit.
1795 1006 1833 1036 ω

100 1056 137 1096 id
168 1070 214 1096 eo
247 1059 300 1105 fit,
333 1058 423 1109 quia
454 1058 517 1097 hic
548 1058 652 1105 leno,
682 1055 769 1111 <hic
801 1054 892 1110 qui)
921 1064 1104 1109 aegrotus
1135 1058 1295 1098 incubat

101 1124 140 1163 in
172 1125 379 1177 Aesculapi
410 1126 513 1173 fano,
546 1126 578 1165 is
608 1138 669 1164 me
700 1125 910 1165 excruciat.
972 1126 1074 1166 PAL.
1126 1125 1226 1171 Quid
1259 1124 1342 1165 est?

100 1192 268 1233 PHAED.
319 1193 422 1233 Alias
450 1205 512 1232 me
543 1193 669 1245 poscit
699 1205 770 1244 pro
802 1193 864 1232 illa
897 1193 1055 1245 triginta
1086 1194 1221 1239 minas,

99 1259 191 1299 alias
221 1261 410 1300 talentum
440 1273 644 1312 magnum3
677 1272 804 1311 neque
837 1261 1045 1311 quicquam
1077 1274 1178 1312 queo

100 1327 212 1377 aequi
245 1326 417 1379 bonique
448 1327 496 1367 ab
528 1340 574 1367 eo
605 1328 826 1379 impetrare.
887 1328 989 1368 PAL.
1040 1328 1235 1374 Iniuriu's,
1794 1347 1830 1375 ὃς)

98 1394 165 1444 qui
196 1394 300 1445 quod
331 1395 466 1434 lenoni
499 1395 593 1433 nulli
624 1401 682 1434 est
711 1395 748 1434 id
779 1395 825 1434 ab
857 1408 902 1434 eo
934 1402 1055 1447 petas.

97 1460 265 1501 PHAED.
318 1462 431 1518 Nunc
462 1462 554 1501 hinc
584 1463 795 1514 parasitum
827 1464 866 1502 in
901 1463 1048 1502 Cariam
1081 1462 1165 1502 misi
1198 1475 1325 1502 meum

97 1529 259 1579 petitum
291 1534 497 1580 argentum
530 1541 549 1567 a
581 1542 666 1568 meo
698 1530 819 1569 sodali
851 1536 1040 1569 mutuom.

97 1596 200 1645 quod
231 1596 263 1635 si
296 1609 376 1635 non
406 1596 530 1643 affert,
563 1608 640 1647 quo
673 1609 733 1636 me
763 1603 912 1636 vortam
944 1597 1089 1636 neseio.

96 1662 197 1703 PAL.
248 1663 287 1703 Si
318 1664 410 1703 deos
440 1663 595 1709 salutas,
627 1663 923 1704 dextrovorsum
954 1677 1110 1703 censeo.
1793 1682 1829 1713 70

96 1729 264 1771 PHAED.
314 1731 428 1770 Nunc
458 1743 523 1770 ara
554 1731 718 1771 Veneris
748 1732 843 1771 haec
875 1739 933 1772 est
963 1739 1052 1771 ante
1085 1732 1236 1771 horunc
1269 1733 1390 1779 fores;

97 1808 158 1836 me
188 1797 335 1837 inferre
367 1798 507 1837 Veneri
537 1799 622 1837 vovi
654 1799 941 1838 ieientaculum.

95 1864 196 1905 PAL.
248 1864 379 1911 Quid?
419 1871 459 1904 tu
499 1872 536 1905 te
566 1879 691 1918 pones
722 1865 862 1905 Veneri
902 1865 1163 1905 ieientaculo?

95 1932 262 1972 PHAED.
313 1933 386 1979 Me,
418 1940 455 1972 te
476 1940 594 1984 atque
614 1934 733 1973 hosce
757 1935 898 1973 omnis.
958 1934 1060 1974 PAL.
1110 1934 1210 1973 Tum
1242 1941 1281 1973 tu
1305 1933 1493 1972 Venerem
1516 1945 1671 1973 vomere
1693 1934 1758 1971 vis.

94 2000 262 2041 PHAED.
303 2000 417 2048 Cedo,
440 2013 575 2053 puere,
598 2002 741 2040 sinum.
791 2002 895 2043 PAL.
937 2001 1037 2047 Quid
1062 2000 1276 2041 l'acturu's'?
1335 2002 1504 2041 PHAED.
1546 2000 1623 2039 Iam
1647 2001 1757 2039 scies.
1789 2009 1825 2038 τῆ

95 2079 193 2107 anus
223 2068 286 2107 hic
316 2068 415 2108 solet
445 2068 621 2108 cubitare
652 2074 784 2108 custos
815 2069 983 2114 ianitrix,

205 2215 248 2246 50
274 2214 315 2247 tu
332 2223 399 2247 om.
427 2211 458 2246 V
459 2211 494 2246 E
560 2222 606 2247 ne
623 2223 691 2247 om.
712 2212 762 2247 B¹
833 2216 874 2248 55
892 2213 1058 2248 nucleum
1076 2212 1123 2255 B,
1139 2213 1313 2249 nuculeos
1329 2213 1540 2248 Macrobius
1564 2214 1599 2255 3,
1616 2215 1674 2255 18,
1691 2215 1759 2255 14,-

93 2267 143 2312 cfi
163 2267 262 2314 Capt.
284 2269 357 2303 655
382 2268 502 2304 Caton.
520 2279 551 2302 r.
568 2279 598 2303 r.
614 2269 682 2303 119
691 2281 706 2310 ;
727 2269 818 2314 fort.
843 2280 863 2304 e
887 2279 981 2304 nuce
1005 2269 1065 2314 qui
1159 2272 1200 2304 56
1227 2269 1360 2304 cubare
1384 2270 1434 2304 sic
1459 2269 1619 2315 ineptum
1644 2281 1759 2316 neque

93 2322 271 2358 concinna
295 2324 539 2370 comparatio;
560 2325 652 2370 fort.
679 2329 763 2360 ante
786 2325 881 2360 hunc
905 2336 1044 2361 versum
1072 2326 1155 2361 talis
1178 2325 1380 2361 intercidit:
1406 2325 1630 2361 caedundast
1654 2327 1757 2370 silua,

93 2381 134 2414 ut
155 2382 282 2425 pateat
305 2390 426 2415 mons:
452 2391 533 2416 cum
549 2380 698 2416 muliere
768 2382 892 2417 sauius
911 2381 946 2416 E
967 2381 1016 2423 (B
1032 2386 1116 2416 ante
1132 2386 1240 2425 corr.)
1333 2385 1372 2418 61
1399 2382 1565 2428 supplevi
1634 2385 1676 2418 65
1702 2383 1757 2419 in·

92 2434 224 2471 iurium
247 2439 313 2480 est,
339 2446 433 2471 corr.
461 2436 689 2472 Camerarius
791 2440 834 2473 66
860 2438 920 2482 qui
944 2437 1013 2472 B2:
1038 2438 1124 2482 quid
1217 2438 1275 2474 Izic
1298 2444 1533 2484 expectamus
1557 2439 1600 2474 de
1624 2440 1755 2474 iureiu-

91 2491 226 2534 rando,
250 2492 301 2537 cf.
325 2492 375 2527 ad
398 2493 474 2527 458
565 2495 605 2528 67
635 2493 777 2530 Cariam
807 2505 879 2529 non
912 2494 1074 2540 intelleqi
1102 2494 1274 2529 Asianum
1299 2495 1366 2539 (cf.
1392 2495 1468 2530 438
1493 2500 1525 2529 ec
1550 2495 1645 2536 443;
1677 2494 1756 2530 Ter.

94 2545 186 2581 Eun.
209 2548 315 2591 126),
347 2548 413 2584 sed
441 2549 615 2596 oppidum
645 2560 719 2584 non
752 2550 860 2596 lonqe
890 2551 934 2586 ab
967 2549 1159 2596 Epidauro
1191 2551 1297 2586 sicum
1327 2551 1390 2596 (cf.
1418 2552 1504 2593 336)
1534 2555 1630 2599 recte
1662 2551 1759 2587 dixit

93 2600 293 2648 Koeniqius
309 2608 449 2649 quaest.
468 2605 591 2641 Plaut.
611 2607 648 2648 8,
673 2606 722 2651 cf.
739 2606 965 2651 Hueffnerus
981 2607 1024 2641 de
1041 2606 1095 2642 Pl.
1114 2607 1291 2653 exemplis
1307 2611 1369 2642 att.
1387 2609 1435 2642 18
1505 2611 1542 2642 71
1572 2608 1623 2652 cf.
1642 2609 1716 2643 125

93 2660 135 2692 72
157 2659 245 2694 noui
278 2659 311 2693 V
311 2659 347 2695 E
456 2661 529 2696 iam
553 2662 790 2705 ientaculum,
821 2673 914 2697 corr.
939 2662 1191 2698 Fleckeisenus
1215 2675 1298 2698 canu.
1323 2665 1402 2706 121,
1427 2665 1518 2706 122,
1543 2664 1759 2700 Ribbeckius

92 2713 156 2749 rel.
180 2725 252 2750 soc.
278 2715 380 2761 Lips.
404 2718 514 2759 1879,
539 2719 617 2753 100
722 2721 763 2752 73
788 2722 828 2754 tu
852 2718 916 2753 L..·
941 2729 1007 2761 an3
1033 2719 1083 2764 cf.
1108 2719 1200 2755 Rud.
1229 2721 1304 2754 509
1408 2721 1613 2756 alentaculo
1638 2720 1756 2762 codd„

91 2768 298 2806 ieientaeuli
322 2771 464 2807 Nonius
487 2775 562 2808 126
569 2786 584 2815 ,·
614 2774 804 2820 utrubique
837 2774 1008 2810 traditum
1038 2786 1113 2811 esse
1136 2775 1393 2811 iaientaculum
1417 2775 1507 2811 vidit
1530 2775 1756 2818 Skutscliius‚

92 2825 142 2869 cf.
167 2825 216 2861 ad
240 2826 317 2862 Cas.
341 2828 415 2862 129
530 2832 572 2864 76
597 2830 689 2865 solet
721 2831 885 2866 cubitare
911 2831 1157 2866 Camerarius:
1185 2832 1349 2868 cubitare
1379 2832 1404 2874 (i
1429 2843 1477 2868 ex
1503 2832 1563 2875 αἳ)
1594 2833 1685 2868 solet
1715 2833 1757 2874 Β,
