2018 3183
216 104 298 142 360
957 99 1140 135 PLAVTI
1641 99 1685 127 111
1703 100 1729 133 2,
1742 99 1836 133 43—3.
1849 101 1883 128 19

219 219 382 259 servavit
411 217 584 258 consiliis
614 217 706 257 suis.
765 216 929 256 CHAER.
978 214 1174 254 Abeamus
1203 213 1309 252 intro
1339 213 1432 253 hinc
1462 214 1508 253 ad
1540 226 1613 254 me.

219 287 315 328 STR.
364 288 491 337 Atque
521 284 720 336 aliquanto
751 282 953 323 lubentius
984 294 1101 333 quam
1131 281 1200 321 abs
1230 288 1268 320 te
1298 293 1384 320 sum
1416 293 1596 332 egressus
1627 282 1756 330 intus;

220 355 362 394 virtute
391 360 507 405 atque
538 352 712 404 auspicio
743 350 896 403 Epidici
928 362 1016 390 cum
1047 349 1192 402 praeda
1223 350 1262 388 in
1293 355 1418 388 castra
1449 349 1580 389 redeo.
1611 372 1665 378 —-

865 450 1232 491 PERIPHANES
1771 450 1839 490 111
1860 453 1884 491 3

492 532 578 572 Non
612 531 691 571 oris
721 543 835 571 causa
868 531 985 570 modo
1015 530 1195 569 homines
1226 541 1390 581 aequom
1423 529 1496 568 fuit

490 599 564 640 sibi
595 599 740 639 hahere
771 598 988 649 speculum,
1018 597 1086 637 ubi
1118 610 1161 637 os
1191 597 1506 649 contemplarent
1534 609 1658 643 suom,

489 667 557 707 sed
588 667 654 719 qui
685 666 910 719 perspicere
942 672 1104 717 possent
1134 677 1203 705 cor
1232 664 1458 717 sapientiae,

491 735 625 788 [igitur
654 735 878 787 perspicere
911 740 952 774 ut
981 739 1145 785 possent
1175 733 1304 772 cordis
1334 731 1501 785 copiam]

494 803 559 842 ubi
590 803 626 842 id
658 802 936 854 inspexissent,
968 802 1185 852 cogitarent
1216 807 1362 852 postea,

491 871 607 911 vitam
638 877 681 910 ut
711 870 897 909 vixissent
927 869 1019 908 olim
1050 869 1088 908 in
1123 868 1398 908 adulescentia.

492 939 551 979 vel
581 951 668 990 eg0,
700 938 766 989 qui
796 938 943 977 dudum
975 937 1028 976 fili
1060 949 1174 976 causa
1205 948 1412 988 coeperam

492 1019 563 1058 ego
595 1006 683 1045 med
714 1005 939 1045 excruciare
968 1005 1100 1058 animi,
1133 1005 1243 1056 quasi
1275 1004 1368 1055 quid
1398 1003 1500 1042 filius

493 1087 603 1114 meus
633 1074 860 1125 deliquisset
892 1085 952 1112 me
984 1085 1075 1124 erga
1107 1079 1174 1112 aut
1204 1073 1312 1123 quasi
1345 1084 1425 1110 non
1457 1071 1625 1122 plurima

492 1143 591 1182 male
621 1143 720 1181 facta
750 1153 836 1180 mea
867 1149 999 1181 essent
1028 1141 1149 1180 solida
1180 1141 1219 1179 in
1251 1140 1527 1180 adulescentia.

492 1211 670 1262 profecto
702 1210 911 1249 deliramus
942 1208 1138 1248 interdum
1170 1221 1296 1248 senes.

492 1276 580 1334 [suit
610 1277 858 1317 conducibile
889 1278 964 1316 hoc
995 1276 1151 1328 quidem
1182 1288 1267 1315 mea
1297 1274 1522 1328 sententia.]

491 1347 557 1387 sed
589 1359 700 1385 meus
730 1345 872 1385 sodalis
903 1345 932 1384 it
961 1358 1051 1384 eum
1082 1344 1225 1396 praeda
1255 1344 1485 1396 Apoecides.

494 1415 628 1455 venire
657 1414 801 1453 salvom
833 1420 1089 1453 mercatorem
1123 1413 1285 1464 gaudeo.

496 1482 588 1534 quid
619 1480 690 1521 fit?

896 1582 1217 1623 APOECIDES

691 1661 736 1701 Di
767 1661 940 1713 deaeque
971 1669 1008 1701 te
1039 1661 1234 1701 adiuvant.
1293 1661 1396 1701 PER.
1451 1659 1575 1699 Omen
1606 1659 1744 1711 placet.

491 1730 569 1771 ΑΡ.
620 1730 724 1776 Quin
758 1730 878 1769 omini
913 1742 1050 1770 omnes
1081 1736 1300 1781 suppetunt
1330 1741 1393 1768 res
1424 1739 1627 1779 prospere.

493 1798 558 1838 sed
590 1804 633 1837 tu
663 1798 766 1836 hanc
797 1798 887 1837 iube
917 1798 969 1837 sis
1001 1798 1106 1837 intro
1136 1797 1290 1836 abduci.
1349 1797 1453 1837 PER.
1489 1795 1608 1844 Heus,
1639 1795 1742 1834 foras

494 1867 594 1906 exite
624 1867 702 1905 huc
722 1866 873 1917 aliquis.
919 1866 1017 1905 duee
1048 1866 1159 1905 istam
1192 1865 1295 1904 intro
1327 1865 1542 1904 mulierem.

493 1941 608 1986 atque
639 1932 788 1973 audin?

336 2081 401 2113 379
428 2079 493 2115 Cn.
511 2091 580 2115 om.
598 2077 655 2114 EI
747 2081 812 2114 352
837 2089 1067 2114 PERIPHANES
1083 2087 1284 2113 APOECIDES
1302 2086 1412 2113 Samis
1442 2087 1494 2111 ·11·
1523 2086 1667 2111 MVLIER
1684 2074 1746 2114 (M.
1765 2084 1834 2110 om.
1851 2072 1892 2117 Ι)

220 2145 385 2171 rmrcnu
409 2134 508 2170 ΒΕ]
617 2135 772 2171 hominis
888 2137 952 2170 383
987 2135 1247 2180 contemplaret
1273 2132 1346 2168 ΒΕ
1458 2135 1524 2168 384
1552 2133 1616 2168 sed
1649 2131 1894 2168 Camerarius.-

221 2192 285 2228 sed
308 2192 347 2227 id
370 2192 428 2233 (ed
452 2193 490 2227 in
512 2202 585 2227 ras.
610 2191 676 2234 ΒΞ)
702 2191 749 2234 Β,
781 2191 850 2227 sibi
872 2191 912 2226 id
938 2189 999 2225 EI
1015 2193 1078 2233 (ex
1101 2197 1312 2226 correctura
1335 2193 1471 2230 natum,
1496 2189 1534 2224 in
1558 2187 1758 2234 archetypo
1782 2197 1894 2234 super

221 2248 290 2284 sibi
314 2249 451 2295 scripto
477 2248 534 2291 ed)
628 2257 690 2283 cor
721 2247 922 2292 sapientiae
952 2247 1076 2292 posuit
1104 2251 1146 2283 ut
1175 2247 1343 2292 corporis
1372 2245 1477 2281 cordi
1499 2249 1700 2292 opponeret
1723 2243 1789 2287 (cf.
1815 2241 1892 2279 Mil.

223 2306 307 2340 336.
337 2306 409 2340 786
432 2304 536 2340 Pers.
565 2304 640 2339 623
665 2303 799 2339 Pacem.
825 2315 854 2339 υ.
882 2304 997 2346 300),·
1026 2304 1129 2338 varia
1153 2304 1338 2349 scriptura
1368 2302 1445 2348 fuit
1472 2301 1592 2338 cordis
1617 2301 1768 2346 copiam.
1817 2299 1894 2341 (sed

221 2363 284 2406 qui
306 2361 515 2407 perspicere
534 2362 686 2407 possent
708 2360 828 2396 cordis
854 2361 995 2406 copiam
1015 2360 1229 2406 Geppertus,
1254 2359 1305 2404 cf.
1327 2359 1498 2395 Goetzius
1522 2357 1619 2393 anal.
1636 2355 1692 2391 Pl.
1713 2357 1764 2391 98
1779 2359 1848 2402 sq.)

221 2419 288 2452 385
312 2418 454 2464 possint
477 2417 552 2453 ΒΕ
641 2419 705 2452 387
724 2417 972 2453 adolescentia
994 2425 997 2428 ·
1064 2418 1128 2451 388
1153 2415 1213 2451 uel
1237 2416 1342 2461 quasi
1366 2417 1506 2460 egomet
1529 2414 1591 2460 qui
1614 2415 1698 2449 dum
1722 2413 1776 2449 fili
1799 2423 1831 2449 c.
1848 2423 1894 2459 c.,

221 2485 318 2510 corr.
344 2475 490 2510 Guietus
594 2476 659 2510 389
683 2484 741 2509 me
850 2476 914 2508 390
938 2484 1058 2508 meus:
1084 2472 1212 2507 melius
1235 2471 1305 2507 BE
1393 2472 1475 2507 med
1566 2471 1772 2516 plurimum,
1796 2481 1893 2507 corr.

221 2530 312 2567 Pius
427 2534 492 2566 393
510 2531 578 2567 del.
607 2531 819 2578 Vssinqius;
842 2531 875 2565 si
897 2530 1078 2576 qenuinus
1101 2533 1166 2570 est,
1191 2528 1368 2574 reliquiae
1389 2532 1476 2564 smil
1499 2527 1744 2563 meditationis
1774 2526 1895 2573 qualis

221 2587 303 2623 Aul.
327 2588 404 2623 478
419 2598 473 2633 sq.
506 2592 541 2623 et
571 2587 714 2623 similes.
763 2597 844 2622 mea
875 2586 1019 2631 quidem
1051 2585 1240 2621 Aciclalius
1271 2584 1462 2626 (Luchsius
1492 2595 1616 2620 comm.
1645 2594 1748 2630 pros.
1773 2584 1894 2626 1,17;

221 2645 259 2685 2,
280 2645 315 2687 9)
430 2647 495 2679 396
521 2645 567 2680 sit
682 2644 863 2680 adiuuant
891 2654 949 2679 res
981 2653 1136 2688 propere
1159 2642 1247 2678 Pan.
1274 2642 1326 2683 (P.
1354 2652 1422 2676 om.
1451 2639 1522 2683 ΕΙ)
1549 2651 1652 2676 omen
1675 2640 1816 2686 placet,
1841 2639 1892 2685 cf.

222 2711 253 2735 υ.
271 2711 325 2746 sq.
443 2703 507 2736 397
532 2702 576 2737 A.
603 2712 672 2736 om.
766 2699 828 2746 qui
857 2699 994 2735 nomini
1018 2699 1087 2734 B¹s
1119 2710 1200 2734 cum
1224 2698 1362 2734 nomini
1386 2697 1437 2740 E,
1469 2708 1549 2733 cum
1580 2697 1717 2733 homini
1742 2694 1780 2738 I,
1809 2695 1894 2741 quoi

223 2757 359 2792 homini
378 2757 428 2792 Β2
520 2757 634 2793 omnis
653 2756 727 2792 ΒΕ
816 2767 972 2803 propere
997 2755 1120 2797 BVE,
1144 2765 1341 2802 prosperae
1360 2766 1391 2796 ς,
1415 2753 1522 2798 vulqo
1548 2753 1613 2799 (cf.
1635 2753 1738 2790 Cure.
1759 2753 1850 2794 368)

224 2816 290 2848 398
314 2813 399 2849 iube
423 2814 472 2849 sis
499 2812 688 2849 Gruterus:
712 2813 816 2849 iubes
844 2812 916 2855 EI,
940 2813 1068 2848 lubens
1095 2812 1150 2855 B,·
1176 2813 1229 2859 cf.
1254 2811 1304 2846 ad
1329 2810 1408 2847 Cas.
1429 2811 1505 2845 846
1618 2809 1659 2845 P.
1684 2820 1753 2845 om.
1779 2807 1854 2844 ΒΕ

224 2872 291 2906 399
324 2870 509 2906 mulierem
544 2874 714 2916 sequente
749 2880 882 2905 rasura
915 2869 961 2904 B:
995 2868 1182 2904 mulierem
1214 2867 1382 2904 concludi
1412 2866 1494 2903 volo
1525 2865 1582 2902 EI
1613 2866 1678 2912 (cf.
1712 2866 1804 2908 402)

1897 1073 1955 1108 390

1899 1412 1955 1446 395
