2003 3188
211 77 265 113 42
948 73 1129 108 PLAVTI
1642 73 1685 101 1v
1698 75 1723 107 1,
1741 74 1819 108 8—2,
1840 75 1872 102 14

211 192 296 243 quis
327 191 444 230 suerit
474 202 590 242 quem
621 195 784 241 propter
815 200 959 239 corpus
990 199 1102 226 suom
1133 186 1259 238 stupri
1291 186 1557 238 compleverit.

210 271 298 298 nam
329 271 403 306 me,
435 270 550 310 quam
580 257 684 296 illam
717 256 984 307 quaestionem
1017 254 1241 306 inquisitam
1272 254 1386 294 hodie
1417 255 1607 303 amittere,

209 334 405 366 mortuom
435 325 582 366 satiust.
627 323 692 363 sed
725 323 829 362 aedis
860 322 1124 361 occluserunt.
1175 333 1362 373 eugepae,

209 395 355 446 pariter
384 395 458 432 hoc
489 393 530 431 fit
560 398 676 442 atque
707 398 750 429 ut
779 390 850 429 alia
881 390 980 428 sacta
1011 395 1117 429 sunt.
1168 390 1302 429 seriam
1335 390 1440 429 soris.

209 462 355 513 aperite
387 461 474 500 hoc.
525 460 634 507 heus,
666 458 801 509 ecquis
831 458 895 496 hic
927 456 1012 497 est?
1043 458 1177 509 ecquis
1207 458 1281 497 hoc
1312 458 1437 509 aperit
1467 456 1638 497 ostium?
1891 462 1963 496 1020

871 569 1207 610 MERCVRIVS
1759 569 1825 610 IV
1847 571 1870 609 2

208 652 303 697 Quis
324 651 368 690 ad
402 651 505 689 fores
527 647 612 688 cst?
651 648 799 688 Ama.
838 639 921 699 Ego
952 661 1050 688 sum.
1090 649 1231 689 Mene.
1271 649 1372 694 Quid
1395 661 1466 701 ego
1489 661 1587 689 sum.
1627 648 1775 689 AMPH.
1816 634 1872 688 lta

612 716 768 768 loquor.
826 716 967 757 MERC.
1018 716 1105 756 Tibi
1137 716 1316 768 Iuppiter

207 786 323 837 dique
354 797 491 824 omnes
522 784 606 824 irati
639 791 746 824 certo
777 791 881 831 sunt,
913 784 979 835 qui
1010 784 1065 824 sic
1096 785 1253 835 frangas
1283 785 1399 824 fores.

206 854 352 894 AMPH.
402 853 489 899 Quo
520 850 666 891 modo?
724 852 865 892 Mmzc.
910 851 967 891 Eo
999 852 1128 900 modo,
1159 860 1202 891 ut
1233 853 1409 904 profecto
1431 852 1534 891 vivas
1555 859 1719 893 aetatem
1742 853 1873 892 miser.

206 922 352 962 AMPH.
404 921 524 960 Sosia.
583 920 724 961 Mimo.
775 920 842 967 Ita,
875 932 961 960 sum
994 920 1123 967 Sosia,
1157 920 1228 959 nisi
1260 932 1323 959 me
1355 933 1439 960 esse
1471 920 1634 960 oblitum
1666 921 1874 960 existimas.

207 990 298 1040 quid
322 1001 429 1029 nunc
458 986 544 1028 vis?
602 987 750 1028 AMPH.
790 988 973 1035 Scelesta,
1004 994 1042 1026 at
1072 988 1183 1027 etiam
1217 988 1310 1039 quid
1341 988 1465 1035 velim,
1497 988 1534 1027 id
1565 995 1607 1028 tu
1637 1001 1699 1028 me
1730 986 1965 1040 rogas?1025

205 1057 345 1097 MERC.
396 1057 464 1104 Ita,
495 1068 604 1107 rogo.
655 1068 782 1108 paene
814 1056 1011 1107 effregisti,
1044 1056 1160 1102 fatue,
1193 1055 1344 1096 foribus
1373 1057 1564 1096 cardines.

206 1138 254 1164 an
286 1125 381 1164 foris
411 1124 599 1164 censebas
631 1124 745 1163 nobis
775 1123 988 1176 publicitus
1021 1122 1275 1175 praeberier?

208 1192 300 1243 quid
331 1205 394 1232 me
426 1199 614 1244 aspectas,
647 1190 814 1232 stolide?
846 1191 937 1243 quid
973 1204 1080 1231 nunc
1110 1192 1166 1231 vis
1197 1190 1298 1231 tibi?
1329 1197 1394 1230 aut
1425 1192 1511 1243 quis
1540 1198 1582 1231 tu
1614 1204 1655 1232 es
1683 1190 1832 1231 homo?

207 1261 353 1301 AMPH.
404 1261 592 1308 Verbem,
625 1261 741 1300 etiam
774 1261 861 1312 quis
891 1273 964 1312 ego
995 1260 1067 1300 sim
1098 1273 1160 1299 me
1190 1260 1348 1311 rogitas,
1379 1260 1575 1299 ulmorum
1606 1257 1840 1299 Acheruns?

209 1332 334 1379 quem'
355 1329 421 1380 pol
452 1341 524 1380 ego
555 1328 671 1368 hodie
704 1328 753 1367 ob
785 1329 905 1368 istaec
937 1329 1038 1367 dicta
1070 1329 1206 1367 faciam
1238 1329 1452 1367 ferventem
1484 1328 1626 1379 flagris.
1891 1328 1966 1362 1030

206 1396 346 1437 MERC.
397 1397 609 1448 Prodigum
640 1403 679 1436 te
710 1397 830 1436 fuisse
863 1402 1020 1448 oportet
1051 1397 1141 1436 olim
1174 1397 1213 1436 in
1246 1396 1520 1435 adulescentia.

207 1464 354 1505 AMPH.
403 1463 604 1511 Quidum?
661 1464 802 1505 MERc.
853 1465 951 1511 Quia
993 1473 1151 1504 senecta
1189 1471 1314 1504 aetate
1344 1467 1365 1502 a
1396 1476 1457 1503 me
1488 1463 1687 1503 mendicas
1717 1461 1875 1501 malum.

206 1533 354 1573 ΑΜΡΗ.
404 1532 500 1572 Cum
532 1533 705 1572 cruciatu
738 1539 806 1572 tuo
837 1533 955 1572 istaec
986 1532 1113 1579 hodie,
1145 1545 1275 1581 verna,
1305 1532 1422 1570 verba
1453 1531 1636 1571 funditas.

207 1600 347 1641 MERC.
397 1601 593 1640 Sacrufico
616 1613 688 1652 ego
711 1600 791 1639 tibi.
841 1600 893 1639 A.
936 1599 1041 1646 Qui?
1090 1601 1146 1640 M.
1188 1600 1286 1646 Quia
1309 1600 1412 1640 enim
1434 1606 1471 1639 te
1494 1606 1620 1639 macto
1642 1597 1874 1637 infortunio.

323 1770 407 1802 1018
423 1768 536 1804 satius
552 1771 607 1803 est
685 1779 774 1813 euge
790 1767 822 1802 E
899 1770 981 1803 1021
998 1768 1215 1802 Mnncvmvs
1233 1778 1279 1802 ET
1298 1778 1390 1802 mma
1407 1778 1626 1804 AMPHITRIO.
1644 1779 1691 1803 m·
1705 1778 1874 1804 BLEFARO

207 1825 254 1866 B,
272 1824 489 1860 Mnacvmvs
501 1836 548 1860 m
565 1836 682 1860 mmm
698 1824 733 1859 E
825 1827 910 1860 1026
924 1824 1114 1869 effregistis
1129 1824 1163 1859 B
1259 1828 1342 1859 1027
1358 1825 1540 1870 publicius
1556 1824 1590 1859 B
1687 1827 1768 1860 1031
1785 1825 1875 1859 adu-

205 1881 417 1916 lescentiam
511 1885 595 1916 1033
621 1882 805 1917 cruciatur
823 1881 963 1917 Nonius
980 1882 1029 1916 43
1125 1884 1210 1916 1034
1234 1881 1433 1917 infortunio
1453 1893 1520 1916 om.
1541 1880 1576 1916 E
1665 1893 1759 1927 quae
1781 1882 1877 1916 inter

206 1948 236 1972 v.
253 1939 353 1972 1034.
377 1942 412 1973 et
443 1938 544 1973 1035
571 1938 826 1973 nonnullorum
857 1937 1048 1984 archetypi
1077 1937 1255 1982 soliorum
1287 1939 1429 1972 iactura
1461 1937 1738 1980 interciderunt,
1769 1937 1877 1973 huius

205 2004 359 2029 scaenae
377 1995 499 2040 finem,
522 1995 703 2040 sequentis
726 1995 869 2028 initium
894 1999 928 2030 et
952 1994 1045 2028 duas
1070 2000 1182 2029 tresve
1213 1994 1476 2029 intercedentes
1505 1993 1642 2029 solidas
1666 1994 1876 2041 complecte-

207 2051 347 2086 bantur.
402 2051 554 2087 laeunae
584 2051 622 2085 in
655 2051 689 2086 B
714 2050 885 2086 indicium
909 2051 1068 2091 niellum,·
1092 2050 1126 2086 D
1143 2050 1321 2096 reliquum
1345 2052 1510 2097 paqinae
1541 2051 1699 2096 spatium
1723 2061 1875 2086 vacuum

206 2107 364 2153 reliquit,
391 2107 427 2142 Ε
440 2107 592 2143 duorum
610 2118 774 2143 versuum
791 2107 1017 2142 intervallum
1033 2107 1193 2153 praebet.
1228 2107 1520 2152 fraqmentorum
1538 2106 1763 2152 vendeviqinti
1776 2107 1876 2143 sede-

207 2164 274 2198 cim
292 2176 314 2199 a
333 2163 453 2199 Nonio
477 2169 632 2199 servata.
724 2163 1021 2210 Amplzitryonem
1042 2168 1238 2210 postquam
1263 2163 1469 2199 Mercurius
1491 2165 1581 2199 satis
1601 2163 1807 2208 ludificatus
1823 2168 1878 2200 est

208 2220 295 2266 (ΓΙ-9.
313 2222 372 2255 1—
384 2222 429 2264 6),
454 2221 592 2256 clamor
608 2225 641 2256 et
651 2221 813 2267 pultatio
831 2221 1037 2255 Alcmenam
1055 2221 1191 2255 excitat
1208 2231 1257 2256 ea:
1273 2220 1432 2261 aedibus,
1458 2231 1552 2265 quae
1567 2231 1646 2255 cum
1671 2221 1748 2255 viro
1766 2219 1878 2256 alter-

207 2281 288 2311 cata
301 2275 482 2324 (Iuppiter
493 2277 630 2312 scilicet
647 2277 691 2313 ab
706 2277 769 2312 itta
783 2277 995 2312 discesserat
1009 2276 1058 2311 ad
1073 2287 1146 2311 rem
1163 2276 1319 2311 divinam
1331 2276 1553 2322 faciendam)
1569 2282 1603 2312 et
1619 2277 1698 2323 ipsa
1715 2287 1794 2312 eum
1812 2287 1877 2313 ex-

207 2332 319 2368 cludit
328 2333 418 2379 (frq.
437 2335 576 2375 7—10).
599 2334 761 2379 fortasse
774 2333 989 2380 Amphitryo
1004 2332 1053 2368 ad
1065 2333 1299 2368 arcessendos
1311 2334 1405 2368 cives
1417 2343 1585 2367 scaenam
1598 2332 1746 2378 reliquit
1754 2346 1768 2374 ,·
1781 2339 1877 2369 certe

207 2399 286 2423 cum
305 2389 539 2436 Blepharone
555 2390 662 2426 Sosia
677 2390 813 2437 prodit,
839 2390 932 2425 male
948 2389 1076 2425 deinde
1092 2389 1136 2424 ab
1153 2400 1216 2424 ero
1242 2394 1421 2436 acceptus.
1455 2389 1619 2433 fortasse
1632 2394 1806 2435 precator
1823 2389 1877 2425 itti

207 2446 332 2481 existit
355 2446 554 2494 Blepharo.
602 2446 741 2482 domini
763 2447 840 2482 irae
863 2457 901 2482 se
924 2445 1145 2482 subduxisse
1167 2445 1308 2481 videtur
1330 2456 1454 2481 servus
1478 2447 1568 2492 (frq.
1584 2446 1746 2489 11-14.)
1784 2445 1875 2493 Iup-

202 2503 301 2548 piter
324 2514 374 2539 ex
397 2503 546 2540 aedibus
564 2504 742 2550 procedit.
792 2504 945 2538 maritus
969 2508 1004 2539 et
1025 2501 1193 2538 moechus
1209 2503 1356 2538 invicem
1380 2513 1420 2538 se
1441 2507 1593 2549 raptant
1609 2514 1683 2549 pro
1708 2503 1876 2540 moechis.

208 2558 479 2604 Blepharonem
495 2560 710 2607 Amphitryo
727 2560 895 2603 advocat,
912 2558 1084 2607 Iuppiter
1101 2564 1141 2596 ut
1157 2559 1296 2595 videtur
1313 2558 1467 2595 ludibrio
1485 2559 1591 2595 habet
1607 2560 1696 2606 (frq.
1713 2562 1874 2604 15-19).

208 2615 384 2660 quaedam
409 2616 479 2652 duo
505 2622 719 2663 arqumenta
743 2621 777 2652 et
801 2617 990 2662 utriusque
1013 2616 1071 2651 dei
1095 2617 1131 2651 in
1155 2615 1287 2662 fabula
1317 2626 1499 2651 sermones
1529 2615 1676 2659 docent,
1707 2616 1781 2652 alia
1812 2618 1876 2663 qui

207 2681 358 2707 scaenas
389 2672 521 2709 Plauto
551 2674 745 2721 supposuit
774 2673 1026 2716 intellexerat,
1058 2673 1132 2708 alia
1166 2672 1412 2718 Hoffmannus
1443 2672 1540 2716 (diss.
1581 2672 1876 2717 Vratist.1848),

217 2726 416 2774 Vssinqius,
441 2729 644 2766 Brandtius
661 2734 762 2773 (mus.
780 2729 895 2766 Rhen.
913 2731 974 2772 34,
993 2733 1015 2764 5
1021 2732 1065 2765 75
1075 2731 1144 2775 sq.)
1160 2733 1195 2765 et
1217 2729 1340 2764 eodem
1364 2733 1524 2775 tempore
1547 2729 1708 2764 scribens
1725 2729 1876 2766 Schroe-

209 2782 317 2819 clerus
341 2784 593 2826 (Studemundi
613 2787 707 2822 stud.
732 2789 769 2829 2,
793 2788 812 2822 1
826 2790 903 2833 sa),
929 2791 1080 2833 uterque
1104 2787 1309 2832 qlossarum
1330 2785 1580 2821 Nonianarum
1598 2786 1738 2822 ordinis
1760 2788 1876 2823 ratio-

209 2850 287 2875 nem
312 2840 494 2886 habentes,
518 2844 772 2889 novissimique
795 2843 953 2879 editores
976 2843 1220 2890 expedierunt
