1998 3179
59 103 88 131 11
100 104 126 136 2,
145 103 247 131 17—42
739 99 1027 135 AMPHITRVO
1662 102 1713 139 29

463 215 555 254 satis
584 214 637 253 mi
667 226 750 253 esse
781 214 932 253 ducam.

328 283 450 321 virtus
478 282 694 334 praemium
725 284 784 321 est
813 282 1026 332 optimum;

114 350 236 390 virtus
267 349 451 389 omnibus
481 350 599 389 rebus
629 349 752 388 anteit
782 350 978 400 profecto:

59 419 216 458 libe'rtas
245 418 348 457 salus
378 417 451 456 vita
481 419 544 455 res
574 421 612 455 et
643 419 837 467 parentes,
981 416 1103 468 patria
1135 419 1170 455 et
1202 417 1382 468 prognati
1728 426 1785 459 650

462 486 652 529 tutantur,
682 485 904 522 servantur:

115 553 235 592 virtus
265 552 395 590 omnia
426 554 463 590 in
496 563 580 590 sese
609 549 738 597 habet,
772 550 900 588 omnia
932 550 1075 588 adsunt

464 618 565 657 bona
597 621 712 669 quem
743 625 883 669 penest
912 621 1044 657 virtus.

57 754 204 794 ΑΜΡΗ.
255 743 402 805 Edepol
434 765 496 792 me
526 753 639 792 uxori
669 755 894 804 exoptatum
925 753 1042 791 credo
1073 752 1328 791 adventur1'1m
1360 753 1531 805 domum,

59 835 157 873 quae
188 834 248 860 me
280 827 393 868 amat,
425 833 539 871 quam
570 827 706 859 contra
737 833 836 867 amo,
867 820 1096 871 praesertim
1128 833 1170 859 re
1201 827 1307 872 gesta
1338 820 1451 868 bene,
1729 831 1784 862 655

58 890 166 928 victis
196 888 393 928 hostibus:
425 901 523 939 quos
555 900 668 926 nemo
699 900 815 939 posse
844 888 1020 939 superari
1051 893 1186 933 ratust,

59 970 125 996 eos
155 956 327 1008 auspicio
358 968 445 995 meo
478 962 594 1006 atque
625 956 743 994 ductu
775 955 902 1006 primo
934 961 1046 994 coetu
1078 955 1252 994 vicimus.

59 1030 165 1063 certe
196 1024 300 1063 enim
331 1024 418 1062 med
449 1023 502 1061 illi
534 1029 781 1074 expectatum
813 1028 944 1074 optato
977 1028 1185 1061 venturum
1217 1023 1311 1062 scio.

58 1091 146 1132 Sos.
197 1090 327 1137 Quid?
358 1103 419 1129 me
451 1104 531 1130 non
563 1103 649 1129 rere
682 1097 927 1141 expectatum
959 1092 1104 1129 amicae
1136 1097 1344 1130 venturum
1377 1091 1513 1131 meae?

58 1159 160 1199 ALC.
200 1160 309 1198 Meus
329 1160 386 1198 vir
409 1159 472 1198 hic
501 1158 657 1209 quidem
681 1165 749 1198 est.
799 1158 946 1198 AMPH.
988 1159 1160 1210 Sequere
1192 1159 1263 1198 hac
1293 1165 1335 1198 tu
1358 1173 1431 1199 me.
1481 1159 1584 1201 ALC.
1620 1161 1715 1201 Nam

463 1226 556 1277 quid
586 1227 649 1265 ille
680 1227 890 1265 revortitur
1729 1235 1786 1267 660

59 1295 125 1346 qui
156 1295 300 1333 (ludum
331 1306 544 1345 properare
574 1306 614 1333 se
646 1292 776 1332 aibat?
807 1297 855 1332 an
888 1294 950 1333 ille
984 1307 1044 1333 me
1077 1300 1241 1346 temptat
1270 1295 1397 1334 sciens

58 1368 174 1412 atque
204 1362 241 1400 id
271 1374 312 1401 se
342 1362 421 1400 volt
451 1361 632 1412 experiri,
664 1374 775 1400 suom
807 1361 954 1399 abitum
986 1368 1030 1400 ut
1061 1361 1306 1401 desiderem?

59 1436 208 1468 ecastor
237 1429 325 1468 med
356 1429 455 1468 haud
487 1429 604 1467 invita
635 1441 676 1467 se
707 1429 864 1467 domum
897 1429 1035 1480 recipit
1065 1442 1186 1468 suam.

57 1497 145 1537 Sos.
195 1497 441 1548 Amphitruo,
472 1496 600 1535 redire
630 1497 675 1534 ad
708 1508 843 1534 navem
878 1497 1033 1535 meliust
1064 1509 1149 1535 nos.
1208 1497 1355 1537 AMPH.
1406 1498 1487 1543 Qua
1521 1499 1670 1550 gratia?

57 1564 145 1604 Sos.
195 1564 294 1610 Quia
324 1564 428 1603 domi
460 1565 618 1602 daturus
651 1576 766 1602 nemo
798 1570 856 1602 est
884 1564 1092 1615 prandium
1124 1565 1432 1605 advenientibus.
1730 1573 1785 1605 665

56 1631 142 1672 AM.
194 1631 268 1677 Qui
299 1631 368 1670 tibi
400 1643 507 1670 nunc
536 1632 636 1670 istuc
667 1632 704 1669 in
737 1630 974 1670 mentemst?
1033 1632 1072 1672 S.
1123 1632 1221 1677 Quia
1244 1633 1347 1671 enim
1370 1646 1458 1672 sero
1480 1634 1717 1676 advenimus.

57 1699 203 1738 AMPH.
253 1697 358 1744 Qui?
407 1699 496 1739 Sos.
548 1699 645 1745 Quia
667 1699 919 1737 Alcumenam
943 1707 1031 1738 ante
1066 1700 1170 1739 aedis
1201 1706 1303 1739 stare
1325 1708 1496 1741 saturam
1518 1703 1716 1756 intellego.

56 1766 203 1806 ΑΜΡΗ.
245 1766 447 1806 Gravidam
469 1779 540 1817 ego
563 1767 677 1805 illanc
699 1767 761 1805 1116
781 1767 920 1817 reliqui
952 1770 1070 1818 quom
1095 1767 1206 1807 abeo.
1265 1768 1354 1809 Sos.
1396 1769 1441 1807 Ei
1472 1772 1567 1821 perii
1589 1773 1716 1811 miser.

57 1834 142 1874 AM.
174 1834 274 1880 Quid
294 1834 363 1872 tibi
385 1833 470 1873 est?
520 1834 559 1875 S.
591 1834 646 1872 Ad
669 1847 807 1885 aquam
830 1834 1093 1886 praebendam
1118 1836 1367 1875 commodum
1389 1837 1524 1877 adveni
1546 1839 1716 1886 domum,

59 1903 220 1942 decumo
251 1908 340 1953 post
370 1914 516 1948 mense,
548 1908 591 1941 ut
620 1903 811 1941 rationem
843 1909 880 1941 te
911 1909 1047 1953 putare
1079 1903 1276 1955 intellego.
1730 1915 1786 1947 670

57 1970 143 2010 AM.
192 1970 302 2009 Bono
329 1970 458 2008 animo
481 1982 533 2008 es.
592 1969 631 2009 S.
678 1970 769 2008 Scin
793 1982 907 2020 quam
931 1969 1036 2008 bono
1059 1971 1188 2009 animo
1210 1970 1312 2010 sim?
1333 1972 1364 2011 si
1386 1973 1539 2012 situlam
1561 1987 1717 2025 cepero,

59 2050 271 2088 numquam
302 2037 440 2088 edepol
470 2045 511 2076 tu
543 2037 635 2076 mihi
666 2037 783 2076 divini
815 2037 969 2077 creduis
1000 2045 1089 2089 post
1118 2039 1225 2077 hunc
1256 2039 1371 2084 diem,

57 2109 98 2144 ni
128 2118 199 2156 ego
231 2105 285 2144 illi
315 2111 446 2156 puteo,
477 2105 508 2144 si
541 2117 719 2156 occepsm
752 2105 918 2143 Animam
952 2118 1112 2144 omnem
1146 2107 1417 2146 intertraxero.

56 2172 202 2212 AMPH.
253 2173 425 2224 Sequere
456 2173 529 2211 hac
559 2185 620 2211 me
650 2173 785 2220 m0do;
817 2173 932 2211 alium
966 2186 1041 2224 ego
1072 2174 1132 2212 isti
1164 2175 1219 2212 rei
1252 2175 1439 2227 allegabo,
1472 2189 1520 2214 ne
1550 2177 1653 2215 time.

170 2295 234 2328 648
260 2293 348 2328 satis
370 2293 494 2339 priori
514 2294 635 2327 versui
656 2292 828 2327 adhaeret
851 2294 951 2334 (mihi
974 2314 1018 2319 -
1051 2294 1223 2339 optimum
1251 2306 1324 2329 uno
1350 2300 1464 2334 versu)
1602 2298 1716 2334 dicam

59 2349 143 2384 ΕΒ13
256 2352 321 2383 649
346 2353 430 2385 ante
453 2350 491 2384 id
517 2348 604 2384 D¹E
716 2351 791 2384 652.
820 2352 884 2384 653
910 2361 982 2385 uno
1008 2362 1111 2385 versu
1205 2354 1270 2386 654
1286 2363 1340 2397 sq.
1365 2353 1416 2397 cf.
1442 2354 1609 2398 Apollod.
1636 2355 1717 2391 bibl.

56 2407 89 2447 2,
106 2408 139 2448 4,
156 2407 188 2446 8,
205 2407 228 2440 2
244 2407 300 2447 (61
327 2405 398 2448 W.)
491 2409 554 2440 657
580 2406 732 2442 inductu
818 2408 946 2453 potius
963 2409 1061 2443 coitu
1156 2411 1220 2443 656
1244 2420 1300 2444 me
1393 2412 1554 2454 optatum
1579 2410 1627 2444 E¹

57 2464 122 2496 660
139 2463 240 2507 quid:
259 2463 354 2507 quod
376 2463 418 2504 B,
437 2463 576 2507 quidem
592 2462 624 2497 E
714 2464 769 2498 vel
783 2463 858 2498 11116
950 2467 1011 2499 661
1033 2475 1128 2508 sese,
1147 2476 1241 2500 corr.
1259 2465 1416 2511 Pylades
1507 2467 1628 2502 aiebat

58 2520 122 2552 662
147 2518 188 2561 si,
214 2528 308 2553 corr.
334 2518 521 2554 Acidalius
610 2519 775 2554 habitum
867 2522 931 2553 663
949 2531 1005 2555 me
1098 2524 1163 2555 664
1179 2522 1304 2556 melius
1330 2524 1384 2556 est
1476 2525 1539 2557 666
1564 2527 1718 2560 mentem

57 2575 168 2618 uenit,
193 2585 288 2609 corr.
314 2574 584 2609 Lindemannus
609 2580 716 2614 (nunc
741 2575 809 2610 del.
835 2575 1007 2621 Pylades)
1138 2578 1197 2621 qui
1313 2581 1376 2612 668
1400 2578 1498 2612 illam
1612 2591 1717 2624 quam

56 2630 172 2665 habeo
265 2633 329 2665 669
354 2631 575 2666 commodum
592 2642 659 2666 om.
686 2631 812 2666 B¹DE
917 2634 980 2667 670
1006 2633 1155 2676 dictare,
1180 2644 1275 2668 corr.
1311 2634 1492 2678 Vssinqe'us
1582 2638 1644 2670 671
1672 2638 1717 2672 si-

56 2686 168 2720 tulam
194 2685 441 2721 Camerarius:
468 2688 612 2723 situlam
635 2688 707 2722 iam
731 2688 778 2732 B,
803 2688 966 2723 sistulam
990 2689 1062 2723 iam
1080 2689 1124 2732 E,
1143 2690 1287 2724 situlam
1304 2690 1375 2724 iam
1393 2700 1433 2724 sa
1452 2690 1483 2724 D
1575 2695 1639 2726 672
1665 2693 1717 2727 di-

58 2742 134 2776 uini
150 2742 324 2778 Bothius:
342 2744 457 2778 diuini
473 2745 661 2788 quicquam
778 2745 919 2779 eradius
947 2744 1035 2779 B‘E
1136 2748 1199 2780 673
1222 2756 1374 2790 occepso
1400 2749 1552 2781 testatur
1576 2747 1718 2784 Nonius

61 2799 134 2839 148,
159 2799 239 2833 item
264 2801 349 2833 410:
373 2804 523 2845 occepto
548 2800 666 2841 codd„
689 2801 757 2835 hoc
783 2801 904 2845 cepsio
928 2803 1078 2845 (cepsto‚
1104 2801 1268 2845 cepsitio)
1294 2801 1434 2837 Nonius
1458 2803 1525 2837 233
1640 2805 1716 2840 ani-

57 2863 113 2888 mo
138 2853 175 2888 E
263 2857 329 2889 674
353 2856 506 2900 alligabo
