2018 3183
251 100 332 137 314
985 99 1164 134 PLAVTI
1749 102 1762 129 1
1781 101 1806 133 2,
1819 102 1919 130 31—61.

362 215 439 255 LE.
490 214 634 259 Venus,
666 213 712 252 de
743 213 860 264 paulo
892 213 1094 265 paululum
1125 214 1200 253 hoc
1231 213 1301 254 tibi
1331 213 1429 254 dabo
1460 215 1562 254 haud
1592 214 1786 256 lubenter.
1930 225 1984 257 125
2016 263 2018 268 .

366 294 455 320 nam
491 281 560 321 tibi
592 286 766 320 amantes
796 281 1054 332 propitiantes
1084 284 1216 321 vinum
1250 285 1430 334 potantes
1460 283 1611 323 danunt
2014 293 2018 327 1

367 351 517 395 omnes,
553 348 645 387 mihi
676 347 779 388 haud
810 360 925 400 saepe
957 351 1130 389 evenunt
1160 349 1256 390 tales
1286 350 1532 390 hereditates.

250 417 352 456 PAL.
391 416 475 455 Hoc
496 417 581 456 vide
603 422 648 456 ut
669 417 884 468 ingurgitat
905 420 1058 469 impura
1081 417 1119 456 in
1142 430 1184 457 se
1206 420 1357 457 merum
1379 419 1553 465 avariter,
1577 418 1757 459 saucibus
1778 419 1916 471 plenis.

249 485 418 524 PHAED.
472 484 573 523 Perii
605 484 749 531 hercle,
780 484 873 524 huic
894 484 988 536 quid
1010 485 1181 536 primum
1203 485 1328 525 dicam
1351 486 1497 525 nescio.
1557 487 1658 527 PAL.
1709 486 1782 526 Em
1805 487 1914 534 istuc,

1141 554 1246 605 quod
1278 554 1371 593 mihi
1403 554 1509 593 dixti.

250 620 419 660 ΡΗΑΕΙ).
470 619 571 666 Quid
603 620 639 659 id
681 618 766 659 est?
824 621 926 661 PAL.
979 621 1143 661 Periisse
1174 627 1218 660 ut
1248 624 1285 660 te
1324 622 1441 661 dicas.
1500 621 1669 663 PHAED.
1719 621 1816 661 Male
1847 622 1916 661 tibi

897 689 934 727 di
966 689 1121 728 saciant.
1181 689 1283 730 PAL.
1335 689 1404 729 Dic
1435 690 1510 729 isti.
1931 695 1984 728 130

250 755 326 797 LE.
369 755 439 794 Ah,
490 755 592 796 PAL.
638 755 739 802 Quid
763 754 848 795 est?
878 757 1017 808 ecquid
1039 755 1179 796 lubet?
1228 757 1304 798 LE.
1347 757 1485 797 Lubet.
1535 757 1637 797 PAL.
1674 757 1800 797 Etiam
1824 756 1918 796 mihi

784 826 940 874 quoque
971 824 1129 864 stimulo
1162 825 1293 864 fodere
1324 825 1432 864 lubet
1461 830 1510 864 te.

249 892 420 932 PHAED.
461 891 576 939 Tace,
597 888 695 945 (ne)
716 914 769 920 —-
828 891 930 932 PAL.
971 892 1072 939 Noli,
1104 898 1227 932 taceo.
1280 895 1370 932 ecce
1393 899 1521 933 autem
1542 891 1642 932 bibit
1661 895 1788 938 arcus,
1810 892 1919 943 pluet

1072 961 1188 999 credo
1220 961 1352 1000 hercle
1384 961 1512 1000 hodie.

249 1027 417 1067 PHAED.
456 1026 589 1065 Iamne
611 1028 683 1076 ego
705 1026 797 1065 huic
819 1025 935 1065 dico?
994 1028 1096 1066 PAL.
1136 1027 1235 1073 Quid
1258 1026 1391 1067 dices?
1450 1028 1618 1068 PHAED.
1660 1027 1720 1066 Me
1742 1028 1916 1079 periisse.

657 1093 759 1134 PAL.
811 1094 891 1146 Age
923 1095 1020 1134 dice.
1081 1095 1250 1136 PHAED.
1302 1097 1423 1141 Anus,
1455 1096 1555 1135 audi.

452 1162 527 1201 hoc
558 1162 644 1200 volo
676 1165 777 1201 seire
809 1168 866 1201 te:
899 1163 1076 1214 perditus
1108 1166 1194 1203 stim
1225 1163 1356 1203 miser.

521 1229 708 1268 LEAENA
757 1231 806 1268 At
836 1230 901 1281 pol
932 1243 1004 1282 ego
1037 1231 1181 1283 oppido
1212 1237 1373 1270 servata.
1933 1236 1985 1269 135

452 1296 519 1336 sed
552 1297 645 1348 quid
676 1296 762 1336 est?
794 1297 886 1348 quid
918 1298 1026 1337 lubet
1056 1298 1254 1350 perditum
1286 1299 1416 1338 dicere

521 1371 559 1404 te
591 1364 706 1404 esse?
764 1365 934 1406 PHAED.
986 1365 1083 1412 Quia
1114 1366 1152 1405 id
1183 1366 1289 1417 quod
1319 1379 1406 1406 amo
1438 1369 1564 1406 careo.

520 1433 706 1472 LEAENA
755 1434 994 1473 Phaedrome
1025 1434 1090 1482 mi,
1121 1446 1171 1473 ne
1203 1434 1310 1485 plora
1341 1433 1493 1473 amabo.

249 1507 292 1539 tu
324 1503 383 1539 me
415 1506 551 1539 curato
585 1503 634 1540 ne
665 1501 804 1549 sitiam,
837 1513 909 1553 ego
942 1501 1012 1540 tibi
1045 1502 1149 1553 quod
1181 1514 1286 1541 amas
1316 1503 1390 1541 iam
1422 1502 1499 1541 huc
1529 1500 1729 1541 adducam.
1762 1523 1815 1529 -

250 1568 419 1607 PHAED.
470 1567 611 1608 Tibine
643 1572 738 1620 ego,
778 1569 810 1609 si
841 1570 957 1609 fidem
991 1573 1120 1609 servas
1151 1582 1327 1617 mecum,
1358 1570 1512 1609 vineam
1543 1581 1615 1621 pro
1646 1580 1762 1608 aurea
1794 1571 1918 1608 statua

1441 1643 1619 1683 statuam,
1934 1642 1988 1676 140

524 1717 624 1755 quae
655 1708 724 1744 tuo
756 1708 905 1757 gutturi
936 1695 993 1745 sit>
1017 1711 1333 1745 monumentum.
1915 1710 1986 1744 140²

253 1771 320 1823 qui
352 1784 414 1810 me
445 1775 483 1811 in
517 1777 622 1811 terra
652 1784 775 1823 aeque
807 1773 1030 1812 fortunatus
1061 1776 1149 1820 erit,
1181 1774 1212 1813 si
1244 1773 1307 1812 illa
1338 1773 1384 1812 ad
1414 1785 1477 1812 me
1507 1772 1618 1819 bitet,

250 1838 464 1879 Palinure?
514 1840 617 1880 PAL.
659 1839 809 1892 Edepol
826 1841 893 1892 qui
910 1844 1024 1889 amat,
1047 1841 1077 1880 si
1095 1848 1194 1893 eget,
1212 1841 1352 1880 misera
1368 1840 1560 1888 adficitur,
1576 1837 1702 1895 (ere),
1719 1843 1919 1880 aerumna.

251 1908 420 1947 PHAED.
470 1908 557 1947 Non
592 1911 642 1947 ita
672 1920 735 1948 res
766 1914 836 1955 est,
870 1921 958 1947 nam
991 1909 1145 1948 confido
1177 1911 1389 1960 parasitum
1422 1909 1536 1948 hodie
1567 1908 1825 1948 adventurum

252 1987 341 2014 cum
357 1978 519 2026 argento
537 1975 582 2014 ad
600 1988 674 2014 me.
713 1976 816 2016 PAL.
839 1976 1021 2027 Magnum
1039 1980 1228 2029 inceptas,
1253 1977 1285 2016 si
1302 1977 1337 2016 id
1356 1979 1536 2028 expectas
1553 1976 1657 2027 quod
1676 1978 1918 2027 nlisquamst,

250 2042 419 2083 PHAED.
470 2043 571 2088 Quid
602 2044 633 2082 si
664 2044 797 2083 deleam
830 2044 877 2082 ad
908 2045 1011 2084 fores
1041 2050 1158 2096 atque
1189 2042 1423 2084 occentem?
1481 2043 1583 2084 PAL.
1625 2043 1665 2083 Si
1695 2042 1816 2089 lubet,
1850 2055 1919 2082 ne-

659 2124 735 2162 que
764 2119 852 2151 veto
886 2124 1014 2163 neque
1045 2112 1175 2160 iubeo,
1933 2116 1987 2149 145

259 2179 416 2230 quando
449 2182 520 2231 ego
551 2184 588 2217 te
618 2179 729 2217 video
761 2179 974 2219 immutatis
1007 2180 1183 2220 moribus
1215 2192 1310 2227 esse,
1342 2192 1422 2227 erc,
1452 2185 1570 2231 atque
1600 2178 1775 2232 ingenio.

421 2247 591 2286 PHAED.
643 2246 806 2293 pessuli,
837 2247 936 2286 heus
967 2248 1125 2299 pessuli,
1157 2251 1222 2287 vos
1253 2248 1377 2287 saluto
1408 2247 1563 2293 lubens,

423 2327 491 2354 vos
521 2327 621 2362 amo,
652 2327 719 2353 vos
748 2315 848 2358 volo,
880 2327 947 2354 vos
978 2321 1068 2367 peto
1102 2322 1218 2366 atque
1250 2316 1429 2361 obsecro,

368 2473 428 2504 125
453 2470 513 2505 hic
593 2470 763 2505 iubentur
796 2469 864 2504 VE
956 2472 1019 2504 126
1044 2470 1292 2516 propinantes,
1317 2480 1413 2505 corr.
1438 2469 1595 2505 Botlzz'us
1679 2469 1918 2514 propitiantes

251 2529 412 2562 amantes
426 2526 679 2562 Fleclceisemcs
748 2527 838 2561 dant
909 2528 969 2561 127
989 2526 1150 2561 homines
1167 2530 1200 2560 et
1217 2526 1255 2560 in
1267 2537 1336 2572 my.
1354 2526 1367 2560 1
1381 2537 1502 2562 omnes
1517 2526 1564 2569 B,
1581 2525 1617 2562 al
1630 2525 1744 2562 omnis
1759 2525 1918 2560 homines

260 2583 290 2616 V
294 2582 329 2617 E
395 2583 570 2618 eueniunt
665 2585 727 2617 129
740 2584 821 2618 hem
839 2582 871 2617 Β
960 2585 1021 2617 130
1035 2582 1172 2627 perisse
1259 2584 1318 2617 131
1338 2582 1439 2618 iubet
1455 2581 1525 2616 VE
1536 2586 1589 2617 ter
1677 2584 1738 2617 132
1755 2582 1821 2616 ΡΗ.
1839 2584 1919 2617 tace

251 2639 336 2675 noli.
355 2639 395 2674 P.
421 2642 538 2683 taceo,
564 2639 712 2674 correxi
806 2641 868 2674 133
886 2639 1024 2684 perisse
1118 2641 1179 2673 135
1199 2642 1234 2673 et
1261 2641 1321 2673 137
1346 2637 1547 2673 adhaerent
1562 2637 1853 2674 antecedentibus

254 2699 316 2730 13ss
342 2699 396 2731 est
420 2696 516 2740 quod
542 2695 571 2729 V
574 2695 619 2738 E,
643 2697 691 2736 cf.
715 2696 764 2731 acl
787 2694 926 2731 Bacch.
946 2695 993 2729 54
1062 2694 1162 2730 iubet
1187 2694 1256 2729 VE
1348 2697 1409 2730 138
1435 2694 1707 2740 anapaesticum
1731 2693 1920 2729 dimetrum

250 2762 326 2786 esse
337 2751 528 2798 probabile
543 2756 597 2788 est
611 2753 676 2798 (cf.
691 2752 931 2799 Spenqelz'us),
957 2756 997 2786 ut
1012 2762 1091 2787 cum
1108 2752 1180 2785 139
1192 2755 1348 2797 systema
1358 2751 1476 2796 faerit
1571 2753 1745 2786 140—-141
1763 2754 1921 2797 systema

252 2807 292 2842 X
310 2812 507 2843 metrorum
602 2811 665 2844 140
690 2809 742 2853 cf.
767 2808 818 2843 M.
853 2807 899 2842 W
901 2819 1009 2843 arren
1037 2806 1174 2854 ephem.
1200 2808 1342 2843 americ.
1367 2809 1406 2849 2,
1432 2809 1481 2842 57
1502 2808 1553 2850 (8)
1648 2809 1712 2842 142
1736 2809 1832 2843 emat

251 2863 355 2909 (ere)
369 2864 614 2900 Buecheler-us
709 2867 772 2900 143
785 2867 861 2900 rest
873 2867 929 2900 est
943 2864 977 2899 B
1073 2866 1135 2900 145
1153 2864 1249 2908 quod
1268 2863 1303 2899 B
1310 2865 1319 2885 ¹
1389 2864 1491 2900 iubet
1513 2863 1545 2898 V
1546 2862 1581 2898 E
1626 2866 1688 2899 147
1703 2863 1833 2899 iubens
1856 2861 1922 2898 VE
