2018 3183
190 89 271 127 156
931 87 1112 123 PLAVTI
1649 87 1693 114 n·
1705 87 1732 121 4,
1751 86 1853 116 45—74

189 204 349 245 CHRYS.
395 203 532 250 Quam,
564 202 721 248 malum,
755 201 877 247 facile,
911 213 1026 251 quem
1058 201 1235 240 mendaci
1266 202 1424 252 prendit
1454 201 1672 242 manufesto
1704 201 1852 242 modo?

190 283 306 322 quem
338 271 368 310 si
401 282 509 309 orem
541 276 582 308 ut
615 269 706 307 mihi
741 269 794 307 nil
825 269 970 315 credat,
1002 268 1037 307 id
1072 281 1151 307 non
1185 269 1283 307 ausit
1314 269 1485 308 credere.

189 338 327 379 MNEs.
376 338 498 376 Immo
530 337 561 376 si
592 337 724 375 audias
756 348 854 387 quae
885 335 986 374 dicta
1017 336 1112 374 dixit
1141 348 1202 375 me
1232 336 1435 376 adversum
1465 336 1548 375 tibi.

190 406 348 446 CHRYS.
399 405 501 452 Quid
531 403 655 444 dixit?
713 404 851 444 MNEs.
902 404 940 443 Si
972 410 1013 442 tu
1046 403 1152 443 illum
1175 404 1296 443 solem
1319 403 1392 443 sibi
1423 404 1545 443 solem
1575 417 1658 444 esse
1688 405 1852 453 diceres,

191 486 231 511 se
262 472 371 510 illum
403 472 533 511 lunam
566 472 725 512 credere
756 485 840 511 esse
873 478 912 511 et
943 477 1097 510 noctem
1130 472 1196 522 qui
1228 484 1336 511 nunc
1366 478 1424 511 est
1454 471 1547 511 dies.
1865 478 1922 511 700

190 540 348 581 Cflms.
394 540 612 591 Emungam
635 540 764 579 hercle
786 540 985 579 hominem
1007 539 1130 591 probe
1152 539 1279 587 hodie,
1312 552 1361 578 ne
1383 539 1419 578 id
1441 540 1679 590 nequiquam
1701 539 1856 580 dixerit.

190 607 328 648 MNES.
359 608 472 647 Nunc
493 607 585 659 quid
608 620 680 647 nos
701 608 756 646 vis
778 605 934 647 facere?
979 606 1136 647 CHRYS.
1168 597 1282 646 Enim
1306 607 1360 646 nil
1384 607 1455 646 nisi
1474 613 1515 646 ut
1532 607 1668 647 ametis
1688 607 1853 659 impero.

191 682 365 715 ceterum
397 682 587 727 quantum
619 675 727 714 lubet
756 688 817 714 me
848 675 1040 727 poscitote
1071 687 1228 714 aurum:
1262 687 1334 727 ego
1367 674 1478 714 dabo.

192 743 285 794 quid
316 744 410 783 mihi
441 744 562 783 refert
594 743 778 795 Chrysalo
810 756 893 783 esse
925 756 1084 790 nomen,
1118 744 1191 783 nisi
1224 744 1333 783 sactis
1364 742 1520 795 probo?

192 811 258 851 sed
290 823 399 851 nunc
431 811 663 863 quantillum
696 817 807 851 usust
836 812 920 850 auri
952 811 1033 858 tibi,
1065 809 1334 850 Mnesiloche?
1366 811 1427 850 dic
1458 811 1564 850 mihi.
1867 814 1924 847 705

191 878 329 920 MNEs.
380 879 489 918 Militi
522 879 691 918 nummis
721 878 900 917 ducentis
931 879 1005 917 iam
1036 890 1130 917 usus
1161 885 1219 918 est
1251 890 1323 930 pro
1353 878 1559 918 Bacchide.

192 946 350 987 Cums.
380 946 464 998 Ego
482 946 595 985 dabo.
634 946 772 986 MNEs.
799 946 898 985 Tum
918 945 1031 985 nobis
1048 958 1147 997 opus
1164 951 1222 985 est
1237 952 1409 997 sumptu.
1449 946 1491 986 C.
1514 946 1586 993 Ah,
1603 945 1753 997 placide
1770 946 1855 985 volo

197 1026 319 1053 unum
352 1014 522 1065 quidque
558 1026 737 1065 agamus:
770 1014 844 1052 hoc
874 1013 941 1052 ubi
973 1026 1103 1064 egero,
1134 1019 1216 1052 tum
1247 1014 1346 1053 istuc
1376 1025 1499 1065 agam.

193 1082 240 1121 de
272 1082 450 1121 ducentis
481 1082 651 1121 nummis
681 1082 853 1133 primum
885 1081 1085 1120 intendam
1117 1080 1307 1120 ballistam
1339 1081 1377 1120 in
1410 1093 1566 1129 senem;

194 1162 238 1188 ea
268 1149 418 1189 ballista
449 1150 479 1188 si
511 1155 732 1200 pervortam
766 1149 904 1188 turrim
936 1155 974 1188 et
1002 1149 1314 1201 propugnacula,
1869 1151 1926 1185 710

193 1224 299 1257 recta
331 1224 441 1269 porta
473 1217 648 1257 invadam
681 1216 875 1268 extemplo
907 1217 946 1255 in
979 1216 1167 1268 oppidum
1199 1216 1372 1255 anticum
1404 1223 1442 1254 et
1471 1222 1599 1255 vetus:

193 1286 225 1324 si
257 1286 293 1324 id
326 1298 456 1337 capso,
487 1286 652 1338 geritote
684 1286 818 1325 amicis
848 1284 989 1325 vostris
1019 1297 1157 1324 aurum
1191 1283 1390 1331 corbibus,

193 1354 294 1392 sicut
323 1354 477 1393 animus
507 1360 651 1406 sperat.
710 1354 820 1394 PIST.
872 1353 984 1405 Apud
1017 1359 1092 1392 test
1121 1353 1274 1392 animus
1305 1358 1452 1400 noster,
1485 1351 1680 1404 Chrysale.

194 1421 352 1461 Cnms.
401 1422 516 1461 Nunc
546 1428 587 1460 tu
619 1422 680 1461 abi
712 1422 830 1468 intro,
862 1422 1086 1469 Pistoclere,
1115 1421 1160 1460 ad
1193 1420 1437 1467 Bacchidem,
1473 1427 1588 1471 atque
1617 1420 1724 1460 ecfer
1753 1419 1829 1459 cito

194 1489 304 1530 PIST.
335 1488 466 1535 Quid?
505 1489 549 1530 C.
575 1490 727 1537 Stilum‚
746 1502 874 1529 ceram
889 1495 926 1529 et
942 1489 1115 1536 tabellas,
1133 1489 1269 1528 linum.
1307 1489 1353 1529 P.
1375 1488 1452 1527 Iam
1471 1488 1558 1526 saxo
1575 1487 1637 1527 hic
1653 1494 1783 1526 erunt.
1803 1491 1929 1525 —715

193 1556 331 1597 MNEs.
364 1557 465 1602 Quid
488 1570 595 1597 nunc
617 1571 658 1598 es
680 1556 884 1597 facturus?
906 1557 943 1596 id
966 1557 1059 1596 mihi
1080 1557 1176 1596 dice.
1216 1556 1374 1597 Cnms.
1406 1556 1606 1596 Coctumst
1621 1553 1859 1607 prandium?

194 1638 262 1664 vos
292 1626 369 1665 duo
402 1625 508 1665 eritis
539 1631 655 1676 atque
685 1626 806 1664 amica
838 1631 902 1664 tua
933 1625 1007 1664 erit
1036 1631 1164 1663 tecum
1196 1623 1339 1664 tertia?

193 1693 332 1733 Mmzs.
372 1693 480 1733 Sicut
501 1693 608 1733 dicis.
648 1693 806 1734 CHRYS.
847 1693 1058 1732 Pistoclero
1082 1692 1187 1731 nulla
1217 1692 1337 1731 amica
1361 1690 1446 1731 est?
1490 1691 1547 1732 M.
1588 1690 1710 1730 Immo
1740 1691 1860 1731 adest.

196 1761 354 1800 alteram
388 1761 450 1800 ille
481 1767 584 1801 amat
613 1774 802 1807 sororem,
835 1773 908 1812 ego
939 1761 1112 1808 alteram,
1143 1759 1275 1799 ambas
1306 1759 1526 1799 Bacchides.

196 1828 354 1870 Cnms.
372 1829 521 1875 Quidtu
535 1827 726 1880 loquere?
746 1829 884 1869 MNEs.
902 1828 996 1876 Hoc,
1015 1828 1187 1868 utsuturi
1200 1840 1346 1868 sumus.
1368 1827 1528 1868 CHRYffi
1538 1826 1566 1864 V
1571 1825 1860 1867 histbiclinium
1874 1831 1930 1866 720

195 1897 304 1937 vobis
325 1896 517 1937 stratum?
567 1897 704 1937 MNEs.
751 1897 849 1943 Quid
872 1897 909 1936 id
940 1894 1172 1947 exquaeris?
1222 1895 1380 1936 CHRYS.
1425 1895 1502 1934 Res
1531 1895 1632 1942 itast,
1663 1894 1738 1934 dici
1759 1895 1860 1934 volo.

198 1966 325 2005 nescis
357 1966 448 2017 quid
480 1978 551 2017 ego
583 1972 741 2004 acturus
771 1965 842 2004 sim
876 1977 948 2003 nec
979 1965 1130 2004 facinus
1161 1971 1351 2015 quantum
1385 1963 1574 2002 exordiar.

195 2033 334 2074 MNEs.
385 2034 487 2073 Cedo
511 2046 669 2073 manum
701 2045 745 2072 ac
775 2032 1016 2084 subsequere
1047 2032 1211 2084 propius
1242 2044 1303 2070 me
1334 2032 1379 2070 ad
1413 2032 1529 2070 fores.
1562 2031 1666 2070 intro
1697 2030 1861 2082 inspice.

196 2101 354 2142 CHRYS.
401 2101 520 2148 Euax,
554 2101 669 2140 nimis
700 2101 824 2140 hellus
855 2104 970 2151 atque
1002 2106 1045 2139 ut
1075 2112 1160 2139 esse
1189 2111 1369 2138 maxume
1401 2098 1581 2150 optabam
1612 2098 1734 2138 locus.
1792 2103 1932 2137 724.725

195 2169 306 2209 PIST.
356 2169 462 2216 Quae
494 2169 743 2221 imperavisti.
790 2169 1022 2219 imperatum
1053 2168 1155 2207 bene
1186 2168 1301 2207 bonis
1331 2168 1473 2206 sactum
1505 2166 1643 2206 ilicost.

310 2349 375 2382 696
400 2351 534 2393 q[u]a.m
550 2347 635 2382 ΑΒ2
646 2359 657 2381 .·
681 2358 752 2392 qua
768 2346 868 2391 13¹1),
893 2358 938 2392 qa
957 2347 985 2382 C
1073 2346 1277 2391 [prehendit
1292 2344 1509 2387 mamufesto
1525 2343 1593 2380 ΑΡ
1683 2345 1857 2378 700-921

197 2404 362 2440 desunt
378 2405 391 2438 i
399 2397 423 2438 iz
447 2405 478 2439 Α
571 2407 634 2438 701
654 2414 816 2448 emugam
837 2403 872 2438 B
966 2405 1030 2437 702
1054 2403 1129 2437 ΜΝ.
1147 2401 1308 2437 Merula:
1325 2401 1422 2436 Plszr.
1516 2399 1610 2435 enim
1632 2399 1723 2435 nihil
1743 2399 1863 2435 Came·

196 2461 337 2496 rarius.-
354 2460 449 2496 enim
465 2460 557 2495 nihil
573 2463 629 2496 est
645 2464 743 2503 (ante
767 2460 861 2495 enim
876 2470 949 2494 ras.
969 2461 992 2494 3
1016 2460 1083 2495 litt.
1102 2458 1170 2501 B),·
1199 2458 1250 2493 nil
1268 2458 1362 2492 enim
1378 2456 1576 2492 Muellerus
1667 2459 1732 2491 705
1750 2465 1861 2501 quan-

195 2518 312 2553 tulum
335 2527 423 2553 usus
447 2519 504 2552 est
530 2516 590 2553 CD
727 2527 856 2552 aurum
881 2519 920 2550 ut
943 2516 1010 2552 vid.
1038 2516 1088 2550 B¹
1204 2518 1220 2548 7
1226 2518 1266 2548 07
1292 2513 1451 2559 sumptui
1473 2512 1523 2548 B¹
1662 2522 1686 2548 a
1711 2512 1772 2547 CD

198 2578 263 2609 709
280 2574 448 2610 balistam
463 2574 513 2609 B¹
583 2576 649 2609 710
663 2584 706 2609 ea
718 2573 850 2609 balista
866 2573 910 2615 B,
929 2572 1134 2608 etaballista
1147 2573 1235 2614 (-am
1252 2571 1310 2611 θ’)
1327 2570 1387 2606 CD
1457 2572 1523 2603 712
1535 2568 1670 2605 nostris
1684 2567 1772 2604 DB²

198 2634 262 2666 713
287 2631 392 2674 sicui,
417 2641 509 2666 corr.
533 2630 731 2676 Scioppius
822 2632 887 2665 715
909 2629 1031 2665 stilum
1050 2631 1086 2663 et
1104 2627 1268 2671 tabellas,
1289 2636 1418 2670 ceram,
1437 2625 1551 2660 finum
1582 2624 1772 2670 Vssinqc'us

197 2687 295 2723 P1sw.
322 2699 358 2724 ς.·
381 2687 456 2722 ΜΝ.
596 2690 660 2721 716
686 2687 760 2721 Mn.
787 2697 855 2721 om.
995 2687 1136 2720 coctum
1165 2683 1224 2720 Cl)
1348 2685 1411 2717 718
1437 2681 1631 2728 pistoclere
1655 2680 1772 2717 B’CD

199 2745 262 2778 720
288 2744 444 2788 loqueris
584 2746 644 2777 721
678 2743 837 2787 exquiris
861 2742 913 2777 B’
1050 2744 1114 2776 722
1145 2751 1261 2785 neque
1399 2741 1475 2774 724.
1502 2741 1566 2772 725
1592 2739 1713 2774 euhax
1742 2737 1772 2773 B

196 2799 329 2835 bellust
352 2799 582 2842 Ritsclceliu&
598 2800 730 2835 bellum
746 2800 926 2835 -locum
943 2797 1209 2833 Stuclemundus
1232 2795 1327 2832 stud.
1350 2797 1382 2837 1,
1409 2796 1478 2830 516
1484 2807 1499 2836 ,·
1523 2794 1572 2839 cf.
1598 2793 1647 2829 acl
1669 2804 1702 2829 v.
1723 2794 1773 2828 90

199 2857 264 2890 726
290 2865 381 2900 quae
404 2855 632 2902 imperauisti
656 2856 706 2901 cf.
735 2855 812 2892 Cas.
839 2856 925 2891 358.
963 2865 1077 2900 neque
1101 2853 1238 2899 ellipsis
1255 2851 1462 2900 probabilis
1486 2856 1539 2888 est
1562 2861 1677 2896 neque
1701 2849 1817 2886 altera
