2018 3183
250 94 330 133 206
986 90 1168 126 PLAVTI
1648 89 1692 118 111
1705 90 1731 123 4,
1752 90 1862 123 120—5,
1881 89 1914 117 15

247 210 362 250 HEG.
413 210 520 249 Satin
553 207 639 246 med
672 207 724 245 illi
757 205 871 245 hodie
902 206 1053 245 scelesti
1085 205 1186 257 capti
1218 210 1409 256 ceperunt
1439 203 1559 244 dolo?

247 278 325 318 illic
356 289 507 316 servom
539 288 580 315 se
611 274 870 320 assimilabat,
903 273 965 312 hic
995 284 1081 313 sese
1111 279 1241 312 autem
1272 273 1452 312 liberum.

249 345 460 385 nuculeum
493 343 615 390 amisi,
647 341 790 381 retinui
822 340 978 392 pignori
1010 341 1222 392 putamina.

247 414 297 452 ita
328 412 422 452 mihi
454 410 595 450 stolido
627 421 782 448 sursum
815 420 970 448 versum
1003 420 1046 447 os
1076 407 1279 447 sublevere
1311 406 1475 447 offuciis.

245 481 308 520 hic
339 479 496 532 quidem
529 480 590 516 me
623 488 836 528 numquam
867 475 1058 515 irridebit.
1111 474 1292 527 Colaphe‚
1325 474 1518 522 Cordalio,
1549 473 1688 520 Corax,

245 548 297 587 ite
327 547 455 594 istinc,
487 545 633 585 ecferte
664 545 760 584 lora.

928 632 1234 674 COLAPHVS

788 701 889 740 Num
920 701 1110 752 lignatum
1143 699 1359 739 mittimur?
1797 751 1864 792 ΠΙ
1885 753 1910 792 5

357 815 473 855 ΗΕΘ.
524 815 662 855 Inicite
692 815 784 855 huic
814 814 986 853 manicas
1019 827 1041 851 21<
1074 813 1285 864 mastigiae.

355 883 492 923 ΤῚἮΙ).
545 882 645 928 Quid
678 883 752 922 hoc
784 884 842 921 est
873 879 1036 932 negoti?
1068 882 1160 933 quid
1192 893 1264 931 ego
1296 877 1471 931 deliqui?
1530 879 1645 918 Hm.
1696 877 1842 928 Rogas,

356 958 460 990 sator
491 957 698 1002 sartorque
729 951 933 997 scelerum,
966 956 1004 989 et
1033 961 1183 989 messor
1213 945 1422 987 maxume?

354 1019 491 1058 TYND.
544 1017 630 1056 Non
664 1024 885 1057 occatorem
917 1018 1047 1056 dicere
1077 1017 1247 1056 audebas
1278 1013 1417 1067 prius?

357 1096 444 1123 nam
477 1097 633 1136 semper
663 1092 804 1125 occant
833 1085 942 1137 prius
974 1097 1089 1136 quam
1119 1085 1271 1124 sariunt
1299 1082 1447 1123 rustici.

354 1153 469 1193 Hm.
520 1153 568 1191 At
598 1159 641 1191 ut
670 1153 917 1192 confidenter
949 1166 971 1190 *
1002 1152 1096 1191 mihi
1128 1157 1266 1190 contra
1298 1150 1428 1190 astitit.

353 1221 490 1260 'sn-1).
542 1221 662 1260 Decet
691 1221 947 1260 innocentem
978 1231 1131 1259 servom
1161 1222 1279 1270 atque
1310 1217 1515 1257 innoxium

354 1289 619 1328 confidentem
652 1301 749 1336 esse,
781 1300 893 1328 suom
925 1288 1027 1339 apud
1059 1299 1170 1326 erum
1199 1286 1460 1338 potissimum.

352 1357 467 1396 Hm.
519 1356 760 1408 Adstringite
791 1355 854 1395 isti
885 1355 996 1395 sultis
1025 1354 1278 1394 vehementer
1308 1365 1461 1393 manus.

351 1425 489 1464 TYND.
541 1424 647 1464 Tuos
677 1436 778 1471 sum,
810 1429 850 1462 tu
882 1423 950 1462 has
982 1423 1137 1474 quidem
1169 1423 1228 1462 vel
1258 1420 1428 1474 praecidi
1460 1418 1565 1459 iube.

353 1492 421 1531 sed
454 1492 544 1543 quid
579 1492 710 1542 negoti
744 1496 814 1538 est,
846 1503 962 1542 quam
995 1489 1045 1529 ob
1076 1502 1159 1529 rem
1190 1501 1397 1529 suscenses
1427 1485 1552 1527 mihi?

351 1559 466 1599 ΗΕΘ.
520 1559 618 1605 Quia
650 1572 712 1598 me
742 1571 951 1609 meamque
981 1570 1076 1605 rem,
1109 1557 1212 1608 quod
1245 1557 1285 1596 in
1315 1562 1353 1596 te
1384 1568 1465 1595 uuo
1496 1555 1582 1601 fuit,

351 1628 429 1666 tuis
459 1627 635 1667 scelestis
665 1626 848 1666 falsidicis
879 1626 1039 1665 fallaciis

352 1695 561 1734 deartuasti
593 1694 847 1734 dilaceravisti
879 1700 995 1745 atque
1027 1705 1122 1745 opes

352 1762 557 1802 confecisti
589 1775 738 1809 omnes,
774 1774 838 1800 res
869 1773 912 1800 ac
944 1761 1116 1800 rationes
1147 1771 1270 1798 meas:

350 1899 414 1930 653
441 1895 562 1931 santin
582 1894 616 1929 B
707 1905 762 1930 me
788 1893 922 1935 (hiatus
947 1897 1121 1939 quattuor
1142 1892 1256 1928 modis
1280 1892 1391 1927 vicari
1404 1893 1542 1938 potest)
1635 1889 1750 1935 capiti
1767 1888 1818 1924 B¹

235 1956 300 1988 655
325 1952 519 1987 nuculeum
545 1951 592 1993 B,
618 1951 760 1987 Nonius
779 1952 853 1986 157
873 1953 914 1993 (s.
940 1951 1159 1996 putaminai:
1184 1949 1352 1984 nucleum
1376 1947 1444 1983 VE
1578 1945 1713 1982 retinui
1737 1944 1905 1980 Donatus

233 2008 386 2055 Adelph.
415 2011 447 2051 5,
473 2010 507 2049 3,
532 2009 600 2042 1Ο.·
623 2008 752 2052 reliqui
776 2019 855 2043 cum
882 2007 1001 2042 Nonio
1101 2006 1242 2051 pigneri
1266 2005 1409 2040 Nonius
1502 2006 1567 2038 656
1592 2013 1722 2038 uersus
1754 2000 1822 2036 ΥΕ

235 2066 418 2101 subliuere
445 2065 492 2100 B¹
506 2064 537 2099 V
538 2064 582 2106 Ε,
607 2064 659 2109 ef.
676 2063 791 2099 Prisc.
810 2065 842 2107 1,
869 2065 956 2107 529,
982 2063 1099 2099 Diom.
1119 2064 1195 2098 370
1279 2065 1342 2096 657
1370 2060 1538 2097 Cordalio
1556 2061 1607 2104 ef.
1629 2060 1700 2095 735
1716 2058 1904 2094 Cordalus.

232 2119 370 2169 κόρδυς
394 2123 613 2168 πανοῦργος
638 2119 842 2166 Hesychius
953 2122 1018 2155 658
1042 2120 1111 2155 iste
1143 2117 1212 2154 ΥΕ
1319 2118 1426 2153 istinc
1455 2117 1620 2153 Guietus:
1642 2115 1751 2151 istinc
1776 2117 1904 2160 atque3

232 2178 286 2223 ef.
306 2179 392 2220 950,
418 2177 530 2213 Mero.
558 2178 640 2220 910,
665 2176 778 2212 Poen.
803 2177 908 2219 1319,
933 2176 982 2211 ad
1006 2176 1116 2211 Poen.
1141 2176 1231 2210 1116
1325 2173 1494 2210 CO-ante
1515 2183 1602 2208 num
1694 2174 1760 2206 659
1784 2171 1904 2207 ΗΒΘΙΟ

232 2246 387 2271 LORARII
403 2245 597 2270 TYNDARvs
618 2243 918 2269 ARISTOPHONTES
940 2233 974 2268 B
986 2232 1056 2268 VE
1144 2232 1306 2268 manicas
1321 2230 1554 2277 (maxumas)
1571 2228 1798 2276 Spenqelz’us,
1821 2227 1904 2273 <ac-

232 2292 376 2336 tutum>
396 2290 556 2337 Pylades
648 2293 708 2325 661
738 2292 837 2325 sator
862 2292 1051 2335 sartorque
1068 2288 1121 2324 B:
1144 2291 1263 2324 sartor
1287 2290 1457 2332 satorque
1481 2285 1624 2322 Nonius
1643 2286 1666 2320 7
1686 2286 1727 2327 (s.
1746 2287 1904 2319 sartores

233 2358 256 2384 a
280 2347 460 2392 sariendo,
485 2347 548 2382 sed
571 2346 676 2382 codd.
702 2357 725 2382 a
748 2347 925 2390 serendo),
951 2349 1050 2382 sator
1074 2349 1244 2390 satorque
1277 2343 1344 2379 VE
1442 2346 1507 2379 662
1531 2353 1604 2378 non
1629 2343 1833 2378 occatorem
1856 2339 1904 2382 B,

232 2404 388 2440 Nonius.-
405 2407 637 2440 noccatorem
662 2403 704 2445 V,
721 2405 952 2439 hoccatorem
970 2402 1005 2437 Ε
1087 2402 1187 2447 prius
1204 2402 1365 2437 audebas
1382 2401 1503 2436 dicere
1521 2399 1660 2435 Nonius
1742 2399 1806 2432 663
1825 2407 1902 2433 sar-

231 2461 331 2496 riunt
357 2460 513 2504 (sariunt
538 2460 638 2496 Noni
658 2459 801 2503 Bamb.)
940 2462 1005 2494 664
1030 2461 1070 2494 ut
1093 2458 1243 2504 (etiam)
1268 2457 1490 2498 Selzoellius;
1519 2456 1610 2501 fort.
1641 2455 1793 2500 (homo)
1815 2455 1904 2490 mihi

232 2518 295 2562 (ef.
321 2516 522 2553 Muellerus
541 2528 645 2564 pros:
672 2518 734 2560 58)
825 2516 877 2562 ef.
904 2515 1034 2551 Pseud.
1061 2516 1253 2550 459—461
1278 2525 1403 2551 versus
1426 2513 1570 2549 similes.
1609 2516 1803 2559 arqutatus
1825 2516 1903 2547 erat

233 2585 264 2610 v.
285 2575 371 2617 662,
397 2585 477 2610 eam
503 2574 758 2619 confidentiam
783 2573 881 2609 dixit
899 2572 1036 2619 Heqi05
1060 2571 1256 2619 respondet
1274 2572 1357 2608 item
1381 2574 1522 2617 arqute,
1546 2580 1630 2604 nam
1646 2568 1811 2615 Heqioni
1831 2579 1904 2604 non

229 2631 403 2666 innocens
434 2635 488 2667 est
518 2634 553 2666 et
575 2641 674 2666 erum
699 2630 807 2667 habet
832 2634 980 2676 praeter
1003 2640 1083 2664 eum
1221 2630 1286 2663 665
1311 2627 1398 2663 addi
1423 2631 1486 2662 aut
1510 2626 1645 2661 mutari
1670 2624 1763 2660 nihil
1778 2626 1903 2671 potest

233 2689 321 2733 quin
344 2698 462 2723 sermo
488 2688 649 2724 deterior
668 2687 737 2733 fiat
874 2688 937 2722 667
965 2686 1081 2721 sultus
1115 2684 1182 2720 VE
1319 2687 1383 2720 668
1407 2686 1448 2720 tu
1470 2684 1538 2719 has
1563 2681 1699 2718 Lond..·
1731 2684 1814 2717 tuas

234 2746 299 2779 672
332 2749 373 2779 ut
395 2755 424 2778 s·
450 2744 590 2780 Nonius
616 2746 683 2780 95:
714 2743 971 2780 delacerauisti
995 2742 1304 2787 deartuauistique
1336 2752 1421 2786 opes
1514 2739 1565 2785 ef.
1590 2750 1677 2775 mus.
1703 2738 1818 2774 Rhen.
1839 2738 1903 2781 38,

233 2801 292 2843 12,
318 2801 379 2835 ubi
395 2800 554 2836 Nonium
571 2802 730 2848 neqlexi.
771 2801 971 2837 dilacerare
987 2800 1209 2842 (delacerare
1232 2798 1323 2834 nihil
1345 2800 1412 2839 est)
1435 2797 1576 2843 fortius
1599 2800 1650 2832 est
1674 2806 1782 2842 quam
1797 2796 1902 2832 dear-

235 2861 348 2892 tuare.
375 2858 427 2902 cf.
455 2858 522 2892 641

1921 346 1979 378 655

1923 882 1980 916 660

1921 1223 1978 1256 665

1917 1561 1975 1594 670
