1998 3179
97 113 143 140 111
154 113 180 145 4,
199 112 293 145 21—5,
312 113 328 139 9
840 107 1015 143 CASINA
1675 104 1753 140 251

99 238 189 265 cum
218 226 290 264 hac
320 237 409 264 cum
439 227 547 270 istac,
579 235 747 274 cumque
779 222 898 260 amica
930 221 1043 260 etiam
1074 227 1150 260 tua.

99 293 160 333 abi
191 299 229 332 et
258 292 359 331 aliud
390 303 496 338 cura,
529 303 601 341 ego
632 290 705 329 iam
736 302 807 341 per
839 290 992 328 hortum
1025 289 1175 327 iussero

98 372 223 399 meam
254 360 355 398 istnc
385 358 551 398 transire
581 369 743 396 uxorem
774 357 820 395 ad
852 368 1012 395 uxorem
1044 362 1162 394 tuam.
1196 376 1244 382 —-

96 428 195 467 LYS.
245 427 357 466 Nunc
386 434 428 465 tu
458 425 510 464 mi
541 425 686 463 amicus
716 437 758 463 es
788 424 825 462 in
858 435 1087 474 germanum
1118 423 1289 460 modum.
1768 437 1824 470 615

98 507 174 545 qua
204 506 275 545 ego
306 494 412 533 hunc
441 504 612 531 amorem
644 492 695 530 mi
727 503 811 530 esse
842 490 898 529 avi
931 490 1054 529 dicam
1086 490 1216 528 datum

96 567 163 600 aut
192 561 284 612 quid
317 572 387 610 ego
419 571 602 610 umquam
635 571 724 609 erga
756 558 946 597 Venerem
978 558 1110 607 inique
1142 556 1313 598 fecerim.

97 628 159 667 cui
189 628 245 667 sic
275 633 332 666 tot
361 625 505 665 amanti
535 626 586 664 mi
619 625 766 663 obviam
802 624 982 662 eveniant
1013 622 1173 662 morae?

94 701 200 742 attat,

88 762 185 813 quid
216 760 307 799 illuc
338 760 532 805 clamoris,
565 771 743 810 opsecro,
776 759 814 796 in
850 765 1019 797 nostrast
1050 756 1197 796 domo?
1766 773 1823 805 620

734 824 1098 865 PARDALISCA
1642 820 1708 859 III
1731 823 1753 859 5

205 895 317 934 Nulla
346 906 443 938 sum,
476 894 582 933 milla
612 907 711 941 sum,
743 900 836 940 tola,
872 900 950 933 tota
982 893 1117 940 occidi,

203 973 273 1000 cor
302 967 406 1000 metu
439 967 684 1007 mortuomst‚
717 961 892 1000 membra
925 961 1086 1000 miserae
1119 965 1304 1004 tremunt,

206 1029 336 1068 nescio
371 1028 473 1067 unde
503 1029 632 1075 auxili,
664 1029 841 1080 praesidi,
873 1029 1026 1080 perfugi

206 1097 257 1134 mi
289 1102 355 1135 aut
384 1097 469 1148 opis
500 1097 648 1148 copiam
681 1109 904 1148 comparem
935 1103 1000 1135 aut
1031 1102 1227 1146 expetam:

202 1170 306 1202 tanta
336 1165 439 1203 factu
470 1164 585 1203 modo
616 1164 713 1203 mira
744 1165 851 1203 miris
881 1164 1005 1202 modis
1763 1165 1820 1197 625

203 1232 307 1270 intus
337 1231 426 1274 vidi,
459 1244 597 1270 novam
629 1239 743 1282 atque
775 1232 967 1282 integram
999 1230 1210 1269 audaciam.

203 1312 293 1338 cave
323 1297 405 1346 tibi,
439 1299 661 1347 Cleostrata,
692 1299 858 1350 apscede
889 1300 934 1337 ab
967 1299 1050 1345 ista,
1083 1310 1258 1350 opsecro,

202 1369 250 1405 ne
283 1366 375 1417 quid
405 1367 444 1405 in
477 1369 514 1405 te
547 1367 633 1405 mali
751 1367 843 1405 faxit
873 1367 926 1405 ira
958 1367 1117 1417 percita.

145 1434 282 1485 eripite
313 1434 375 1474 isti
405 1433 588 1484 gladium,
620 1446 719 1484 quae
748 1434 845 1473 suist
876 1434 1001 1484 impos
1031 1434 1162 1472 animi.

83 1501 185 1541 LYs.
218 1501 314 1539 Nam
345 1501 438 1552 quid
459 1508 518 1541 est
547 1502 651 1552 quod
681 1502 778 1541 haec
808 1502 884 1541 huc
914 1502 1045 1541 timida
1067 1508 1183 1553 atque
1206 1501 1419 1540 exanimata
1442 1500 1596 1539 exsiluit
1618 1497 1821 1542 foras?630

91 1568 316 1607 Pardalisca.
375 1569 480 1609 PAR.
526 1569 640 1617 Perii,
671 1570 776 1608 unde
807 1582 914 1608 meae
945 1575 1137 1620 usurpant
1167 1581 1280 1608 aures
1310 1566 1512 1607 sonitum?

201 1669 266 1700 612
290 1667 343 1701 sic
366 1667 444 1710 ΑΡ,
470 1671 521 1713 cf.
547 1669 595 1702 act
619 1669 727 1703 Most.
746 1670 822 1703 392
916 1671 980 1702 613
1005 1668 1142 1712 aliquid
1166 1669 1197 1703 A
1290 1670 1354 1702 616
1381 1668 1442 1702 aui
1466 1671 1517 1702 A:
1543 1671 1606 1701 aut
1630 1666 1664 1701 1)

88 1721 151 1753 617
177 1720 273 1764 quod
295 1719 375 1762 ΑΡ,
405 1731 500 1755 corr.
529 1721 731 1757 Gronovius
866 1726 950 1768 post
973 1721 1117 1756 verbum
1150 1720 1248 1767 quod
1275 1725 1328 1755 est
1360 1721 1478 1755 dicam
1509 1720 1752 1765 iuterrogatio

84 1772 173 1817 quid
195 1772 341 1808 fecerim
370 1774 420 1807 ita
441 1774 563 1818 posita
579 1779 633 1809 est
657 1775 765 1820 quasi
787 1775 885 1810 dicat
909 1775 994 1819 quid
1018 1785 1074 1809 me
1099 1774 1230 1810 fecisse
1256 1774 1390 1817 dicam3
1415 1773 1542 1808 similis
1567 1778 1754 1808 construc—

87 1827 223 1861 tionum
247 1827 456 1861 commixtio
482 1825 611 1862 Pseud.
639 1829 713 1862 562
727 1839 802 1873 sq:
827 1839 892 1863 uos
917 1828 1137 1872 suspicarier
1160 1839 1216 1862 me
1240 1827 1450 1872 promittere
1477 1848 1515 1851 —
1543 1837 1660 1872 neque
1686 1827 1752 1861 sim

85 1878 264 1923 facturus,
297 1890 377 1914 cum
400 1880 600 1915 intercedat
623 1892 693 1926 quo
718 1892 783 1916 uos
810 1881 1003 1923 oblectem3
1029 1881 1079 1925 cf·
1097 1880 1145 1915 ad
1170 1881 1278 1916 Poen.
1305 1883 1329 1915 5
1420 1883 1484 1915 618
1512 1880 1571 1914 cui
1595 1880 1671 1921 ΑΡ,
1698 1881 1752 1925 cf.

88 1931 248 1968 Baebius
272 1932 316 1968 de
338 1934 557 1968 attractione
581 1935 649 1968 im).
668 1935 714 1968 21
807 1935 980 1969 eueniunt
997 1937 1027 1968 A
1115 1936 1180 1969 619
1206 1937 1298 1969 attat
1318 1935 1474 1979 proprio
1501 1944 1604 1969 versu
1630 1936 1672 1975 A,
1698 1945 1751 1979 sq.

82 1995 219 2031 praem.
239 1984 274 2020 P
363 1989 427 2019 620
452 1989 613 2022 nostrast
636 1988 740 2022 domo
758 1991 808 2030 A,
832 1990 958 2023 nostra
974 1988 1078 2023 domo
1096 1990 1152 2022 est
1170 1986 1203 2020 J>
1293 1998 1521 2022 PARDALISCA
1544 1998 1750 2022 LYsmAmvs

89 2039 131 2080 A,
153 2049 313 2074 mamm
338 2050 456 2074 senex
480 2044 520 2080 (s.
540 2051 573 2074 a.
602 2039 680 2082 VE)
706 2040 739 2074 Ρ
845 2043 1022 2075 621-628
1048 2040 1141 2086 disp.
1167 2046 1205 2074 uc
1229 2052 1343 2087 supra
1361 2042 1401 2082 A,
1425 2041 1478 2076 sic
1495 2041 1547 2075 P.-
1572 2041 1682 2076 Nulla
1706 2062 1751 2067 —

87 2093 142 2126 est
162 2093 168 2136 Ι
191 2092 354 2127 Membra
370 2111 415 2117 —
431 2093 605 2138 praesidii
625 2094 630 2137 l
651 2094 813 2138 Perfugii
833 2113 871 2118 —·
892 2098 1057 2140 expetam
1078 2094 1084 2139 Ι
1105 2093 1225 2129 Tanta
1241 2114 1284 2119 —
1300 2104 1433 2129 nouam
1454 2096 1459 2138 Ι
1480 2097 1599 2140 Atque
1618 2116 1658 2120 —
1684 2097 1749 2131 ab·

85 2145 192 2180 scede
215 2145 293 2185 (secl
316 2145 425 2188 Caue)
456 2148 461 2190 Ι
490 2146 546 2181 Ab
574 2167 613 2172 —
638 2148 789 2191 percita,
815 2152 923 2192 atque
947 2158 1071 2182 versus
1095 2147 1213 2182 clausi
1235 2147 1372 2182 nullum
1397 2148 1567 2183 indicium
1592 2153 1643 2183 est
1668 2155 1751 2184 ante

87 2198 284 2233 clausulam
318 2200 537 2234 trochaicam
676 2203 741 2235 624
767 2211 875 2245 opum
898 2200 973 2241 ΑΡ,
1004 2201 1171 2242 εοννεοεὴ
1209 2202 1259 2246 cf.
1288 2206 1436 2246 praeter
1466 2202 1540 2237 alia
1564 2202 1642 2237 Mil.
1668 2205 1750 2237 220

85 2250 180 2286 Rud.
205 2253 308 2293 204,·
342 2263 421 2287 cum
445 2253 656 2299 pluralibus
685 2254 845 2289 iunctum
880 2253 979 2300 Capt.
1007 2255 1076 2289 517
1100 2253 1228 2300 Amph.
1254 2255 1352 2288 1053
1377 2253 1472 2289 Rud.
1501 2257 1573 2290 664
1598 2255 1750 2291 Plcorm.

84 2304 161 2339 470
190 2305 240 2351 cf.
266 2304 360 2340 Rud.
386 2307 471 2340 274.
498 2308 572 2341 349
711 2309 775 2342 625
807 2307 913 2342 factis
940 2306 1022 2348 ΑΡ,
1055 2318 1151 2342 corr.
1186 2307 1403 2354 Scioppius;
1436 2308 1564 2343 harum
1595 2309 1749 2344 duarum

87 2358 376 2404 corruptelarum
392 2370 502 2395 causa
519 2371 594 2395 una
619 2371 695 2396 esse
719 2360 858 2396 videtur
949 2361 1048 2395 miris
1067 2363 1117 2395 A:
1140 2362 1237 2396 ueris
1255 2365 1375 2402 (ueras
1394 2361 1428 2396 Β
1435 2363 1457 2403 ¹)
1475 2361 1510 2396 P
1600 2365 1663 2397 627
1683 2374 1750 2408 ap-

85 2411 170 2446 sede
186 2412 217 2447 A
346 2415 522 2449 629—631
549 2418 588 2448 ut
604 2425 631 2448 s.
648 2413 739 2459 disp.
759 2413 834 2455 ΑΡ,
860 2425 947 2459 erqo
966 2415 1096 2459 eripite
1123 2435 1161 2439 —
1188 2415 1400 2450 Pardalisca
1424 2415 1516 2450 duos
1541 2417 1750 2451 octonarios

87 2463 291 2500 trochaicos
317 2465 444 2510 facere
477 2477 557 2501 cum
588 2467 752 2513 Berqlcz'o
784 2471 858 2512 (op.
887 2469 926 2509 1,
951 2468 1035 2510 412)
1065 2479 1137 2503 non
1168 2468 1270 2509 licen
1303 2471 1482 2503 629-634
1520 2473 1750 2504 tetrametros

90 2516 200 2553 troch.
225 2517 561 2564 brachycatalectos
584 2521 647 2565 (cf.
673 2531 759 2555 mus.
786 2520 899 2555 Rhea.
926 2522 989 2560 40,
1014 2522 1097 2563 179,
1123 2521 1293 2556 Klotzius
1317 2525 1416 2556 metr.
1442 2523 1597 2568 423511,
1623 2522 1752 2557 Fleck-

87 2570 197 2605 eiseni
213 2581 296 2606 ann.
313 2572 396 2614 143,
417 2574 505 2615 838)
519 2574 613 2619 fecit
629 2573 843 2609 Schoelle'us.
890 2574 1031 2610 ionio-os
1047 2585 1122 2609 esse
1139 2575 1258 2609 iudico
1277 2586 1356 2609 cum
1374 2575 1535 2620 tripodia
1553 2575 1749 2621 dactylica,

88 2622 131 2657 dc
154 2634 226 2669 qua
257 2626 397 2660 monuit
429 2625 741 2663 Wilamomitzius.
789 2628 840 2672 cf.
869 2629 941 2662 644
958 2638 1011 2673 sq.
1128 2630 1192 2662 629
1217 2628 1350 2672 impos:
1377 2628 1421 2662 de
1439 2628 1620 2673 prosodia
1644 2639 1752 2663 voca-

88 2675 163 2711 buli
175 2687 249 2711 non
266 2682 416 2713 constat.
464 2684 615 2715 metrum
662 2693 1400 2711 ----------------
1426 2681 1498 2723 (vel
1520 2680 1672 2727 itlzyplz„
1697 2682 1749 2726 cf.

87 2726 181 2764 Men.
195 2731 277 2773 110)
347 2733 412 2766 630
426 2733 553 2769 exiluit
568 2734 665 2769 foras
680 2733 722 2776 P,
740 2734 899 2769 exsiliuit
915 2735 946 2768 A
983 2753 1010 2759 -
1022 2748 1050 2763 υ
1065 2754 1090 2758 -
1103 2747 1132 2764 ψ
1172 2747 1703 2764 ------------

88 2802 114 2806 -
126 2796 155 2812 υ
169 2803 195 2807 -
288 2786 350 2819 631
376 2786 573 2830 pardilisca
590 2787 624 2821 P
713 2788 791 2832 peri
806 2788 923 2832 fuisse
939 2786 1082 2822 videtur
1098 2789 1129 2822 A
1223 2797 1348 2822 sonum
1365 2788 1408 2828 A,
1433 2798 1504 2833 quo
1520 2788 1752 2834 septenarius

88 2836 202 2873 troch.
222 2837 302 2882 fiat,
326 2839 391 2874 sed
413 2839 587 2875 vocabulo
606 2840 747 2875 Ennius
770 2847 805 2876 et
822 2840 1004 2875 Pacuvius
1026 2845 1189 2882 utuntur,
1215 2851 1286 2875 non
1304 2840 1461 2875 Plautus
1532 2861 1557 2865 —
1571 2857 1599 2870 υ
1617 2862 1638 2865 -
1655 2859 1680 2870 υ

87 2902 115 2919 υ
125 2904 491 2921 ---------
562 2913 589 2918 -
601 2906 630 2923 υ
642 2910 669 2923 υ
683 2915 703 2918 -
733 2900 773 2929 ul
800 2895 875 2928 629
