2018 3183
193 83 276 119 424
941 82 1122 117 PLAVTI
1672 84 1701 111 v
1719 85 1746 118 7,
1758 86 1860 115 37—52

199 197 287 237 med
328 209 436 238 erum
478 204 586 235 tuom
629 208 707 234 non
741 208 838 236 esse.
898 195 1027 236 MEss.
1077 197 1163 236 Non
1195 195 1328 236 taces?
1385 197 1502 239 ΜΕΝ.
1551 198 1638 238 Non
1670 199 1860 248 mention

199 278 272 304 nec
304 277 418 321 meus
443 276 576 323 servos
608 265 793 314 nmquam
825 263 899 303 tale
933 264 1024 304 feeit
1054 263 1168 315 quale
1200 271 1239 303 tu
1272 264 1379 304 mihi.

198 325 364 373 Μεεςζ
379 332 442 372 Sic
472 332 557 371 sine
588 331 719 382 igitur,
751 331 781 370 si
814 338 922 370 tuom
955 334 1075 383 negas
1105 343 1168 371 me
1200 335 1298 379 esse,
1330 332 1438 372 abire
1469 332 1567 372 11be1
1572 346 1648 372 um

197 401 313 441 ΜΕΝ
364 400 447 439 Mea
479 399 635 450 quidem
667 399 798 438 hercle
829 411 944 439 causa
975 399 1075 439 liber
1105 407 1188 440 esto
1219 407 1336 452 atque
1365 401 1418 440 ito
1450 413 1528 452 quo
1562 401 1678 441 voles.

199 468 328 508 MEss.
377 467 527 518 Nempe
550 465 691 507 iubes?
742 467 858 508 ΜΕΝ.
899 466 1021 507 Iubeo
1043 467 1189 514 hercle,
1220 469 1251 507 si
1276 468 1367 519 quid
1391 469 1529 521 imperi
1553 476 1611 511 est
1633 470 1672 509 in
1696 476 1734 509 te
1757 470 1864 510 mihi.
1880 475 1954 511 1030

199 535 328 576 Mssss.
378 535 500 581 Salve,
532 535 583 574 mi
616 542 794 587 patrone.
855 548 944 575 cum
976 542 1017 575 tu
1048 536 1148 575 liber
1178 548 1232 583 es,
1264 535 1473 583 Messenio,

201 605 364 656 gaudeo.
427 603 543 642 credo
575 603 705 643 hercle
736 603 858 644 vobis.
918 605 999 650 sed,
1032 611 1213 656 patrone,
1246 611 1283 644 te
1316 604 1496 651 obsecro,

201 685 251 711 ne
285 673 416 711 minus
448 672 618 722 imperes
649 672 743 711 mihi
775 684 890 723 quam
922 684 1010 712 cum
1042 679 1131 712 tuos
1162 685 1294 712 servos
1326 673 1393 711 sui.

201 740 302 791 apud
337 739 400 779 ted
432 739 615 779 habitabo
649 746 687 779 et
719 741 875 791 quando
909 740 994 787 ibis,
1027 752 1104 779 una
1138 747 1266 780 tecum
1298 740 1362 780 ibo
1395 741 1567 779 domum.

202 807 318 848 Mes.
370 807 544 847 Minime.
604 808 733 848 MEss.
782 808 897 847 Nunc
921 808 985 848 ibo
1008 809 1046 848 in
1070 808 1288 856 tabernam,
1318 820 1404 848 vasa
1426 815 1542 859 atque
1563 813 1769 859 argentum
1801 806 1869 846 tibi
1887 814 1960 847 1085

202 877 384 915 referam.
445 882 551 915 recte
583 883 641 915 est
673 875 922 928 obsignatum
954 876 992 915 in
1024 876 1155 915 vidulo
1188 877 1457 929 marsuppium
1700 870 1703 874 ¹

205 956 292 982 cum
325 944 487 983 viatico:
519 944 556 983 id
587 943 657 983 tibi
688 944 762 983 iam
795 944 872 983 huc
903 943 1088 983 adferam.
1147 944 1264 984 ΜΕΝ.
1314 944 1434 983 Adfer
1464 952 1638 983 strenue.

202 1011 331 1052 MEss.
382 1012 535 1051 Salvom
567 1012 637 1051 tibi
668 1012 718 1050 ita
749 1018 792 1051 ut
822 1012 915 1051 mihi
947 1012 1085 1051 dedisti
1117 999 1293 1051 reddibo.
1353 1012 1416 1051 hic
1447 1023 1509 1051 me
1539 1023 1668 1051 mane.
1699 1034 1753 1040 -—

204 1079 322 1120 ΜΕΝ.
374 1079 513 1121 Nimiae
528 1080 627 1119 mira
658 1080 752 1119 mihi
783 1080 940 1131 quidem
972 1080 1086 1119 hodie
1119 1086 1250 1120 exorta
1281 1086 1375 1120 sunt
1406 1080 1514 1119 miris
1544 1079 1691 1119 modis:

206 1147 268 1186 alii
300 1160 362 1186 me
395 1154 540 1199 negant
572 1160 661 1187 eum
694 1160 778 1188 esse
810 1148 875 1199 qui
907 1160 1008 1194 sum,
1040 1155 1157 1199 atque
1188 1148 1403 1188 excludunt
1433 1148 1538 1188 foras
1890 1145 1977 1186 1040

1031 1229 1053 1253 ss

206 1284 266 1322 vel
299 1276 361 1322 ille
393 1283 459 1334 qui
491 1296 531 1323 se
563 1290 698 1334 petere
720 1290 936 1335 ‘argentum
970 1284 1099 1330 modo,
1132 1284 1198 1335 qui
1229 1296 1382 1323 servom
1413 1297 1454 1323 se
1485 1296 1614 1323 meum

208 1364 293 1391 esse
324 1350 463 1395 aiebat,
493 1348 629 1405 <meus
659 1348 873 1404 servatoru>
903 1363 1019 1402 quem
1053 1364 1125 1403 ego
1158 1351 1273 1390 modo
1306 1352 1415 1391 emisi
1447 1363 1590 1399 manu;

326 1463 411 1497 1026
435 1471 492 1496 me
587 1463 670 1496 1027
691 1471 882 1506 numquam
900 1460 935 1495 B
1031 1463 1114 1496 1028
1132 1471 1245 1507 negas
1261 1464 1360 1497 tuom
1379 1461 1536 1497 Brixius
1623 1465 1710 1508 post
1725 1471 1757 1496 v.
1774 1461 1879 1496 1028

208 1520 243 1554 in
263 1517 298 1553 P
312 1518 483 1564 lequntur
499 1528 527 1552 v.
545 1518 790 1552 1037-1043
813 1528 878 1553 suo
905 1517 984 1552 loco
1008 1517 1199 1553 redeuntes
1223 1518 1285 1562 (cf.
1310 1518 1559 1563 marsuppium
1583 1518 1620 1552 in
1638 1519 1714 1563 fine
1730 1528 1760 1554 v.
1777 1518 1879 1552 1036

210 1581 243 1610 et
259 1575 397 1617 1043),·
420 1574 458 1609 in
481 1576 512 1610 A
537 1575 631 1609 inter
656 1585 685 1609 v.
707 1575 810 1609 1026
834 1575 983 1609 ec1034
1009 1585 1082 1609 non
1105 1579 1240 1621 septem
1265 1574 1330 1609 secl
1351 1585 1419 1609 sex
1443 1585 1567 1609 versus
1591 1576 1880 1616 intercesserunt,

212 1642 365 1678 quorum
390 1630 482 1665 nihil
505 1631 639 1675 lessitur
735 1633 819 1665 1029
836 1632 887 1665 -at
912 1630 1012 1674 quito
1042 1630 1090 1665 Βι
1186 1633 1272 1665 1032
1297 1641 1364 1665 81111
1387 1631 1496 1666 credo
1521 1630 1557 1666 B
1649 1630 1699 1665 ad
1723 1631 1881 1677 lepidum

214 1690 329 1724 locum
362 1687 601 1722 mutilandum
633 1686 890 1722 adminiculum
921 1697 968 1721 em
999 1697 1147 1722 numero
1180 1697 1345 1723 versuum
1376 1688 1413 1721 ln
1445 1688 1476 1721 Α
1509 1690 1552 1728 (υ.
1584 1687 1633 1722 ad
1661 1688 1778 1730 1028)
1808 1697 1882 1722 non

207 1750 332 1792 petam
450 1746 534 1779 1033
561 1753 684 1778 versus
709 1742 829 1788 qualis
851 1744 968 1784 1037,
993 1743 1169 1778 sententia
1192 1742 1319 1789 plena:
1351 1742 1395 1777 de
1418 1742 1525 1778 rebus
1548 1753 1644 1779 nuno
1667 1744 1884 1780 instantibus

214 1802 374 1847 loquitur
469 1802 555 1835 1034
580 1803 617 1835 te
712 1802 797 1834 1035
824 1800 1002 1842 [taberjna
1025 1802 1056 1835 Α
1149 1809 1240 1834 uasa
1270 1801 1380 1843 atque
1404 1798 1513 1834 AB².·
1547 1809 1656 1835 nassa
1684 1802 1794 1845 atque
1820 1799 1884 1843 B1,

213 1868 306 1894 uasa
335 1860 374 1893 at
404 1857 465 1895 (ad
488 1855 534 1897 Β)
561 1855 622 1891 CD
733 1863 817 1901 post
848 1867 875 1891 v.
902 1857 1003 1891 1036
1033 1857 1070 1891 in
1095 1855 1130 1890 P
1159 1855 1293 1901 leqitur
1325 1867 1356 1891 v.
1382 1856 1482 1890 1044
1505 1866 1572 1891 suo
1597 1856 1676 1892 loco
1699 1857 1885 1903 repetitus.

215 1916 251 1950 in
269 1918 299 1950 Α
318 1915 411 1949 inter
430 1925 457 1948 υ.
475 1913 576 1947 1035
591 1916 626 1948 et
642 1924 672 1948 v.
691 1913 793 1947 1045
808 1912 1036 1948 intercedunt
1058 1917 1137 1948 octo
1164 1922 1297 1954 versus,
1323 1922 1476 1958 quorum
1500 1912 1537 1946 in
1562 1913 1677 1948 tribus
1699 1913 1886 1958 priorIbus
1955 1949 1958 1952 ,

216 1979 251 2007 et
268 1969 496 2018 paenultimo
522 1967 613 2003 nilu'l
637 1968 781 2014 leyhur,
807 1974 1009 2005 ceterorum
1032 1969 1155 2011 (1039.
1181 1969 1299 2010 1040,
1330 1970 1530 2014 sequentis,
1554 1970 1666 2011 1043)
1691 1969 1796 2005 initia

218 2029 443 2063 1037-1044
466 2037 498 2061 υ.
517 2025 566 2060 ad
588 2026 702 2060 1028.
727 2026 829 2060 1036
837 2039 849 2067 ,·
874 2025 928 2071 cf.
945 2024 1163 2071 Spenqelius
1189 2024 1228 2059 T.
1253 2023 1369 2060 Maec.
1395 2025 1451 2059 Pl.
1470 2027 1530 2061 50.
1579 2036 1674 2071 quae
1695 2027 1886 2072 superiore

219 2084 297 2120 loco
311 2083 482 2129 lequntur
495 2082 628 2117 notabo
646 2081 704 2124 (P)
722 2082 778 2118 vel
791 2081 853 2123 (Β)
872 2081 962 2124 (CD)
1033 2084 1118 2118 1037
1138 2091 1244 2127 quom
1262 2081 1323 2123 (Β)
1394 2093 1460 2117 SER
1476 2082 1513 2116 id
1530 2081 1578 2124 B,
1593 2082 1660 2117 AD
1676 2082 1716 2118 id
1733 2083 1794 2125 (Β)

216 2141 289 2177 iam
314 2150 380 2175 om.
410 2138 469 2174 CD
577 2149 643 2174 SEB
666 2138 728 2181 (Β)
834 2141 921 2174 1038
947 2148 1015 2174 snn
1040 2143 1122 2180 (om.
1147 2138 1195 2179 Β)
1299 2138 1365 2173 tibi
1389 2138 1441 2173 ita
1464 2137 1509 2179 P,
1534 2137 1676 2174 Nonius
1700 2140 1795 2175 476.-
1819 2139 1887 2175 tibi

218 2198 305 2233 item
330 2196 404 2239 (Β),
427 2196 513 2231 item
537 2195 604 2230 tibi
629 2194 717 2238 (ΟΒ)
809 2195 960 2231 reddibo
986 2202 1138 2231 testatur
1163 2194 1324 2230 Nonius:
1347 2194 1506 2229 reddebo
1531 2193 1602 2237 (P),
1625 2195 1799 2232 redhibeo
1827 2195 1887 2232 CB

219 2260 254 2289 et
277 2255 366 2295 (var.
391 2252 469 2287 lect.
497 2251 582 2293 (ΣΒ),
607 2252 670 2287 sed
691 2252 807 2288 habeo
827 2252 861 2287 B
953 2251 1013 2287 hic
1037 2263 1093 2287 me
1117 2262 1223 2287 mane
1248 2250 1357 2296 (CD):
1380 2251 1440 2286 hic
1463 2261 1579 2293 mane,
1603 2251 1668 2286 sed
1688 2263 1735 2288 ne
1758 2264 1809 2289 ex
1832 2263 1888 2288 me

219 2309 294 2351 (Β),
319 2308 379 2343 hic
396 2306 450 2349 P;
474 2308 558 2352 (tu)
583 2307 642 2343 hic
661 2307 879 2344 Ritsclzelius
951 2311 1037 2344 1039
1061 2308 1170 2344 hodie
1187 2311 1265 2345 lom.
1287 2307 1332 2349 Ρ)
1401 2306 1500 2342 miris
1525 2306 1603 2350 (P).·
1625 2308 1748 2344 multis
1765 2308 1800 2345 P

215 2370 303 2412 post
330 2367 415 2401 1040
441 2364 530 2399 talia
555 2364 779 2400 intercidisse
803 2364 866 2400 alii
890 2376 946 2400 me
971 2376 1050 2400 esse
1075 2365 1177 2400 aiunt
1202 2364 1262 2409 qui
1286 2373 1359 2400 non
1377 2374 1455 2399 sum
1473 2363 1561 2399 vidit
1577 2364 1798 2401 Ritschelius

227 2425 324 2456 1041.
354 2423 439 2457 1042
466 2431 559 2455 unus
583 2431 706 2456 versus
731 2421 769 2455 in
795 2421 843 2455 P:

412 2477 520 2513 etiam
545 2477 606 2513 hic
631 2488 774 2513 seruom
798 2488 878 2513 esse
903 2488 941 2513 se
964 2488 1082 2512 meum
1105 2477 1228 2512 aiebat
1252 2487 1356 2521 quem
1380 2487 1445 2520 ego
1470 2477 1571 2512 emisi
1594 2487 1704 2512 manu

226 2546 305 2570 cum
324 2545 396 2580 quo
420 2534 610 2569 concinere
633 2533 774 2570 videtur
789 2536 820 2570 Α
838 2532 1014 2570 exhibens
1037 2544 1146 2568 unum
1171 2543 1324 2574 ver,sum
1349 2533 1452 2568 cuius
1477 2534 1615 2568 initium
1641 2544 1714 2569 non
1735 2534 1813 2579 suit
1834 2535 1890 2571 vel

224 2591 286 2626 ille
308 2590 374 2626 sed
394 2591 558 2635 fortasse
582 2591 717 2635 etiahn.
755 2590 827 2626 cluo
851 2591 889 2624 in
915 2589 994 2631 (P).-

364 2647 423 2683 uel
446 2647 508 2682 1118
531 2647 593 2692 qui
619 2657 657 2683 se
680 2650 806 2693 petere
829 2647 935 2682 modo
961 2648 1160 2691 argentum.
1208 2645 1315 2680 modo
1340 2645 1401 2690 qui
1426 2656 1568 2682 seruom
1592 2656 1631 2681 se
1654 2657 1773 2683 meum

364 2713 444 2739 esse
468 2703 600 2739 aiebat.
651 2714 755 2749 quem
779 2714 844 2749 ego
869 2704 973 2738 modo
999 2703 1100 2738 emisi
1124 2712 1232 2737 manu

229 2760 287 2795 ubi
310 2760 467 2806 primum
491 2759 596 2795 modo
619 2760 740 2806 primo
767 2761 938 2795 omiserat
962 2759 997 2795 B
1005 2772 1019 2801 ;
1043 2759 1164 2795 alebat
1188 2757 1224 2793 B
1247 2762 1332 2793 ante
1355 2768 1450 2793 corr.
1558 2757 1602 2793 de
1624 2758 1766 2805 duplici
1785 2759 1891 2795 modo

228 2828 259 2851 υ.
275 2816 325 2851 acl
340 2828 368 2852 v.
389 2816 468 2851 388
474 2828 489 2857 ,·
513 2816 572 2851 uel
588 2816 650 2851 ille
666 2815 715 2851 ad
730 2827 761 2852 v.
779 2816 947 2852 omissum
965 2820 1061 2851 recte
1085 2814 1354 2862 applicabatur,
1379 2813 1487 2850 etiam
1511 2818 1552 2850 ut
1575 2814 1626 2850 ad
1646 2816 1750 2851 1040
1773 2815 1892 2863 appli-

228 2877 373 2908 caretur
388 2872 627 2908 substitutum.
660 2872 811 2908 alterum
830 2883 968 2908 versum
984 2872 1160 2918 supplevi.
1194 2874 1292 2907 totus
1308 2871 1408 2907 locus
1424 2873 1461 2908 in
1478 2872 1669 2919 archetypi
1681 2870 1716 2907 P
1729 2871 1893 2919 marqine
