1998 3179
81 65 125 94 lv
142 66 283 99 1.13-22
799 62 1021 98 EPIDICVS
1658 59 1738 98 367

254 183 364 220 estne
395 191 438 218 ea
467 191 517 218 an
550 183 628 218 non
661 183 742 218 east
772 190 887 230 quam
918 177 1070 217 animus
1100 182 1210 216 retur
1241 174 1376 216 meus?

249 248 373 287 PHIL.
419 247 462 286 Di
494 246 602 295 boni,
632 247 779 287 visitavi
840 260 861 281 *
925 260 946 283 a<
1007 244 1217 284 antidhac?

81 316 184 356 PER.
243 315 359 355 Certo
398 317 480 354 east
539 328 562 352 ιιι
624 327 645 349 >1=
715 326 830 365 quam
868 314 908 353 in
949 303 1146 365 Epidauro
1261 312 1538 365 pauperculam
1578 312 1738 351 memini

1352 381 1622 432 comprimere.
1750 387 1808 419 540

81 451 206 491 Pm.
255 450 374 489 Plane
395 450 526 489 hicine
557 456 626 497 est,
657 450 723 500 qui
744 449 838 488 mihi
869 449 908 488 in
930 439 1127 500 Epidauro
1149 449 1300 500 primns
1329 449 1555 500 pudicitiam
1576 448 1737 500 pepulit.

81 519 185 558 PER.
236 517 344 564 Quae
375 529 462 556 meo
494 519 722 568 compressu
752 517 905 568 peperit
935 516 1053 555 filiam
1085 528 1199 567 quam
1232 516 1337 555 domi
1368 529 1476 555 nunc
1506 515 1642 558 habeo.

81 585 175 636 quid
196 585 228 624 si
249 585 382 624 adeam
403 607 458 613 —-
514 585 638 624 PHIL.
683 584 768 623 Hau
787 584 866 624 scio
889 587 937 623 an
960 583 1193 635 congrediar
1207 607 1263 612 —
1320 584 1424 625 PER.
1469 584 1510 623 Si
1531 584 1628 623 haec
1649 589 1743 623 east.

980 652 1103 692 PHIL.
1153 651 1192 690 Si
1223 652 1255 690 is
1285 653 1343 691 est
1372 652 1502 699 homo,
1533 651 1633 691 sicut

454 719 548 758 anui
578 718 688 758 multi
719 718 836 757 dubia
867 719 972 758 dant.

81 788 185 828 PER.
234 787 370 838 Longa
392 787 472 826 dies
491 798 621 826 meum
642 786 809 825 incertat
829 787 1016 826 animum.
1076 789 1135 825 sin
1159 792 1240 826 east
1262 799 1377 837 quam
1399 787 1548 827 incerte
1568 789 1742 834 autumo,
1756 792 1813 824 545

474 854 577 893 Ιιάῃο
607 854 840 905 congrediar
869 857 967 894 astu.
1741 856 1813 893 545³

197 922 320 963 PmL.
369 922 569 962 Muliebris
598 921 815 961 adhibenda
938 922 1033 962 mihi
1064 922 1205 962 malitia
1237 935 1344 962 nunc
1377 928 1447 961 est.

85 1059 189 1099 PER.
240 1058 501 1109 compellabo.
559 1059 681 1098 Pnn„
733 1058 934 1098 Orationis
963 1057 1084 1098 aciem
1116 1065 1253 1098 contra
1285 1059 1498 1098 conferam.

86 1127 189 1167 PER.
231 1126 338 1166 Salva
356 1127 421 1166 sis.
471 1126 594 1167 PHIL.
631 1126 801 1165 Salutem
824 1126 972 1178 accipio
995 1127 1047 1165 mi
1069 1132 1107 1165 et
1121 1127 1229 1166 meis.
1279 1127 1385 1166 PER,
1421 1126 1523 1172 Quid
1540 1124 1747 1165 ceterum?

85 1195 209 1234 PHIL.
259 1195 390 1234 Salvos
420 1194 491 1234 sis:
524 1195 627 1245 quod
659 1194 856 1234 credidisti
886 1194 1019 1233 reddo.
1081 1195 1184 1235 PER.
1235 1194 1347 1233 Haud
1378 1206 1520 1233 accuso
1552 1193 1678 1232 fidem.

87 1305 223 1340 uidisse
254 1305 356 1349 prius
470 1314 527 1338 me
550 1303 594 1347 P,
626 1315 720 1339 corr.
745 1304 1023 1339 Lindemannus.
1068 1304 1233 1349 fortasse
1261 1308 1333 1340 tres
1357 1303 1556 1340 choriambi
1579 1314 1658 1339 cum
1684 1304 1747 1339 tri-

79 1361 199 1407 podia
223 1361 425 1407 dactylica,
457 1361 509 1405 cf.
537 1360 615 1396 Cas.
643 1361 716 1395 633
831 1363 895 1395 538
927 1361 965 1395 in
989 1363 1020 1396 A
1045 1361 1180 1406 leqz'tur
1204 1382 1244 1386 —
1270 1364 1402 1406 u[ea]st
1431 1363 1562 1405 qu[am]
1594 1360 1749 1405 animust}

85 1420 186 1462 retur
208 1421 322 1462 meus
415 1419 509 1452 east:
542 1419 598 1452 est
621 1417 657 1451 P
747 1419 811 1452 539
835 1418 994 1463 spatium
1018 1422 1101 1452 ante
1124 1417 1307 1452 Antidhac
1331 1418 1395 1458 (sic
1419 1417 1468 1457 B)
1492 1427 1642 1453 vacuum
1666 1417 1749 1452 reli-

88 1475 167 1520 quit
191 1474 246 1516 P;
276 1475 313 1509 in
338 1474 369 1509 A
402 1474 534 1519 leqicur
558 1473 620 1517 [di]
646 1474 691 1517 bo
716 1479 750 1509 et
773 1474 811 1508 in
835 1473 952 1508 medio
974 1474 1057 1518 sere
1080 1484 1184 1509 versu
1208 1473 1292 1518 hun,
1317 1473 1464 1508 ultimus
1487 1483 1611 1509 versus
1634 1474 1671 1507 in
1695 1483 1750 1518 sq.

86 1531 216 1567 tineam
241 1531 451 1566 excucurrit
475 1534 514 1564 at
538 1530 631 1571 viel.;
664 1530 764 1575 qaod
786 1528 957 1575 supplent
980 1531 1077 1566 hunc
1100 1541 1147 1565 an
1170 1540 1264 1573 non,
1295 1532 1392 1565 hunc
1417 1541 1481 1573 ego
1506 1539 1674 1574 umquam
1698 1528 1754 1564 vei

87 1587 266 1623 hominem
290 1597 363 1621 non
387 1586 477 1621 satis
501 1586 659 1621 ostendit
683 1587 803 1632 primo
835 1589 982 1631 aspectu
1014 1590 1227 1621 commotam
1366 1588 1559 1620 540—546
1584 1585 1676 1632 disp.
1702 1584 1752 1620 P:

89 1643 196 1678 Certo
221 1662 262 1666 m
288 1642 356 1687 Ep.
379 1643 385 1686 Ι
405 1642 668 1688 Pauperculam
693 1662 734 1668 —
759 1642 828 1687 Ep.
851 1643 856 1687 Ι
877 1642 1018 1677 Primus
1049 1663 1091 1667 -
1123 1642 1235 1678 filiam
1262 1645 1266 1684 ῐ
1294 1643 1408 1686 Quam
1437 1663 1479 1666 —
1506 1641 1718 1686 congredior
1746 1643 1750 1686 1

88 1700 127 1736 Si
153 1720 191 1724 -
219 1698 309 1734 dant
329 1702 333 1740 Ι
355 1699 481 1743 Longa
504 1719 547 1725 —
571 1699 690 1734 animo
720 1702 724 1741 1
754 1699 859 1734 Hanc
882 1719 924 1723 —
949 1709 1046 1734 nunc
1070 1702 1125 1735 est
1240 1702 1304 1734 540
1337 1700 1374 1734 in
1398 1700 1430 1734 A
1455 1698 1569 1734 tribas
1590 1698 1750 1733 versibus

91 1756 255 1792 brevibus
270 1756 428 1802 scriptus
441 1756 560 1802 faisse
576 1756 727 1799 videtur,
752 1766 906 1801 qaorum
923 1756 1102 1791 secundus
1117 1757 1250 1802 incepit
1267 1768 1290 1791 a
1307 1759 1452 1801 qu[am],
1478 1757 1604 1791 tertius
1622 1767 1643 1790 a
1660 1766 1751 1799 pau-

88 1813 302 1858 per[cul]am
392 1814 551 1859 spatium
572 1817 659 1859 post
682 1815 762 1848 east
783 1812 947 1848 relictum
971 1817 1025 1848 est
1048 1813 1085 1847 in
1109 1811 1152 1847 P.
1177 1816 1328 1847 metram
1357 1823 1444 1848 sane
1474 1802 1672 1851 incertams
1690 1812 1756 1846 sed

89 1869 252 1904 ultimum
285 1869 392 1904 colon
421 1879 494 1904 non
518 1872 641 1915 potest
670 1879 743 1904 non
771 1869 920 1904 dimeter
944 1870 1201 1915 anapaesticus
1224 1879 1301 1904 esse
1417 1872 1476 1904 541
1506 1871 1542 1903 in
1567 1869 1616 1903 A:
1646 1868 1754 1913 plane

89 1926 220 1973 bicario
245 1927 301 1971 ehi
317 1946 363 1952 —
379 1928 414 1959 et
429 1935 482 1970 sq.
507 1935 611 1960 versa
630 1951 638 1959 .
659 1952 666 1959 .
687 1952 694 1959 .
714 1951 722 1959 .
748 1925 822 1970 imi]
847 1925 886 1959 in
910 1937 938 1961 e.
965 1936 996 1971 q.
1015 1936 1043 1959 s.
1137 1925 1258 1960 hicine
1282 1926 1332 1970 cf.
1359 1925 1407 1960 M.
1435 1925 1591 1960 PVarren
1615 1915 1751 1971 ephem.

84 1984 215 2030 philol.
234 1982 387 2019 Americ.
405 1983 444 2024 2,
464 1982 513 2015 58
603 1981 739 2026 primus
757 1981 809 2016 P:
824 1982 953 2025 virgini
970 1981 1107 2026 primus
1123 1983 1155 2016 A
1162 1996 1173 2021 ,·
1192 1982 1270 2027 leye
1286 1982 1416 2027 primu'
1507 1981 1694 2027 pe[rp]ulit
1710 1981 1753 2022 A,

91 2041 144 2085 ef.
164 2039 261 2075 Trin.
281 2040 360 2074 308
453 2040 517 2072 542
543 2048 647 2082 quam
672 2038 769 2074 domi
787 2049 883 2073 nunc
899 2038 1017 2073 habeo
1036 2049 1102 2073 om.
1122 2040 1152 2073 A
1170 2042 1209 2073 ut
1224 2038 1292 2073 vid.
1387 2041 1451 2073 543
1477 2028 1563 2083 quid
1579 2028 1610 2073 s'i
1626 2037 1752 2073 adeam

90 2096 296 2143 Philippae‚
321 2095 419 2130 haud
443 2114 486 2120 —
510 2097 589 2130 east
605 2094 806 2141 Periphani
832 2095 957 2130 tribuit
973 2094 1007 2128 P
1029 2098 1126 2136 (ante
1149 2095 1299 2130 hauscio
1322 2105 1519 2140 personam
1543 2094 1681 2129 indicat
1698 2095 1755 2138 A),

91 2164 185 2188 corr.
213 2151 384 2187 Goetzius
498 2151 642 2186 Nonius
666 2152 739 2186 473
764 2151 975 2197 congredias
1006 2151 1059 2186 Pl.
1090 2151 1129 2185 in
1154 2151 1217 2185 E.:
1248 2151 1334 2196 quid
1366 2151 1398 2186 si
1427 2151 1554 2186 adeam
1578 2153 1642 2186 aut
1665 2151 1755 2186 sicia

92 2219 140 2244 an
165 2208 376 2253 congredias
401 2208 433 2242 si
455 2208 525 2243 hoc
550 2211 605 2243 est
719 2208 817 2243 haud
842 2207 877 2242 P
989 2208 1045 2242 sin
1074 2207 1105 2242 is
1138 2209 1193 2242 est
1225 2206 1286 2242 EI
1312 2212 1348 2242 et
1378 2212 1417 2241 ut
1447 2207 1516 2242 vid.
1541 2209 1591 2248 A,
1620 2207 1676 2242 sin
1700 2209 1756 2242 est

91 2266 123 2300 is
149 2265 196 2309 B,
221 2275 315 2300 corr.
344 2265 544 2311 Geppertus
636 2268 702 2299 544
718 2275 772 2310 sq.
799 2265 891 2310 disp.
910 2264 960 2298 A:
985 2264 1079 2299 sicut
1102 2275 1216 2309 usque
1239 2263 1288 2299 act
1314 2264 1497 2310 [animum
1519 2264 1524 2307 Ι
1545 2263 1622 2299 sein
1646 2275 1681 2298 u.
1707 2262 1757 2298 acl

92 2324 193 2364 astu3
221 2320 265 2355 cle
280 2319 358 2355 Pv.
376 2332 405 2355 s.
478 2323 545 2355 544
570 2320 682 2363 dubia
698 2321 810 2363 damt]
836 2331 909 2355 non
926 2325 1098 2365 sequente
1119 2330 1217 2367 pers,
1242 2321 1363 2366 spatio
1380 2321 1422 2362 Α,
1448 2320 1593 2355 dubiam
1617 2320 1706 2356 dant
1722 2318 1755 2364 I,

92 2379 137 2413 de
160 2377 224 2412 ubi
247 2377 385 2413 audant
408 2376 456 2421 B,
483 2377 528 2411 de
551 2377 727 2412 ibandant
752 2375 786 2410 E
791 2389 800 2420 ς
831 2376 978 2411 dubiam
1001 2377 1033 2411 si
1056 2387 1177 2411 veram
1201 2377 1250 2412 sit
1272 2382 1494 2423 anapaestos
1517 2376 1668 2417 indicet,
1690 2375 1756 2411 sed

91 2443 157 2468 nec
180 2433 250 2469 hoc
272 2444 337 2468 nec
361 2433 473 2468 dubia
488 2437 588 2469 caret
603 2433 846 2479 clifficaltate;
869 2434 920 2478 cf.
937 2433 1133 2479 Lanqenus
1147 2433 1259 2479 symb.
1276 2434 1361 2474 214,
1387 2432 1589 2479 Seyffertas
1605 2432 1641 2466 in
1659 2432 1757 2466 Bur-

93 2491 189 2525 siani
204 2501 288 2525 ann.
305 2490 364 2532 47,
385 2490 435 2524 92
451 2489 559 2531 adn.,·
582 2490 741 2526 indicavi
754 2495 910 2536 systema
933 2489 1153 2525 trochaicum
1246 2493 1310 2525 545
1335 2490 1468 2533 lon(ga)
1492 2494 1526 2524 et
1549 2489 1755 2531 (i)uc(ertat)

95 2552 130 2582 et
153 2546 353 2591 (animum,
380 2546 508 2581 deinde
532 2546 610 2582 sein
633 2549 711 2582 cast
734 2558 762 2582 e.
789 2558 823 2592 q.
849 2556 876 2580 S.
901 2547 933 2581 A
1047 2546 1154 2591 longa
1178 2545 1254 2581 dies
1278 2557 1396 2581 meum
1418 2546 1574 2581 incertat
1598 2545 1755 2580 animum

93 2603 179 2638 item
204 2603 347 2638 Nonius
369 2603 443 2638 123
555 2603 693 2646 incerte
725 2604 775 2638 A:
800 2604 939 2638 incerto
963 2602 999 2637 P
1112 2604 1258 2638 autumo
1293 2602 1537 2637 Camerarius:
1568 2601 1686 2636 animo
1710 2600 1756 2643 P,

96 2658 232 2702 au[di]o
250 2661 281 2694 A
391 2661 457 2694 546
481 2664 545 2694 aut
569 2658 731 2694 trochaei
753 2669 846 2705 quos
870 2659 1027 2694 indicavi
1051 2663 1114 2694 aut
1138 2659 1331 2705 anapaesti
1354 2659 1465 2694 tales:
1488 2659 1582 2692 hanc
1607 2658 1756 2702 congre-

98 2715 178 2750 diar
202 2717 295 2751 astu.
319 2715 504 2751 muliebris
528 2714 735 2751 adhibenda
758 2715 846 2751 mihi
876 2716 1013 2751 malitia
1036 2726 1132 2751 nunc
1163 2718 1235 2759 est,
1266 2726 1382 2761 neque
1412 2719 1554 2750 constat
1581 2713 1625 2749 de
1642 2725 1756 2760 prae-

98 2770 314 2813 cedentibus,
339 2783 417 2808 cum
441 2774 589 2808 autumo
614 2773 787 2807 incertum
811 2773 880 2812 sit,·
905 2783 935 2808 v.
961 2772 1010 2807 ad
1035 2773 1106 2806 544
1221 2774 1284 2806 547
1311 2771 1399 2806 PER.
1425 2782 1493 2806 om.
1519 2770 1555 2806 B
1669 2769 1751 2805 PE:

99 2829 222 2864 Smmx
245 2828 281 2864 B
374 2830 438 2862 548
462 2827 532 2872 sies
555 2831 587 2864 A
681 2830 744 2863 549
769 2828 875 2863 PER:
901 2832 994 2874 spat.
1020 2839 1088 2863 om.
1113 2831 1144 2864 A
1235 2829 1325 2864 haut
1349 2830 1379 2863 A
