1998 3179
57 95 72 122 1
92 95 120 127 2.
132 95 149 123 6
158 110 176 114 -
183 95 218 122 30
771 91 1011 127 CVRCVLIO
1639 89 1662 127 3
1670 91 1690 126 1
1697 90 1720 127 3

61 211 104 248 tu
136 207 230 247 mihi
259 209 390 255 stacta,
420 213 463 246 tu
495 210 733 253 cinnamum,
763 209 806 246 tu
837 218 937 254 rosa,

176 277 219 313 tu
249 275 452 313 crocinum
483 280 521 313 et
552 274 651 313 casia
682 286 734 320 es,
849 280 892 313 tu
922 273 1099 320 telinum,

65 354 154 381 nam
186 341 252 380 ubi
283 344 326 381 tu
355 340 566 393 profusu’s‚
596 340 650 380 ibi
681 351 754 391 ego
785 352 847 379 me
961 340 1147 392 pervelim
1176 339 1381 391 sepultam.

117 407 183 448 sed
215 419 333 458 quom
363 408 489 447 adhuc
519 411 615 447 naso
645 408 740 446 odos
771 407 997 446 ebsecutust
1027 419 1128 454 meo,
1735 411 1790 443 105

120 475 165 513 da
194 475 361 514 vicissim
394 487 479 514 meo
511 475 659 526 gutturi
689 474 885 526 gaudium.

120 541 175 581 nil
205 553 276 593 ago
308 548 456 581 tecum:
488 541 555 581 ubi
585 548 645 581 est
673 539 811 593 ipsus?
842 541 969 592 ipsum
1000 546 1139 591 expeto

119 617 293 660 tangere,
325 609 528 660 invergere
558 609 597 647 in
628 621 691 647 me
722 608 894 658 liquores
923 613 1024 655 tuos,

120 677 218 721 sine,
249 676 410 716 ductim.
469 676 534 715 sed
565 674 638 714 hac
667 675 773 720 abiit,
805 675 876 713 hac
907 686 1130 725 persequar.

64 744 232 783 PHAED.
282 743 371 782 Sitit
390 743 486 781 haec
507 755 616 782 anus.
676 743 775 782 PAL.
826 741 1068 788 Quantillum
1098 739 1206 780 sitit?
1264 741 1433 782 PHAED.
1482 742 1631 781 Modica
1653 745 1722 789 est,

1079 808 1181 860 capit
1211 808 1453 860 quadrantal.
1738 813 1791 845 110

62 878 163 918 PAL.
213 877 284 916 Pol
313 883 356 916 ut
386 877 599 928 praedicas,
629 876 820 915 vindemia
852 875 976 928 [haec]
1006 876 1098 915 huic
1129 876 1221 915 anui
1252 889 1331 915 non
1363 883 1420 915 sat
1450 882 1507 914 est
1537 876 1620 915 soli.

64 957 199 985 canem
210 957 294 985 esse
304 944 406 984 hanc
422 944 578 996 quidem
592 944 714 995 magis
730 947 800 995 par
811 944 897 982 fuit:
915 955 1031 995 sagax
1048 946 1185 982 nasum
1203 943 1332 984 habet.
1353 944 1540 983 LEAENA
1561 943 1724 990 Amabo,

267 1012 353 1051 cuia
383 1024 457 1050 vox
486 1014 600 1051 sonat
630 1010 797 1063 procul?

176 1080 344 1120 PHAED.
395 1079 544 1119 Censeo
575 1080 677 1118 hanc
791 1078 1061 1131 appellandam
1093 1091 1224 1118 anum.

180 1146 307 1185 adibo.
367 1147 450 1186 redi
481 1150 520 1186 et
550 1147 702 1198 respice
733 1146 779 1185 ad
809 1158 882 1192 me,
913 1146 1078 1185 Leaena.

265 1215 451 1253 LEM-:NA
501 1214 717 1266 Imperator
747 1214 833 1264 quis
864 1212 950 1252 est?
1738 1219 1793 1251 115

175 1282 344 1322 PHAED.
395 1282 638 1333 Vinipollens
668 1281 820 1332 lepidus
851 1280 980 1327 Liber,

178 1349 246 1387 tibi
278 1349 344 1400 qui
375 1350 555 1395 screantL
586 1349 723 1395 siccae,
755 1349 1011 1387 semisomnae

182 1416 308 1455 adfert
337 1416 536 1467 potionem
569 1423 607 1454 et
637 1416 738 1455 sitim
768 1413 892 1469 (iam)
921 1415 1096 1454 sedatum
1127 1415 1168 1453 it.

122 1483 307 1522 LEAENA
358 1482 481 1529 Quam
512 1484 628 1533 longe
658 1495 678 1521 a
711 1495 772 1521 me
803 1481 939 1522 abest?
998 1483 1167 1522 PHAED.
1218 1481 1370 1520 Lumen
1404 1481 1477 1520 hoc
1509 1482 1603 1521 vide.

122 1551 307 1589 LEAENA
358 1550 612 1589 Grandiorem
643 1550 806 1600 gradum
838 1554 930 1600 ergo
962 1550 1021 1588 fac
1053 1549 1099 1588 ad
1132 1562 1206 1596 me,
1239 1549 1415 1588 obsecro.
1739 1555 1795 1588 120

62 1618 139 1659 ΡΗ.
192 1618 313 1658 Salve.
371 1617 448 1658 LE.
500 1617 610 1667 Egon
640 1618 741 1657 salva
772 1618 856 1663 sim,
889 1621 987 1668 quae
1017 1617 1079 1656 siti
1110 1620 1211 1656 sicca
1242 1614 1358 1656 sum?
1416 1617 1494 1656 ΡΗ.
1545 1619 1593 1656 At
1651 1617 1726 1658 iam

882 1684 1002 1724 bibes.
1062 1685 1249 1724 LEAENA
1297 1685 1369 1724 Diu
1401 1687 1455 1723 fit.

64 1754 232 1793 PHAED.
281 1743 353 1791 Em
385 1752 455 1791 tibi
485 1765 582 1792 anus
613 1753 751 1803 lepida.
811 1752 996 1790 LEAEXA
1047 1752 1169 1799 Salve,
1202 1752 1423 1792 oculissime
1454 1752 1585 1791 homo.

266 1821 369 1860 PAL.
420 1822 511 1870 Age,
544 1820 702 1858 effunde
732 1820 805 1858 hoc
838 1820 913 1858 cito
945 1820 985 1858 in
1017 1819 1256 1865 barathrum,
1290 1832 1459 1871 propere

66 1887 203 1940 prolue
225 1888 408 1927 cloacam.
459 1888 628 1926 PHAED.
664 1886 778 1926 Tace.
815 1887 912 1925 Nolo
935 1887 1025 1927 huic
1047 1888 1145 1926 male
1167 1888 1254 1926 dici.
1295 1888 1398 1927 PAL.
1433 1887 1587 1926 Faciam
1609 1886 1728 1937 igitur

1188 1955 1285 1993 maile
1316 1955 1458 2006 potius.

178 2067 241 2100 102
273 2067 407 2106 stacte,
443 2064 495 2109 cf.
531 2064 640 2100 Most.
672 2066 750 2099 309
880 2067 941 2100 103
973 2065 1124 2100 telinum
1160 2063 1406 2100 Bueclzelerus
1441 2065 1477 2099 in
1523 2063 1730 2108 PVoelfslini

64 2121 163 2156 (ιι-011.
186 2122 219 2163 1,
236 2122 322 2156 113.·
345 2121 470 2156 telium
495 2124 529 2155 et
550 2121 588 2155 in
613 2132 729 2167 marq.
755 2123 768 2158 1
798 2121 969 2165 pdellium
1000 2120 1076 2161 (sed
1105 2121 1150 2155 de
1175 2121 1228 2155 B²
1252 2132 1301 2156 em
1326 2126 1433 2162 corr.)
1459 2121 1511 2163 B,
1540 2119 1601 2165 alp
1626 2120 1727 2156 telliu

63 2177 176 2212 telina
208 2176 250 2218 V,
283 2177 342 2221 alp
371 2177 474 2212 telliu
503 2178 617 2213 telinu
642 2178 678 2213 E
684 2191 698 2220 ;
729 2182 885 2225 apparet
908 2177 945 2211 in
978 2176 1177 2223 archetypo
1206 2177 1325 2221 fuisse
1354 2177 1522 2221 telinum,
1554 2190 1633 2225 sup.
1658 2189 1725 2213 scr.

64 2232 227 2278 ptellium
251 2233 287 2275 (i.
304 2244 334 2267 e.
361 2233 543 2276 bdellium)
635 2235 731 2270 Plin.
756 2234 802 2270 N.
831 2234 876 2269 H.
902 2235 958 2273 13,
984 2234 1030 2267 13
1052 2233 1201 2268 telinum
1225 2233 1337 2268 multo
1363 2238 1441 2269 erat
1459 2234 1728 2270 celeberrimum

65 2289 256 2325 Menandri
279 2291 410 2334 poetae
435 2290 562 2325 comici
583 2294 704 2327 aetate
799 2293 861 2326 105
889 2291 1082 2325 obsecutus
1107 2292 1163 2324 est
1257 2292 1320 2325 106
1333 2300 1386 2336 sq.
1413 2289 1505 2336 disp.
1528 2291 1581 2326 B:
1604 2291 1661 2326 Da
1685 2312 1728 2316 —

64 2347 182 2380 tecum
202 2345 208 2390 Ι
230 2344 299 2380 Vbi
316 2365 357 2370 —-
375 2338 458 2382 tuos
554 2350 616 2382 106
641 2348 688 2384 da
704 2348 782 2383 scil.
807 2348 938 2388 vinum,
964 2349 1082 2381 tecum
1105 2345 1180 2380 scil.
1200 2356 1279 2380 cum
1302 2346 1423 2387 odore,
1449 2346 1577 2381 deinde
1601 2348 1729 2382 iterum

66 2402 228 2436 variante
250 2412 409 2449 persona
505 2406 565 2438 107
593 2404 668 2439 uibi
688 2404 722 2438 B
817 2407 879 2440 109
905 2404 982 2439 sine
1006 2402 1189 2437 Prisciani
1213 2404 1250 2442 2,
1280 2404 1323 2436 75
1346 2401 1464 2437 Paris.
1490 2403 1570 2448 (R).-
1597 2403 1675 2438 sino

66 2458 197 2494 ductim
231 2457 301 2493 VE
396 2459 459 2494 sed
482 2461 573 2495 haec
597 2459 823 2503 Priscianus,
848 2460 899 2495 B¹
997 2462 1080 2493 -110
1106 2469 1197 2493 anus
1222 2459 1312 2492 haec
1337 2458 1413 2493 sitit
1437 2459 1563 2494 Festus
1586 2461 1665 2494 258

68 2516 127 2549 111
157 2514 270 2560 [haec]
288 2514 329 2549 L.
421 2516 509 2550 satis
534 2519 589 2551 est
683 2520 758 2552 110.
787 2520 846 2551 111
873 2520 956 2562 post
981 2527 1010 2551 v.
1028 2516 1105 2550 100
1121 2516 1249 2560 posuit
1270 2514 1510 2549 Buechelerus
1533 2517 1633 2561 (post
1656 2516 1729 2550 104

66 2569 330 2613 fleckeisenus)
446 2573 510 2606 112
522 2583 577 2617 sq.
602 2572 695 2619 disp.
722 2572 779 2607 B:
806 2573 938 2608 Canem
957 2593 997 2596 —
1023 2572 1134 2607 habet
1153 2572 1159 2616 1
1179 2571 1317 2606 Amabo
1338 2591 1376 2595 —-
1396 2582 1504 2605 anum
1525 2574 1529 2614 l
1550 2572 1670 2607 Adibo
1687 2593 1730 2598 —

67 2629 121 2661 esi:
140 2626 147 2671 Ι
166 2627 288 2672 Vinip.
313 2646 358 2652 —
381 2627 472 2663 liber
566 2632 630 2664 114
653 2629 748 2673 lena,
772 2640 864 2664 corr.
893 2628 1148 2663 Fleckeisenus
1254 2630 1317 2662 118
1342 2628 1438 2662 sitim
1463 2628 1545 2662 add.
1573 2627 1634 2670 ΒΞ,
1658 2628 1729 2663 iam

67 2680 310 2717 Buce-helerus
401 2684 439 2718 id
465 2683 496 2718 V
498 2683 534 2718 E
624 2688 685 2720 121
700 2695 753 2730 sq.
779 2684 870 2730 disp.
890 2683 944 2718 B:
961 2684 1066 2719 Salve
1082 2703 1128 2709 -—
1143 2683 1244 2718 bibes
1266 2686 1270 2725 ἱ
1291 2684 1364 2718 Diu
1379 2703 1423 2708 —
1440 2685 1546 2719 homo
1568 2686 1571 2726 ξ
1593 2685 1669 2729 Age
1688 2705 1729 2709 —

67 2746 221 2783 propere
249 2740 253 2779 l
281 2739 413 2775 Prolue
437 2760 479 2764 —
505 2740 577 2775 dici
609 2742 613 2784 Ι
647 2741 796 2776 Faciam
818 2759 863 2765 —
887 2740 1009 2785 potius
1126 2742 1186 2774 121
1214 2739 1351 2774 claudit
1375 2739 1533 2786 ilhyplz„
1564 2740 1615 2785 cf.
1642 2752 1729 2775 mus.

66 2792 180 2829 chn.
206 2795 269 2836 40,
292 2796 364 2830 175
456 2798 518 2830 122
544 2797 625 2831 hem
649 2796 685 2831 B
777 2795 947 2841 dactylici
973 2795 1125 2829 trimelri
1217 2795 1420 2831 oculissime
1449 2795 1652 2831 adverbium
1679 2803 1731 2831 est

70 2847 230 2885 charisio
249 2851 324 2885 190
395 2854 458 2886 124
474 2863 527 2897 sq.
546 2852 638 2898 disp.
657 2852 712 2886 B:
735 2852 858 2887 Venus
877 2872 918 2877 —
936 2851 1102 2887 lubenter
1122 2852 1127 2896 Ι
1148 2851 1241 2886 Nam
1259 2872 1298 2876 —
1315 2862 1436 2887 omnes
1458 2854 1462 2897 Ι
1483 2853 1574 2888 Mihi
1591 2873 1636 2879 -
1652 2854 1728 2889 her.
