1998 3179
77 101 130 135 τις.
148 99 288 132 v-x11;
313 95 345 129 Α
368 99 419 127 fol.
433 98 484 126 244
744 88 1067 126 OISTELLARIA
1655 85 1734 122 289

346 208 483 247 LENA.
533 205 593 245 Me
624 205 864 256 respondere
898 201 1099 256 postulas?
1129 201 1316 241 iniurium
1347 207 1416 240 est.

348 272 525 325 stipulari
555 284 709 324 semper
739 284 801 310 me
832 271 936 310 ultro
967 276 1124 322 oportet
1153 281 1173 308 a
1203 269 1306 315 viris,
1745 272 1801 303 375

350 353 440 380 eum
470 346 674 391 quaestum
704 339 814 386 facio,
848 339 901 378 nil
932 338 1024 377 viris
1053 336 1294 388 promittere.

348 497 540 548 siquidem
568 499 739 548 imperes
768 507 840 547 pro
872 494 994 546 copia,
1025 505 1097 544 pro
1127 492 1258 532 recula

748 589 770 612 2¹<
1045 587 1066 609 ,ιε

336 646 487 694 LEM.
539 653 642 699 Quin
674 652 718 700 is,
750 652 782 691 si
811 651 913 690 itura
944 648 1013 689 es?
1045 649 1209 689 nimium
1239 649 1271 688 is
1301 648 1485 699 vegrandi
1515 647 1650 699 gradu.

349 721 495 762 Gmm.
544 720 616 759 Pol
645 720 690 759 ad
721 719 952 766 cubituram,
983 723 1119 764 mater,
1150 716 1272 767 magis
1301 728 1386 755 sum
1417 715 1584 754 exercita

1819 211 1884 244 (trg.
1904 211 1945 243 V)

1821 501 1886 534 (firg.
1902 499 1956 532 VI)

1821 657 1886 690 (fig,
1900 655 1971 688 VII)

1817 725 1883 758 (trg.
1898 722 1983 755 VIH)

351 789 432 828 fere
463 800 579 840 quam
609 787 655 827 ad
686 798 901 827 cursuram.
961 797 1006 824 eo
1038 796 1125 824 sum
1154 783 1401 823 tardiuscula.
1751 786 1807 819 380

892 887 1108 926 meminere
1140 884 1312 924 officium
1342 895 1465 923 suom.

352 979 402 1018 ita
434 979 696 1019 mustulentus
725 984 864 1017 ventus
897 989 1009 1016 nares
1038 975 1176 1025 attigit.

355 1069 494 1121 capillo
525 1069 646 1108 scisso
677 1075 793 1120 atque
823 1066 1020 1107 excissatis
1050 1064 1210 1104 auribus

1824 893 1890 926 (fi-g.
1905 891 1960 921 Ix›

1826 979 1893 1012 (fig.
1906 977 1948 1008 X)

1831 1063 1897 1096 (frg.
1910 1061 1967 1093 XI)

360 1171 459 1210 quae
490 1160 599 1210 quasi
630 1158 824 1197 carnificis
854 1157 1059 1209 angiporta
1091 1156 1277 1207 purigans
1752 1158 1810 1191 384
1833 1157 1985 1192 (frg.X11)

754 1275 775 1297 ἲς

357 1352 437 1378 non
472 1339 579 1390 quasi
611 1351 719 1378 nunc
749 1339 845 1377 haec
875 1344 968 1377 sunt
996 1337 1073 1384 hic,
1105 1337 1275 1383 limaces,
1306 1334 1453 1380 lividae,

357 1406 626 1453 febriculosae‚
660 1407 821 1446 miserae
852 1405 1010 1452 amicae,
1043 1408 1189 1451 osseae,

199 1554 378 1587 374—376
402 1551 614 1587 Priscianus
636 1553 668 1593 1,
687 1553 766 1586 388
788 1551 977 1597 (stipulor).
1017 1549 1188 1597 stipulari
1210 1559 1329 1584 senem
1353 1547 1397 1582 de
1416 1546 1600 1593 Gymnasic'
1625 1555 1750 1580 amore

87 1607 355 1644 studemundus
371 1608 531 1654 putavit,
554 1607 598 1644 de
614 1609 691 1643 eius
707 1607 806 1642 abitu
823 1618 872 1642 ex
889 1606 1036 1642 aedibus
1052 1607 1097 1641 ab
1114 1603 1381 1641 Alcesimarcho
1403 1602 1588 1639 conductis
1606 1600 1749 1636 8011er-

89 1663 159 1700 lius
237 1664 335 1699 uires
420 1667 482 1698 377
502 1663 714 1699 Priscianus
729 1666 761 1706 1,
778 1665 855 1698 107
867 1663 1014 1705 (recula)
1107 1664 1172 1697 378
1191 1662 1320 1696 Festus
1337 1662 1411 1695 372
1428 1663 1468 1702 (s.
1486 1658 1683 1702 uegrande)

90 1721 150 1766 qui
161 1720 232 1756 nisi
243 1720 356 1755 itures
449 1722 526 1755 379.
541 1722 605 1755 380
625 1719 768 1755 Nonius
780 1721 865 1761 198,
877 1719 998 1765 priori
1012 1718 1185 1753 adiunxit
1199 1717 1365 1762 Scaliqer
1435 1714 1683 1751 accubituram

88 1777 247 1812 exercita
259 1776 335 1812 fere
351 1776 468 1822 Guelf.
480 1792 490 1811 .·
505 1777 703 1812 exercitare
723 1775 822 1810 Leid.
840 1775 972 1818 Ham,
992 1774 1192 1810 exercitata
1205 1773 1328 1808 Harl.¹
1398 1783 1421 1807 a
1440 1781 1593 1807 cursura
1611 1774 1750 1809 (accur-

90 1844 152 1868 sur
169 1833 298 1875 Leid.¹)
389 1834 452 1867 381
479 1832 622 1867 Nonius
639 1833 714 1866 499
732 1835 863 1871 (accus.
883 1842 949 1876 pro
966 1834 1095 1875 genet.)
1188 1828 1435 1875 Lampadioni
1456 1826 1627 1872 ascripsit
1644 1825 1752 1871 Seyf-

87 1889 208 1935 fertus
223 1890 261 1924 in
274 1887 511 1924 Studemundi
526 1888 618 1923 stud.
634 1890 671 1931 2,
680 1889 766 1928 433,
786 1888 850 1932 qui
858 1893 990 1934 postea
1007 1888 1168 1932 loquitur
1185 1886 1248 1931 (cf.
1267 1897 1295 1921 v.
1313 1886 1412 1926 424).
1453 1883 1497 1918 de
1509 1894 1540 1918 v.
1552 1882 1753 1916 382-384

90 1945 182 1980 nihil
202 1945 314 1980 statui
332 1948 453 1991 potest
545 1947 610 1979 382
637 1945 778 1979 Nonius
806 1945 853 1978 63
878 1946 916 1985 (s.
941 1944 1216 1986 mustulentum,
1244 1942 1505 1986 interpretatur
1529 1942 1570 1974 ut
1594 1939 1641 1974 sit
1665 1938 1754 1974 odor

90 2001 197 2037 musti
229 2003 294 2036 aut
324 2004 441 2037 musto
472 2001 605 2037 oblitus
635 2011 678 2035 ac
701 2000 862 2042 madens)
891 2005 926 2035 et
950 2001 1021 2034 415
1048 2002 1188 2040 (ventus
1219 1996 1399 2042 significat
1430 1996 1587 2037 odorem)
1701 1993 1755 2028 ita

87 2069 126 2105 p.
144 2059 230 2093 415:
255 2068 340 2093 nam
362 2057 416 2092 ita
433 2068 474 2103 p.
495 2058 554 2097 63,
579 2057 630 2101 cf.
646 2056 841 2101 Lanqenus
864 2056 972 2102 symb.
999 2056 1078 2089 232
1168 2057 1299 2089 uentus
1322 2065 1357 2100 p.
1377 2053 1448 2088 415
1456 2067 1466 2085 .·
1491 2054 1613 2087 aestus
1632 2062 1673 2096 p.
1695 2051 1754 2090 63,

90 2125 162 2149 non
186 2113 312 2148 melius
425 2113 523 2148 naris
549 2112 677 2158 obtigit
698 2124 736 2158 p.
755 2113 826 2146 415
940 2115 1003 2147 383
1030 2111 1172 2146 Nonius
1195 2112 1272 2145 108
1296 2110 1542 2151 (excissatumz
1568 2108 1754 2149 laniatum,

91 2170 333 2213 vulneratum)
439 2169 609 2205 excisatis
637 2168 770 2210 Harl.²,
795 2169 878 2203 item
902 2169 939 2202 in
965 2168 1128 2204 lemmate
1151 2179 1168 2203 s
1285 2169 1351 2201 384
1375 2166 1518 2201 Nonius
1542 2166 1615 2199 190
1641 2164 1755 2208 (angi-

93 2229 217 2272 portus
233 2237 313 2272 qen.
332 2227 466 2267 neutri)
556 2226 755 2270 purgstans,
780 2235 875 2260 corr.
895 2223 1121 2266 Ritsclzelius,
1146 2223 1197 2268 cf.
1215 2223 1298 2258 Aul.
1319 2223 1387 2257 753
1481 2222 1567 2256 383.
1592 2222 1668 2255 384
1685 2232 1756 2256 non

90 2286 175 2328 post
197 2293 227 2317 v.
245 2283 324 2316 408
341 2283 377 2316 in
393 2282 424 2316 A
441 2282 513 2327 leqi
530 2282 667 2316 notavit
684 2280 952 2316 Stuclemundus
1044 2291 1136 2325 quae
1156 2280 1193 2314 in
1210 2281 1240 2314 A
1257 2284 1427 2314 secuntur
1449 2278 1545 2323 folia
1569 2278 1654 2311 244.
1681 2277 1759 2312 245

86 2339 312 2384 paucissima
331 2337 527 2385 praebent,
552 2349 583 2372 v.
609 2348 638 2371 s.
664 2337 713 2372 ad
736 2338 810 2372 372
817 2350 831 2378 ,·
860 2337 897 2370 in
919 2337 952 2382 f.
970 2337 1069 2371 244⁷*
1093 2340 1166 2372 ext.
1193 2338 1285 2379 (389)
1312 2356 1352 2360 —
1378 2335 1459 2380 rist,
1483 2335 1516 2380 f.
1533 2335 1625 2368 2441·
1651 2333 1758 2368 liaec:

95 2397 159 2430 390
177 2405 222 2439 cu
242 2415 282 2419 —
376 2397 438 2429 391
465 2394 554 2439 fuist
577 2394 646 2435 (vel
668 2393 739 2428 fuit
760 2393 774 2427 i
798 2394 854 2429 vel
877 2393 963 2435 furt)
988 2397 1022 2428 et
1045 2393 1082 2427 in
1097 2394 1172 2437 fine
1189 2413 1229 2416 —
1247 2393 1296 2427 llo
1317 2392 1420 2427 modo
1515 2393 1579 2426 392
1604 2390 1698 2434 uobo
1723 2396 1759 2425 et

94 2450 132 2485 in
151 2451 226 2496 fine
251 2461 289 2486 es
312 2449 383 2492 (vel
403 2450 447 2492 is)
471 2453 602 2495 negent
695 2452 759 2484 393
784 2450 821 2484 in
842 2450 917 2494 fine
941 2460 964 2493 ρ,
982 2477 989 2484 .
1009 2475 1016 2484 .
1036 2449 1060 2491 (,1
1080 2476 1087 2483 .
1107 2475 1114 2483 .
1209 2451 1275 2483 394
1294 2469 1334 2474 -
1351 2448 1482 2493 guela.
1503 2448 1562 2492 qui
1587 2447 1674 2482 teris
1698 2445 1761 2481 ubi

95 2505 234 2552 aliquid
250 2507 416 2542 inusitati
428 2506 515 2551 fuit.
533 2506 589 2541 vir
605 2505 819 2552 compellari
842 2506 982 2541 videtur
1074 2507 1139 2540 395
1158 2526 1200 2530 —
1218 2516 1303 2549 uero
1323 2532 1330 2539 .
1351 2532 1358 2539 .
1378 2515 1394 2539 s
1413 2532 1421 2539 .
1442 2533 1448 2540 .
1469 2532 1477 2539 .
1571 2505 1637 2538 396
1656 2523 1691 2527 -
1713 2501 1758 2545 ti-

97 2562 198 2598 culus
215 2565 243 2604 (t
259 2563 508 2604 incertissima)
525 2561 588 2604 fui,
605 2563 658 2607 cf.
677 2562 878 2606 forticulus,
903 2562 1117 2597 tristiculus.
1157 2563 1213 2596 vir
1230 2562 1391 2607 loquitur
1483 2563 1547 2596 397
1569 2580 1605 2585 -
1626 2569 1668 2594 us

97 2620 162 2653 398
185 2618 279 2653 nillil
369 2621 433 2654 399
458 2629 482 2653 u
507 2623 543 2654 et
565 2619 602 2653 in
629 2619 703 2663 fine
731 2629 812 2653 eras
905 2622 971 2653 400
1001 2617 1095 2653 nihil
1183 2621 1245 2652 401
1281 2628 1354 2662 qu.
1376 2645 1383 2652 .
1403 2627 1443 2661 sq
1468 2637 1509 2641 —
1602 2618 1668 2650 402
1701 2615 1761 2657 uel

96 2673 172 2716 (uil)
197 2694 239 2699 —-
332 2677 397 2709 403
422 2685 445 2719 q
462 2701 470 2709 .
490 2701 498 2709 .
517 2701 525 2708 .
551 2686 574 2719 q
597 2679 632 2709 et
655 2675 692 2708 in
722 2675 796 2719 sine
819 2686 853 2709 m
877 2675 1006 2710 darent
1097 2677 1187 2709 404.
1206 2675 1219 2708 l
1239 2694 1278 2698 —
1371 2675 1549 2708 405-408
1572 2672 1663 2717 folii
1683 2672 1761 2706 244

98 2729 242 2765 ultimos
264 2730 416 2776 praebet
437 2730 486 2765 A:

955 2789 1039 2820 sunt
1062 2786 1221 2827 lima[ces
1246 2787 1321 2826 aut]
1344 2784 1481 2820 liuidae
1695 2789 1759 2820 405

411 2841 574 2897 fedripul
597 2843 666 2885 (vel
689 2842 854 2883 febricul)
860 2868 1032 2876 .......
1051 2852 1153 2885 serae
1177 2844 1339 2888 am[ie]ae
1364 2854 1490 2886 osseae

167 2913 291 2942 Plautus
309 2914 332 2942 Ι.
1448 2914 1487 2946 19

1757 1339 1812 1370 405
