2018 3183
200 89 284 127 474
941 86 1124 123 PLAVTI
1649 88 1679 115 V
1690 88 1718 122 2,
1731 89 1826 124 93-3,
1841 90 1857 118 1

198 204 303 244 ΕνΤ.
354 203 504 242 Stultus
533 215 594 249 es,
633 202 713 241 noli
745 202 844 242 istuc
888 214 1032 252 quaeso
1070 200 1213 240 dicere.
1272 200 1411 242 CHAR.
1461 200 1617 242 Certum
1651 203 1857 254 exsequist,

201 282 361 322 operam
392 276 435 309 ut
454 281 605 308 sumam
636 269 681 308 ad
705 269 1061 321 pervestigandum,
1091 268 1230 308 ubisit
1260 269 1383 308 illaec.
1431 269 1536 310 EVT.
1578 270 1682 316 Quin
1705 271 1858 311 domist.
1871 277 1929 310 935

200 338 337 377 CHAR.
389 337 484 375 Nam
515 336 578 376 hic
608 337 711 387 quod
744 337 850 383 dixit,
883 337 919 376 id
941 337 1159 376 mentitust.
1210 336 1315 376 Evm.
1356 336 1453 375 Vera
1476 337 1553 376 dixi
1575 338 1756 389 equidem
1777 337 1861 377 tibi.

200 405 336 445 CHAR.
369 404 446 443 Iam
466 404 637 456 Cyprum
653 405 754 444 veni.
786 405 890 445 Ev’r.
913 404 1017 450 Quin
1035 416 1212 455 sequere,
1229 410 1273 443 ut
1289 404 1394 444 illam
1410 404 1539 445 videas
1565 418 1681 457 quam
1699 405 1862 457 expetis.

200 472 337 512 CHAR.
388 472 646 512 Percontatus
677 485 758 512 non
791 473 933 512 inveni.
993 472 1099 512 Evcr.
1149 471 1283 512 Matris
1314 472 1389 511 iam
1419 472 1513 511 iram
1548 473 1727 525 neglego.

203 540 340 580 cm.
392 539 515 578 Porro
545 540 776 591 proficiscor
807 540 1039 592 quaesitum.
1100 551 1207 578 nunc
1238 540 1400 591 perveni
1431 540 1670 589 Chalcidem;

201 609 310 647 video
343 607 395 646 ibi
426 608 620 660 hospitem
652 608 862 661 Zacyntho,
894 608 980 648 dico
1013 608 1106 660 quid
1137 620 1182 647 eo
1213 608 1449 656 advenerim,
1875 612 1934 646 940

202 676 330 727 rogito
363 675 451 727 quis
482 687 567 714 eam
599 676 758 723 vexerit,
791 677 878 727 quis
908 676 1048 715 habeat
1079 676 1110 715 si
1141 675 1195 714 ibi
1227 676 1497 715 indaudiverit.

201 745 306 784 EVT.
356 742 457 789 Quin
490 749 532 782 tu
563 743 653 783 istas
685 744 830 783 omittis
864 756 985 796 nugas
1016 756 1060 783 ac
1091 756 1246 783 mecum
1277 744 1353 783 huc
1383 744 1486 783 intro
1519 741 1724 784 ambulas?

202 812 339 852 CHAR.
389 811 542 863 Hospes
572 812 789 863 respondit,
820 812 1003 864 Zacynthi
1035 812 1131 851 ficos
1161 812 1245 851 fieri
1278 825 1359 852 non
1392 812 1521 852 malas.

204 880 309 920 Ev'r.
359 879 421 918 Nil
453 880 670 919 mentitust.
731 880 867 920 CHAR.
920 880 994 919 Sed
1027 880 1074 919 de
1106 880 1229 918 amica
1260 892 1301 919 se
1333 880 1593 920 indaudivisse
1623 885 1809 928 autumat,

205 949 267 987 hic
299 947 461 987 Athenis
493 960 591 987 esse.
649 947 755 987 EVT.
807 947 966 987 Calchas
996 947 1069 987 iste
1101 947 1257 998 quidem
1289 947 1551 999 Zacynthiust.
1879 950 1936 983 945

203 1014 341 1055 CHAR.
390 1014 532 1054 Navem
564 1016 803 1063 conscendo,
835 1015 1068 1067 proficiscor
1096 1015 1201 1055 ilico.
1260 1015 1333 1054 iam
1365 1027 1452 1054 sum
1482 1015 1598 1063 domi,

204 1083 281 1122 iam
311 1082 409 1121 redii
440 1079 534 1136 (ex)
565 1083 692 1121 exilio.
753 1083 867 1131 salve,
900 1083 951 1122 mi
983 1082 1125 1122 sodalis
1158 1082 1354 1134 Eutyche:

204 1157 248 1190 ut
277 1148 458 1190 valuisti?
489 1149 582 1201 quid
615 1156 800 1202 parentes
831 1149 938 1190 mei?
968 1151 1100 1189 valent
1130 1156 1254 1189 mater
1285 1149 1425 1202 pater?

205 1219 308 1259 bene
340 1230 465 1266 vocas,
497 1217 669 1270 benigne
700 1218 815 1258 dicis:
850 1231 937 1258 cras
969 1219 1071 1270 apud
1103 1224 1154 1265 te,
1191 1231 1298 1258 nunc
1330 1218 1447 1258 domi.

206 1287 261 1326 sic
293 1287 416 1333 decet,
447 1286 502 1326 sic
532 1286 615 1325 fieri
648 1293 818 1338 oportet.
878 1287 983 1327 EVT.
1045 1286 1236 1338 ÷Eloque
1270 1287 1310 1326 ni
1342 1286 1526 1326 somnias.
1882 1288 1940 1321 950

204 1356 268 1394 hic
298 1356 416 1394 homo
450 1367 530 1393 non
563 1361 710 1394 sanust.
770 1354 907 1395 CHAR.
957 1354 1140 1394 Medicari
1171 1355 1318 1394 amicus
1350 1354 1445 1406 quin
1481 1366 1670 1412 properas
1699 1351 1871 1408 <mihi>?

204 1423 307 1464 EvT.
338 1423 512 1474 Sequere
527 1424 591 1463 sis.
638 1423 775 1463 CHAR.
808 1424 973 1475 Sequor.
1018 1424 1123 1464 EVT.
1155 1423 1378 1463 Clementer
1395 1435 1553 1475 quaeso,
1571 1423 1698 1463 calces
1715 1422 1871 1463 deteris.

206 1491 324 1530 audin
356 1489 426 1530 tu?
484 1491 621 1531 cm.
652 1491 731 1530 Iam
763 1491 909 1530 dudum
941 1491 1081 1530 audivi.
1141 1491 1246 1532 Ev'r.
1297 1491 1437 1530 Pacem
1468 1492 1656 1542 componi
1688 1491 1774 1531 volo

207 1571 294 1598 meo
325 1559 424 1611 patri
455 1572 544 1598 cum
576 1565 719 1598 matre:
755 1572 844 1598 nam
877 1572 983 1598 nunc
1015 1565 1074 1598 est
1103 1560 1198 1598 irata
1231 1583 1285 1588 —
1344 1559 1481 1600 CHAR.
1533 1558 1549 1597 I
1581 1559 1708 1598 modo.

204 1627 310 1667 Ev'r.
341 1627 508 1678 Propter
537 1627 674 1666 istanc.
719 1626 855 1667 CHAR.
896 1627 1063 1666 Imodo.
1108 1627 1213 1668 Evr.
1245 1627 1350 1677 Ergo
1373 1639 1479 1666 cura.
1532 1626 1669 1667 CHAR.
1701 1626 1804 1673 Quin
1830 1632 1872 1666 tu

1303 1707 1397 1746 ergo
1428 1695 1438 1733 i
1470 1694 1599 1734 modo.
1883 1695 1943 1729 955

207 1770 286 1803 tam
316 1762 527 1815 propitiam
559 1762 730 1811 reddam,
764 1774 879 1814 quam
911 1774 1030 1813 quom
1061 1762 1269 1813 propitiast
1299 1762 1398 1802 Iuno
1431 1762 1522 1802 Iovi.
1545 1785 1599 1790 —

903 1852 1176 1892 DEMIPHO
1786 1851 1829 1892 V
1850 1854 1874 1892 3

209 1921 327 1967 Quasi
357 1926 400 1960 tu
431 1933 646 1972 numquam
678 1920 887 1972 quicquam
921 1920 1093 1959 adsimile
1125 1920 1241 1960 huius
1272 1920 1363 1959 sacti
1394 1920 1546 1959 feceris.

321 2023 386 2055 935
412 2019 666 2063 uestigandum
691 2018 726 2053 B
841 2021 907 2054 936
932 2019 1008 2054 hic:
1034 2019 1073 2053 id
1100 2018 1160 2054 CD
1251 2018 1477 2054 mentitumst
1501 2018 1590 2054 ΒΒ2
1702 2020 1767 2053 938
1792 2028 1876 2063 per-

208 2079 400 2112 cunctatus
516 2077 581 2109 939
608 2074 782 2110 calcidem
808 2074 869 2110 CD
977 2077 1042 2110 940
1067 2078 1220 2121 zacynto
1329 2078 1390 2110 941
1420 2074 1549 2120 cogito,
1575 2085 1669 2110 corr.
1696 2074 1786 2110 Pius

208 2132 373 2169 auexerit
402 2130 627 2178 Seyffertus,
660 2130 725 2165 sed
757 2131 901 2177 quaerit
935 2132 1059 2177 ecquis
1093 2136 1275 2166 mercator
1308 2130 1535 2178 Zacynthum
1568 2131 1672 2177 forte
1707 2129 1877 2166 advectus

202 2189 365 2236 puellam
382 2198 503 2224 secum
520 2188 661 2224 vexerit
729 2187 781 2222 ibi
797 2187 873 2222 scil.
889 2186 1080 2233 Zacynthi,
1097 2187 1197 2233 quod
1213 2188 1356 2222 minime
1369 2188 1494 2222 inutile
1510 2191 1590 2223 erat
1602 2197 1787 2234 apponere

207 2246 291 2281 inde
315 2245 499 2281 audiuerit
591 2247 657 2279 942
683 2243 772 2279 Cum
788 2246 822 2279 B
909 2253 1048 2288 naugas
1075 2243 1104 2279 C
1205 2246 1270 2279 943
1295 2244 1463 2280 zacintho
1488 2246 1555 2286 (-to
1579 2242 1624 2287 D,
1647 2253 1809 2288 zazynno
1828 2241 1879 2288 C),

208 2313 302 2337 corr.
335 2301 526 2347 Vssz'nqius
640 2303 707 2336 944
730 2300 901 2335 mentitus
926 2303 982 2335 est
1095 2299 1357 2336 indaudiissem
1380 2299 1426 2341 D,
1450 2300 1686 2336 inaudiissem
1711 2299 1748 2342 C,
1771 2299 1876 2335 inau-

209 2359 306 2394 disse
327 2358 359 2393 B
451 2359 644 2393 autumant
735 2359 800 2390 945
826 2356 885 2390 hic
909 2356 1028 2390 iocum
1052 2355 1159 2392 habet
1252 2357 1372 2392 calcas
1390 2356 1471 2399 BD,
1497 2356 1610 2392 callas
1629 2355 1658 2392 C
1744 2365 1877 2401 zacyn-

207 2416 298 2451 tiust
313 2414 349 2459 C,
367 2416 559 2459 zacyntust
574 2413 618 2454 B,
636 2412 840 2448 zacinctust
853 2411 903 2446 D¹
996 2415 1062 2448 946
1078 2412 1150 2447 iam
1167 2424 1203 2449 3:
1222 2423 1266 2448 ea
1357 2415 1421 2448 947
1439 2413 1463 2447 i.
1481 2423 1510 2448 r.
1529 2423 1559 2448 e.
1578 2411 1739 2458 Eutychi
1751 2410 1786 2446 B

207 2472 286 2507 redi
378 2472 458 2516 <ex>
475 2469 754 2516 Kampmamms
845 2468 933 2503 mihi
1025 2469 1144 2503 eutice
1237 2471 1302 2503 948
1328 2469 1414 2514 quid
1430 2469 1591 2514 parentis
1608 2469 1746 2503 metuat
1761 2469 1878 2503 mater

209 2528 298 2571 dati,
312 2538 406 2562 corr.
422 2526 593 2572 Buyyins
605 2525 688 2567 (mei
701 2525 826 2560 ualent
840 2524 1009 2571 Pylades,
1029 2525 1270 2567 Camerarius)
1355 2528 1421 2560 949
1434 2524 1589 2570 benigna
1602 2524 1737 2560 aedicis
1751 2523 1787 2558 B

207 2594 305 2619 nunc
324 2584 435 2619 Pius:
451 2593 544 2627 non3
563 2582 672 2618 hodie
690 2580 906 2617 Ribbeckius
916 2593 952 2627 p.
967 2582 1014 2616 19
1107 2584 1172 2616 950
1190 2581 1220 2616 si
1237 2581 1352 2624 decet,
1370 2592 1465 2616 corr.
1480 2580 1570 2616 Pius
1638 2579 1735 2615 fierit
1753 2579 1787 2614 B

209 2641 267 2676 eia.
283 2651 374 2686 quae
391 2640 439 2675 mi
453 2639 610 2675 somnias
633 2638 825 2683 Vssinyz'us
917 2642 977 2674 951
995 2648 1069 2673 non
1083 2647 1193 2672 sanus
1208 2636 1279 2678 CD,
1293 2637 1443 2673 insanus
1458 2636 1504 2679 B,
1518 2647 1613 2672 corr.
1628 2636 1789 2682 Pylades

208 2698 329 2743 (mihi)
354 2696 572 2732 Ritscheh'us
665 2698 730 2731 952
756 2705 812 2730 ses
912 2697 979 2729 954
1003 2694 1072 2729 eist
1095 2693 1293 2729 Muellerus
1392 2696 1456 2729 955
1481 2693 1587 2729 modo
1613 2703 1697 2737 ergo
1723 2691 1880 2728 Bria-ius

210 2754 273 2800 (cf.
300 2753 349 2788 ad
372 2753 474 2789 Pers.
499 2754 592 2793 2103·
617 2751 812 2787 Nor-denus
840 2761 930 2786 mus.
960 2750 1072 2786 Rhen.
1100 2751 1161 2791 49,
1178 2751 1271 2792 206)
1363 2760 1489 2795 quom:
1516 2760 1597 2785 cum
1616 2748 1688 2794 CD,
1712 2759 1840 2784 erasae
1856 2749 1880 2784 4

209 2810 277 2845 litt.
306 2813 338 2847 B
426 2813 491 2845 957
516 2818 697 2844 Damno.
722 2818 954 2843 msmmnvs
981 2811 1197 2849 (usmacvs
1222 2809 1266 2849 Β)
1290 2817 1397 2842 sums
1427 2817 1479 2841 -Π-
1509 2806 1559 2848 (S.
1587 2816 1655 2842 om.
1674 2804 1745 2850 ΒΞ)
1770 2803 1881 2841 BCD²

209 2866 262 2911 cf.
288 2865 400 2901 Stich.
421 2867 492 2901 579
