1998 3179
62 98 107 126 1v
118 99 161 133 10,
181 96 282 127 27-51
754 84 1037 122 AVLVLARIA
1643 74 1722 112 1²23

62 212 167 252 LYc‚
215 207 328 248 Haud
357 213 394 247 te
424 205 544 245 invito
575 203 751 256 postulo;
782 201 849 241 sed
879 211 1004 239 meam
1036 210 1120 237 esse
1153 201 1334 248 oportere
1365 192 1547 231 arbitror.

65 279 159 330 quin
190 283 232 316 tu
264 277 339 315 iam
367 274 555 320 invenies,
586 273 759 322 inquam,
790 281 915 308 meam
944 267 1045 306 illam
1078 277 1162 304 esse
1193 268 1389 315 oportere,
1427 260 1575 299 Euclio.

63 346 194 387 EVCL.
241 343 319 383 lam
352 341 509 394 quidem
538 339 669 379 hercle
698 344 735 377 te
756 337 800 376 ad
832 341 1052 388 praetorem
1075 332 1222 384 rapiam
1244 337 1282 369 et
1305 328 1374 368 tibi
1396 326 1563 367 scribam
1585 326 1724 372 dicam,

65 413 139 453 nisi
160 413 294 452 refers.
351 409 456 450 LYc.
486 394 587 454 Quid
615 406 684 446 tibi
709 417 781 456 ego
802 400 996 442 referam?
1036 401 1167 442 Ech.
1199 397 1312 444 Quod
1334 394 1556 446 surripuisti
1578 405 1721 432 meum.
1736 398 1792 430 760

63 481 167 522 LYC.
198 478 379 530 Surripui
396 489 469 527 ego
485 472 624 514 tuom?
640 471 772 513 unde?
789 478 856 510 aut
873 470 965 521 quid
981 469 1019 508 id
1037 466 1122 507 est?
1166 467 1215 507 E.
1246 465 1302 504 Ita
1319 471 1357 503 te
1374 462 1517 502 amabit
1534 461 1723 513 Iuppiter.

66 555 107 587 ut
136 555 179 587 tu
210 546 350 586 nescis.
407 544 512 584 LYC.
560 542 640 581 Nisi
671 540 826 592 quidem
858 545 901 577 tu
933 537 1024 576 mihi
1056 534 1150 586 quid
1179 545 1343 584 quaeras
1374 530 1529 569 dixeris.

64 616 194 656 EVCL.
224 614 361 653 Aulam
391 611 487 658 auri,
518 610 692 660 inquam,
723 614 761 646 te
790 617 967 657 reposCO,
999 615 1117 654 quam
1146 609 1188 640 tu
1219 598 1435 639 confessu’s
1466 596 1559 635 mihi

63 690 103 722 te
123 681 340 722 abstulisse.
396 678 501 718 LYC.
549 676 684 726 Neque
706 673 845 725 edepol
875 685 946 723 ego
978 670 1056 709 dixi
1087 681 1215 720 neque
1245 667 1333 706 feci.
1391 665 1523 705 EVCL.
1570 658 1724 712 Negas?

65 751 168 791 LYc.
216 749 394 800 Pernego
415 746 548 785 immo.
599 755 689 782 nam
711 753 839 792 neque
861 751 933 790 ego
955 749 1094 777 aurum
1117 747 1244 786 neque
1274 735 1393 774 istaec
1415 732 1501 771 aula
1532 743 1631 782 quae
1652 730 1725 768 siet
1739 735 1794 767 765

66 818 146 858 scio
177 829 251 856 nec
281 815 384 855 novi.
441 814 572 854 EVCL.
622 810 742 856 Illam,
774 821 820 848 ex
851 807 996 847 Silvani
1026 805 1114 844 luco
1146 815 1262 855 quam
1292 800 1518 845 abstuleras,
1552 797 1660 837 cedo.

67 886 91 933 1,
122 886 238 925 refer.
269 883 468 922 dimidiam
496 887 627 920 tecum
656 879 787 931 potius
817 882 967 929 partem
997 873 1175 912 dividam.

66 959 144 992 tam
175 951 246 991 etsi
277 952 340 990 fur
369 949 464 989 mihi
495 960 547 995 es,
578 946 766 987 molestus
797 956 877 983 non
909 954 991 982 erc.
1040 941 1053 980 i
1083 951 1189 986 vero,
1220 938 1336 977 refer.

66 1020 171 1061 LYC.
220 1019 347 1058 Sanus
375 1024 419 1057 tu
450 1028 531 1056 non
563 1027 604 1054 es
633 1013 700 1065 qui
729 1014 857 1052 furem
887 1022 950 1050 me
979 1020 1106 1048 voces.
1157 1019 1228 1058 ego
1258 1011 1309 1053 te,
1340 1003 1490 1049 Euclio,

68 1088 114 1127 de
146 1087 218 1126 alia
246 1099 290 1125 re
319 1084 521 1125 rescivisse
552 1081 699 1128 censui,
732 1079 836 1131 quod
866 1078 914 1118 ad
943 1089 1006 1116 me
1037 1075 1194 1123 attinet;
1742 1074 1799 1105 770

69 1164 94 1196 ÷
127 1167 266 1206 magna
296 1159 356 1193 est
384 1165 448 1192 res
479 1163 595 1203 quam
625 1161 697 1200 ego
726 1154 858 1186 tecum
888 1146 1024 1191 otiose,
1055 1143 1087 1182 si
1118 1143 1239 1181 otium
1270 1146 1340 1185 est,
1371 1138 1487 1190 cupio
1518 1136 1638 1188 loqui.

68 1223 199 1263 EVCL.
248 1221 318 1261 Dic
347 1220 453 1260 bona
482 1220 577 1258 fide:
608 1224 650 1257 tu
681 1216 718 1256 id
749 1226 887 1254 aurum
918 1226 998 1252 non
1030 1206 1281 1262 surripuisti?
1339 1207 1443 1247 LYC.
1493 1205 1614 1244 Bona.

68 1289 117 1330 Ε.
133 1290 267 1339 Neque
277 1285 414 1343 (eum)
423 1288 498 1327 5015
514 1286 579 1338 qui
591 1281 820 1325 abstulerit?
840 1282 889 1322 L.
905 1281 1009 1320 Istuc
1022 1290 1179 1330 quoque
1189 1277 1305 1316 bona.
1326 1275 1374 1315 E.
1391 1274 1518 1324 Atque
1534 1272 1570 1311 id
1583 1272 1612 1311 si
1631 1270 1730 1310 scies

70 1357 137 1409 qui
158 1356 374 1403 abstulerit,
395 1355 490 1395 mihi
511 1350 728 1394 indicabis?
787 1350 892 1390 LYc.
935 1347 1101 1387 Faciam.
1150 1345 1282 1385 EVCL.
1331 1342 1467 1393 Neque
1488 1347 1638 1393 partem
1660 1337 1729 1377 tibi

69 1424 117 1463 ab
148 1437 194 1463 eo
226 1423 293 1475 qui
320 1423 440 1463 habet
468 1422 679 1473 indipisces
710 1431 839 1469 neque
870 1418 995 1456 furem
1027 1411 1226 1465 excipies?
1284 1412 1388 1451 LYc.
1439 1409 1507 1448 Ita.
1744 1411 1799 1443 775

69 1492 200 1533 EVCL.
240 1491 340 1537 Quid
362 1489 439 1545 <51>
459 1487 586 1529 fallis?
644 1488 748 1528 LYC.
788 1486 888 1524 Tum
908 1496 970 1523 me
992 1482 1108 1522 faciat
1129 1480 1235 1532 quod
1254 1480 1333 1518 volt
1353 1490 1519 1529 magnus
1540 1476 1730 1528 luppiter.

69 1560 199 1600 EVCL.
239 1560 305 1598 Sat
333 1556 471 1597 habeo.
511 1567 581 1605 age
602 1565 711 1593 nunc
730 1552 893 1602 loquere
915 1548 1008 1600 quid
1028 1548 1098 1586 vis.
1146 1545 1251 1585 Lm
1286 1544 1327 1582 Si
1348 1556 1409 1582 me
1429 1542 1566 1581 novisti
1588 1542 1730 1587 minus,

70 1630 216 1679 genere
247 1638 324 1677 quo
354 1625 427 1665 sim
457 1625 618 1675 gnatus:
651 1621 714 1661 hic
743 1618 837 1658 mihi
869 1620 926 1657 est
956 1616 1188 1666 Megadorus
1219 1612 1445 1657 avonculus,

71 1707 181 1734 meus
210 1700 321 1746 pater
349 1692 423 1733 fuit
452 1690 717 1735 Antimachus,
749 1699 820 1737 ego
852 1697 970 1724 vocor
1002 1682 1232 1735 Lyconides,

70 1769 194 1802 mater
223 1767 281 1801 est
310 1759 516 1799 Eunomia.
574 1759 705 1798 EVCL.
753 1754 850 1794 *Novi
881 1765 1018 1804 genus.
1070 1762 1179 1789 nunc
1210 1747 1302 1800 quid
1332 1745 1417 1787 ris?
1449 1745 1487 1785 id
1516 1745 1603 1784 volo
1745 1749 1801 1782 730

71 1841 248 1871 noscere.
305 1828 409 1868 Lm
459 1826 593 1866 Filiam
624 1837 669 1864 ex
699 1831 737 1863 te
767 1825 810 1861 111
841 1820 973 1860 habes.
1031 1819 1162 1859 Evcn.
1214 1817 1335 1855 Immo
1369 1814 1542 1854 eccillam
1573 1812 1689 1851 domi.

184 1953 247 1984 757
274 1953 358 1984 ante
373 1948 437 1983 sed
454 1957 557 1993 pers.
581 1950 674 1992 spat.
699 1945 737 1980 in
753 1943 799 1985 D,
823 1943 905 1978 item
922 1941 1037 1977 erasis
1068 1939 1211 1984 aliquot
1234 1936 1299 1972 litt.
1322 1935 1376 1971 ,Β1
1468 1937 1532 1969 758
1558 1935 1670 1970 Evcn.
1696 1935 1733 1969 in

70 2017 143 2041 νας.
162 2016 302 2052 praem.
326 2004 363 2040 B
455 2014 545 2047 eam,
569 2013 662 2038 corr.
690 2000 846 2036 Βνίεεῖιιε
937 1998 963 2032 11
987 1998 1022 2039 (ἰ.
1046 2007 1076 2031 e.
1101 1995 1205 2036 ch.)
1235 1998 1319 2028 ante
1342 1993 1488 2037 inquam
1505 1991 1541 2026 B
1564 2002 1593 2026 s.
1611 2002 1643 2026 v.

71 2065 215 2108 oportet
246 2060 316 2097 ΥΕ
415 2063 492 2095 759.
519 2062 582 2094 760
606 2059 747 2094 inverso
772 2055 910 2098 ordine,
941 2064 1038 2089 corr.
1062 2051 1251 2088 Acidale'us
1359 2051 1421 2083 761
1448 2048 1615 2093 surripio,
1641 2059 1733 2084 corr.

80 2119 127 2153 γ’
217 2118 330 2154 ambit
421 2119 486 2151 765
509 2126 593 2151 nam
615 2124 750 2159 neque:
774 2122 929 2157 namque
954 2108 1022 2145 VE
1111 2111 1177 2143 766
1202 2118 1247 2143 ex
1262 2106 1300 2141 in
1323 2116 1398 2140 ras.
1418 2105 1480 2145 B2,
1505 2107 1539 2140 et
1556 2103 1647 2140 DV¹

73 2176 175 2211 7681
204 2185 292 2210 uero
325 2174 396 2210 B2:
432 2173 534 2208 fuero
571 2170 678 2213 ΒΨ,
713 2170 795 2204 furo
841 2167 910 2203 VE
1044 2169 1108 2200 770
1144 2175 1201 2199 res
1238 2163 1382 2199 cuiusse
1428 2162 1489 2197 VE
1624 2161 1736 2207 quod:

73 2243 166 2278 quae
197 2245 238 2275 ς,-
271 2231 322 2276 cf.
358 2228 489 2276 Amph.
524 2229 618 2267 966,
656 2226 796 2262 Keilius
832 2235 956 2260 comm.
994 2223 1030 2258 in
1075 2221 1232 2256 Varron.
1269 2219 1314 2255 de
1348 2230 1377 2253 r.
1409 2229 1439 2253 r.
1470 2219 1503 2260 1,
1535 2219 1572 2260 1,
1605 2218 1646 2253 11

74 2293 136 2324 771
170 2299 230 2325 res
258 2290 314 2324 est
337 2300 372 2329 ς,
404 2298 476 2332 quo
507 2290 652 2332 recepto
684 2283 799 2319 otiose
835 2281 963 2317 delevit
995 2277 1183 2314 Bentleius
1335 2277 1398 2310 773
1431 2285 1547 2320 neque
1577 2274 1646 2309 scis
1677 2274 1739 2319 qui

74 2344 265 2381 abstulerit
301 2343 409 2380 verba
448 2341 569 2377 delata
608 2341 646 2374 in
680 2350 710 2374 v.
739 2339 809 2374 774
846 2338 940 2372 inter
975 2333 1166 2371 abstulerit
1201 2338 1235 2368 et
1268 2332 1375 2375 mihi,
1416 2331 1579 2366 correxit
1616 2329 1736 2365 Came-

73 2402 196 2436 rarius
307 2399 434 2446 (eum)
458 2398 654 2443 Lanqenus
776 2395 832 2430 id:
858 2397 900 2429 ut
923 2392 975 2428 B*
1098 2393 1163 2425 774
1188 2389 1272 2434 quia
1295 2393 1336 2424 ut
1358 2388 1429 2424 vicl.
1456 2387 1518 2428 13¹,
1543 2397 1649 2431 quam
1682 2385 1738 2427 W,

75 2457 170 2502 quod
195 2455 231 2491 E
238 2455 284 2492 V2
373 2466 441 2491 nec
465 2454 608 2490 Nonius
630 2453 716 2488 129.
735 2452 814 2487 293
918 2453 982 2484 775
1007 2448 1123 2483 habeo
1152 2446 1227 2487 ΓΕ,
1252 2446 1342 2480 adeo
1369 2443 1511 2479 Nonius
1535 2443 1738 2489 utrubique,

76 2514 126 2558 cf.
150 2513 346 2559 Lartqenus
367 2512 480 2558 symb.
505 2512 578 2547 143
714 2509 776 2554 qui
799 2508 909 2543 habet
932 2506 994 2541 L..·
1027 2505 1192 2549 cuiquam
1221 2506 1275 2537 est
1299 2501 1415 2541 codd„
1443 2501 1500 2535 0111
1525 2500 1572 2535 sit
1595 2498 1739 2534 Nonius

76 2571 162 2610 129,
185 2570 301 2604 cuiuis
325 2570 456 2610 (cuius)
480 2567 621 2603 Nonius
643 2566 722 2601 293
812 2563 1009 2609 indipisces
1034 2561 1176 2596 Nonius
1191 2560 1265 2594 129
1282 2558 1425 2593 verbum
1451 2561 1615 2598 testatus,
1646 2555 1738 2590 indi-

77 2626 188 2671 piscis
210 2626 305 2661 293:
326 2625 412 2661 inde
433 2635 580 2670 posces3
605 2624 654 2668 cf.
682 2622 816 2658 Caesar
839 2621 924 2655 diss.
950 2620 1038 2664 Arq.
1055 2618 1109 2661 11,
1130 2617 1215 2651 255.
1232 2616 1312 2650 298
1404 2612 1564 2657 excipies
1589 2616 1739 2646 testatur

78 2681 220 2717 Nonius
241 2683 320 2717 293
345 2685 416 2723 (·as
438 2681 542 2717 codd.
567 2680 631 2716 sed
656 2680 730 2715 129
752 2681 879 2722 recteJ:
908 2676 1032 2720 expies
1170 2675 1234 2706 776
1265 2670 1350 2716 quid
1381 2672 1412 2704 si
1439 2668 1687 2704 Camerarius:
1709 2670 1739 2704 it

80 2737 178 2780 ΒΨ,
201 2738 239 2772 id
263 2737 404 2780 VEB²;
427 2738 480 2783 cf.
504 2736 634 2783 Amplz.
652 2736 729 2771 392
748 2735 868 2775 (aliter
887 2733 975 2773 933)
1064 2733 1105 2765 tu
1121 2740 1189 2772 me,
1214 2738 1309 2763 corr.
1331 2727 1381 2761 Β·Ζ
1391 2725 1437 2760 1³2
1529 2728 1593 2760 778
1617 2724 1739 2760 meda-

78 2805 186 2839 gorus
211 2793 244 2829 D
335 2797 400 2829 779
424 2794 495 2830 fuit
516 2797 622 2839 pater
644 2791 795 2828 correxi
889 2799 993 2830 uoco,
1018 2797 1114 2822 corr.
1140 2783 1250 2820 B2V2
1342 2785 1406 2817 780
1431 2782 1469 2816 id
1496 2781 1739 2817 Camerarius:

79 2851 169 2887 LYc.
191 2850 232 2886 id
322 2853 384 2886 781
407 2851 502 2896 fort.
526 2861 572 2886 ex
593 2851 632 2885 te
654 2849 764 2884 filiam
856 2846 996 2882 ecillam
