2018 3183
194 78 274 116 108
935 76 1116 112 PLAVTI
1587 78 1616 106 11
1627 78 1655 112 8.
1673 77 1785 107 20—111
1797 78 1823 112 1,
1842 78 1859 106 5

894 191 1152 232 CONGRIO

277 260 414 300 Aulam
445 259 643 306 maiorem,
674 259 706 298 si
737 265 842 311 pote,
874 272 920 299 ex
951 259 1088 299 vicinia
1870 272 1926 306 390

277 334 389 379 pete:
421 327 516 365 haec
547 332 606 365 est
635 337 764 378 parva,
796 337 937 378 capere
969 339 1047 365 non
1081 326 1177 378 quit.
1235 326 1366 368 EVCL.
1417 326 1461 366 Ei
1492 327 1600 375 mihi,

278 394 377 446 perii
407 393 550 432 hercle.
600 397 738 433 aurum
771 394 934 444 rapitur,
965 393 1051 433 aula
1081 393 1295 445 quaeritur.

193 459 394 517 [nimirum
426 461 598 510 occidor,
630 461 703 500 nisi
735 473 806 511 ego
839 461 944 500 intro
975 461 1052 500 huc
1083 473 1252 513 propere
1282 473 1454 514 propero
1485 458 1674 516 currem]

276 529 428 581 Apollo,
462 541 620 580 quaeso,
652 527 817 567 subveni
847 528 901 567 mi
931 534 1046 580 atque
1078 529 1226 576 adiuva,

276 597 430 647 confige
459 596 609 647 sagittis
640 596 745 635 fures
775 596 1079 644 thensaurarios,
1869 609 1927 643 395

275 661 355 718 <si>
385 663 449 703 cui
479 664 519 702 in
551 675 594 702 re
625 664 690 703 tali
721 664 797 703 iam
827 663 1041 703 subvenisti
1072 662 1266 702 antidhac.

276 731 343 771 sed
375 743 486 771 cesso
517 731 628 783 prius
658 742 772 782 quam
803 742 967 782 prorsus
998 731 1096 782 perii
1127 729 1315 770 currere?

880 819 1174 860 ANTHRAX
1767 820 1812 862 ΙΙ
1834 823 1858 862 9

275 888 435 936 Dromo,
470 888 681 939 desquama
712 888 842 939 piscis.
892 894 947 935 tu,
978 888 1212 935 Machaerio‚

277 968 482 1007 congrum,
513 967 717 994 murenam
748 955 941 994 exdorsua
974 963 1165 1006 quantum
1197 961 1337 1006 potest.

275 1035 348 1074 ego
379 1023 473 1062 hinc
501 1028 692 1074 artoptam
725 1034 769 1061 ex
800 1021 979 1073 proximo
1011 1022 1195 1061 utendam
1225 1028 1316 1073 pelo
1870 1038 1928 1071 400

277 1102 298 1129 a
329 1090 568 1141 Congrione.
620 1097 662 1129 tu
693 1090 810 1130 istum
840 1090 1000 1140 gallum,
1032 1089 1063 1128 si
1095 1089 1210 1140 sapis,

276 1157 511 1209 glabriorem
542 1157 682 1197 reddes
712 1157 806 1195 mihi
839 1169 955 1208 quam
986 1157 1117 1196 volsus
1148 1156 1306 1196 ludiust.

275 1225 342 1264 sed
373 1225 465 1276 quid
497 1225 573 1265 hoc
604 1225 786 1264 clamoris
817 1225 944 1264 oritur
973 1224 1068 1263 hinc
1099 1236 1144 1263 ex
1174 1223 1385 1276 proximo?

275 1292 392 1343 coqui
421 1293 567 1341 hercle,
598 1293 730 1341 credo,
762 1293 912 1332 faciunt
941 1292 1114 1331 officium
1146 1304 1273 1331 suom.

273 1360 419 1411 fugiam
449 1361 566 1407 intro,
597 1373 648 1400 ne
680 1360 771 1412 quid
802 1360 940 1399 turbae
971 1360 1034 1398 liic
1064 1359 1195 1398 itidem
1227 1360 1321 1399 suat.
1869 1377 1927 1409 405

888 1483 1144 1524 coNGfflo
1547 1535 1551 1539 ⁴
1743 1485 1813 1526 111
1835 1489 1857 1527 1

189 1572 214 1605 -1-
249 1546 381 1615 &ptati
411 1562 512 1602 vires
542 1562 765 1614 populares,
799 1562 961 1609 incolae,
993 1562 1160 1609 accolae,
1193 1562 1362 1601 advenae
1394 1573 1542 1610 omnes,

190 1631 277 1670 (late
308 1631 408 1669 viam
440 1642 515 1681 qua
546 1632 682 1682 fugere
713 1630 840 1676 liceat,
871 1630 986 1669 facite
1018 1636 1119 1668 totae
1150 1630 1299 1682 plateae
1330 1636 1501 1681 pateant.

191 1711 321 1750 neque
343 1711 415 1750 ego
437 1709 623 1749 umquam
644 1697 718 1737 nisi
750 1697 864 1736 hodie
893 1697 939 1736 ad
960 1697 1130 1736 Bacchas
1161 1698 1249 1736 veni
1279 1697 1317 1736 in
1341 1697 1560 1737 Bacchanal
1590 1699 1857 1751 coquinatum,

189 1766 241 1806 ita
271 1778 335 1804 me
365 1765 551 1804 miserum
583 1772 622 1805 et
652 1778 759 1805 meos
790 1764 1001 1817 discipulos
1032 1765 1200 1805 fustibus
1230 1765 1330 1804 male
1361 1765 1643 1805 contuderunt.

190 1835 295 1873 totns
326 1833 439 1872 doleo
471 1840 588 1884 atque
620 1833 764 1885 oppido
795 1833 907 1885 perii,
968 1833 1017 1871 ita
1049 1845 1110 1872 me
1141 1836 1213 1872 iste
1243 1832 1377 1872 habuit
1407 1845 1527 1873 senex
1556 1834 1821 1885 gffmnasiunu
1869 1849 1929 1883 410

303 1946 367 1979 390
385 1946 472 1989 pote
489 1953 534 1978 ex
550 1942 765 1978 Lambinus:
787 1945 892 1988 potes
984 1946 1046 1979 391
1066 1953 1183 1988 parua.
1203 1945 1268 1985 est,
1294 1953 1387 1977 corr.
1406 1941 1566 1989 Pylades
1657 1946 1722 1979 392
1739 1944 1860 1980 hercle

186 2000 287 2045 (ego)
314 1999 517 2045 Seyfferlus
655 2002 720 2034 393
752 2000 804 2045 cf.
835 1999 884 2035 ad
906 2000 986 2035 242
1124 2002 1187 2034 395
1220 2000 1354 2045 sagitas
1383 1999 1413 2034 D
1437 2004 1471 2035 et
1504 1999 1535 2035 V
1557 2005 1642 2036 ante
1671 2012 1768 2037 corr.

187 2057 436 2094 thesaurarios
529 2058 595 2092 396
616 2056 681 2102 <si>
702 2056 891 2103 Vssinqius
983 2056 1049 2092 tali
1067 2057 1139 2091 iam
1154 2057 1402 2092 Camerarius:
1418 2056 1507 2092 talia
1599 2058 1771 2094 subuenit

188 2115 239 2160 cf.
256 2113 482 2158 Hueffnerus
497 2112 541 2147 cle
557 2112 682 2148 Plauti
699 2124 788 2148 com.
808 2114 986 2159 exemplis
1002 2114 1122 2148 afficis
1142 2114 1184 2148 61
1200 2123 1254 2158 sq.
1348 2115 1412 2148 398
1432 2113 1549 2149 Cocvs
1568 2113 1646 2149 BV
1734 2114 1858 2152 drome

187 2170 329 2205 Nonius
356 2170 406 2204 95
495 2171 667 2214 desquam
692 2169 825 2214 aspicis
918 2170 1100 2205 macherio
1199 2171 1265 2204 399
1290 2180 1463 2214 gongrum
1488 2169 1631 2205 Nonius
1657 2171 1708 2206 95
1795 2183 1858 2207 ex-

189 2228 324 2263 dorsua
347 2229 519 2272 quantum
543 2229 664 2271 potest
688 2229 805 2270 (potes
833 2228 893 2265 95)
911 2226 1054 2261 Nonius
1070 2227 1119 2262 17
1139 2232 1172 2261 et
1193 2228 1250 2269 95,
1276 2226 1391 2261 allero
1417 2226 1495 2261 loco
1519 2226 1663 2262 verbum
1690 2231 1860 2263 testatus:

188 2286 358 2320 exossata
382 2283 441 2318 fac
466 2283 561 2318 sient
651 2286 716 2317 400
738 2286 920 2329 artoptam
938 2283 1106 2318 Plautmn
1124 2284 1160 2318 in
1178 2284 1259 2318 Aul.
1278 2283 1467 2329 scripsisse
1482 2281 1628 2328 ‘maqna
1646 2283 1690 2318 ob
1709 2283 1750 2319 id
1771 2294 1859 2320 con-

187 2341 387 2377 certacione
417 2340 642 2374 erecclitorzmz
677 2351 725 2374 an
755 2340 787 2374 is
817 2351 942 2375 versus
970 2345 1102 2386 poetae
1133 2341 1181 2375 sit
1214 2337 1324 2375 illius'
1354 2339 1496 2374 Plinius
1528 2340 1640 2374 tradit
1663 2339 1711 2375 Ν.
1728 2340 1777 2376 Η.
1798 2341 1858 2383 13,

186 2399 240 2439 11,
264 2398 342 2433 107
443 2399 508 2432 401
535 2397 624 2432 satis
648 2395 793 2431 Nouius
817 2397 893 2431 530
1000 2399 1065 2432 402
1089 2396 1304 2441 glabriorem
1332 2395 1487 2431 Nonius:
1511 2396 1730 2432 clabrionem
1755 2396 1860 2440 Bw,

187 2454 410 2500 glabrionem
434 2452 526 2488 DV²
643 2453 765 2488 reddis
792 2452 935 2488 Nonius
1072 2453 1200 2498 lydyus
1226 2453 1356 2497 (lidyus
1381 2451 1426 2495 J),
1451 2452 1559 2488 lidius
1592 2452 1623 2486 V
1626 2458 1636 2495 )
1661 2456 1716 2488 est
1739 2453 1858 2496 codd„

187 2511 306 2557 lydius
332 2512 433 2552 (-ust)
459 2509 602 2544 Nonius
739 2512 803 2544 405
833 2510 942 2544 redeo
975 2509 1070 2544 intro
1101 2521 1146 2544 ne
1179 2509 1265 2554 quid
1289 2509 1349 2544 hic
1373 2509 1503 2544 turbae
1527 2509 1592 2544 fiat
1616 2508 1760 2544 Nonius
1785 2511 1860 2546 525

188 2568 267 2614 <qui
291 2566 430 2602 turbam
457 2577 532 2612 pro
559 2565 673 2601 turbis
697 2566 874 2610 testatur),
900 2566 960 2601 ubi
984 2567 1042 2601 hic
1066 2566 1237 2610 (itidem)
1264 2565 1396 2600 Caesar
1499 2565 1564 2601 fiat
1667 2568 1734 2601 406
1759 2566 1857 2602 Gon-

188 2634 275 2660 Gmo
299 2634 411 2659 cocvs
436 2623 483 2665 B,
511 2623 673 2658 Commo
698 2633 838 2663 coovvs
871 2622 903 2657 V
993 2623 1090 2658 uires
1112 2622 1157 2664 B,
1183 2623 1288 2657 uiues
1310 2622 1407 2664 91²¹,
1434 2621 1532 2657 ciues
1565 2621 1613 2657 V²
1702 2633 1769 2668 pro
1793 2623 1858 2658 At·

186 2680 252 2715 tici
277 2680 376 2715 ciues
400 2679 599 2721 Bentleius,
625 2679 690 2724 qui
712 2679 822 2723 ciues,
847 2679 1040 2724 populares
1059 2683 1210 2725 praeter
1240 2679 1416 2713 rationem
1441 2678 1646 2715 coniunxit.
1693 2679 1858 2725 sufficiat

186 2746 252 2781 pro
282 2736 408 2780 fidem,
439 2736 554 2771 Attici
583 2736 795 2781 populares,
829 2735 883 2781 cf.
907 2736 1036 2781 Amph.
1065 2737 1139 2771 37⁴6
1170 2735 1264 2770 Rud.
1300 2737 1369 2770 0²15
1505 2737 1569 2770 408
1593 2746 1709 2781 neque
1734 2736 1785 2781 cf.
1809 2735 1859 2771 acl

186 2793 268 2827 205
278 2804 331 2838 sq.
448 2793 625 2828 baccanal
648 2791 792 2827 Nonius
818 2793 877 2835 85,
907 2792 1086 2828 bachanal
1116 2793 1174 2834 18¹2,
1199 2792 1369 2828 bachinal
1394 2791 1525 2827 B¹DV
1625 2793 1858 2837 coquinatum

186 2847 331 2883 Nonius
356 2852 520 2891 testatur,
538 2848 750 2895 coquinandi
775 2849 918 2886 verbum
936 2849 1074 2885 Paulus
1093 2850 1135 2885 61
1144 2862 1158 2891 ,·
1182 2850 1233 2895 cf.
1254 2849 1385 2884 Pseud.
1406 2849 1480 2884 853
1582 2852 1648 2885 410
1666 2849 1858 2895 anapaesti
