2018 3183
199 66 279 102 104
935 64 1115 100 PLAVTI
1672 65 1701 94 11
1712 65 1738 98 4,
1757 65 1857 94 16-37

196 192 316 220 senex
347 180 530 220 obsonari
560 180 648 219 filiai
681 178 856 232 nuptiis?

193 248 330 289 me.
382 246 472 287 Vah.
530 247 702 289 Ammz.
753 247 854 294 Quid
886 244 1084 299 negotist?
1150 246 1286 288 PYTH.
1337 247 1438 294 Quid
1470 248 1601 300 negoti
1631 249 1680 289 sit
1706 249 1855 302 rogas?

194 327 338 366 pumex
370 328 449 355 non
481 327 606 367 aeque
636 323 695 355 est
724 316 854 355 aridus
884 321 1002 366 atque
1032 314 1096 354 hio
1126 321 1185 354 est
1214 327 1347 354 senex.

193 382 365 423 ANt'rHR.
416 383 488 422 Ain
522 382 709 422 taudem?
766 383 904 423 PYTH.
953 382 1008 421 lta
1039 394 1123 422 esse
1153 389 1197 422 ut
1225 383 1314 422 dixi.
1366 389 1447 423 tute
1478 383 1686 424 existuma:

602 467 623 488 *
896 465 918 489 *

193 530 303 558 suam
334 531 416 558 rem
448 519 612 570 periisse
642 531 763 570 seque
794 518 1038 559 eradicarier.

193 587 287 637 quin
319 586 447 626 divom
478 592 595 638 atque
624 586 830 626 hominum
862 586 1003 626 clamat
1031 586 1221 626 continuo
1253 587 1380 635 fidem,

191 653 239 692 de
268 666 340 694 suo
370 654 494 706 tigillo
525 655 655 694 sumus
684 654 716 694 si
748 666 824 706 qua
856 654 935 693 exit
963 655 1079 693 foras.

191 721 287 772 quin
318 734 406 761 cum
438 722 467 761 it
497 722 722 770 dormitum,
753 722 887 761 follem
917 721 1128 774 obstringit
1158 721 1206 761 ob
1238 721 1381 772 gulam.

188 788 363 831 ANTHR.
413 788 520 829 Cur?
577 789 714 831 me.
763 790 821 830 Ne
853 790 945 841 quid
975 791 1126 829 animae
1156 790 1258 829 sorte
1288 790 1437 829 amittat
1466 790 1677 830 dormiens.

188 856 360 899 ANTHR.
409 857 591 897 Etiamne
622 858 779 897 obturat
808 857 1033 897 inferiorem
1065 864 1276 908 gutturem‚

191 937 241 964 ne
272 925 365 976 quid
396 926 538 965 animai
570 926 670 966 sorte
700 926 850 965 amittat
879 924 1110 965 dormiens?

187 991 323 1033 PYTH.
354 993 459 1033 Haeo
490 993 584 1032 mihi
615 1000 653 1032 te
684 999 728 1033 ut
755 992 826 1032 tibi
856 993 947 1032 med
977 1005 1143 1044 aequom
1175 1000 1247 1041 est,
1278 993 1409 1041 eredo,
1441 993 1612 1033 eredere.

185 1058 358 1101 ANTHR.
407 1060 530 1100 Immo
561 1061 743 1112 equidem
772 1061 904 1100 eredo.
963 1060 1100 1102 PYTH.
1149 1062 1199 1100 At
1227 1061 1310 1100 scin
1344 1061 1459 1100 etiam
1489 1073 1566 1112 quo
1598 1061 1745 1102 modo?

186 1138 326 1178 aquam
355 1127 488 1168 hercle
519 1127 659 1180 plorat,
691 1140 780 1167 cum
811 1127 924 1175 lavat,
954 1127 1209 1179 profundere.

184 1194 357 1236 AXTHR.
408 1195 561 1236 Censen
592 1196 782 1235 talentum
811 1207 999 1247 magnum
1031 1195 1183 1235 exorari
1214 1202 1306 1248 pote

186 1262 234 1301 ab
264 1264 362 1303 istoc
391 1276 487 1304 sene
518 1270 562 1304 ut
591 1264 668 1312 det,
699 1264 767 1316 qui
796 1265 936 1303 fiamus
965 1262 1108 1302 liberi?

183 1331 320 1373 Pym.
370 1332 530 1371 Famem
559 1332 692 1372 hercle
722 1332 908 1372 utendam
938 1332 970 1371 si
1002 1344 1129 1383 roges,
1162 1343 1375 1383 numquam
1406 1331 1522 1372 dabit.

186 1399 281 1450 quin
312 1399 386 1451 ipsi
415 1400 569 1452 pridem
599 1406 738 1439 tonsor
769 1400 913 1451 unguis
943 1400 1186 1452 dempserat:

185 1467 353 1519 collegit,
386 1469 516 1507 omnia
546 1468 705 1517 abstulit
734 1468 1017 1520 praesegmina.

184 1534 357 1575 ANTHR.
401 1535 553 1588 Edepol
582 1536 787 1575 mortalem
817 1548 934 1588 parce
964 1548 1126 1588 parcum
1156 1535 1371 1588 praedicas.

183 1602 320 1643 PYTH.
371 1602 524 1643 Censen
555 1616 646 1643 vero
678 1616 762 1643 esse
794 1616 953 1656 parcum
987 1610 1026 1642 et
1056 1603 1197 1643 misere
1227 1602 1382 1643 vivere?

184 1670 433 1721 pulmentum
465 1672 616 1723 pridem
648 1672 683 1711 ei
714 1672 859 1724 eripuit
887 1672 1048 1711 miluos:

297 1817 362 1850 295
392 1816 490 1851 filiae
518 1816 557 1850 in
588 1817 745 1861 nuptiis,
774 1827 869 1851 corr.
897 1815 1063 1862 Scale'qer
1201 1817 1263 1850 297
1288 1814 1381 1860 sort.
1406 1814 1717 1862 pronuntiandum
1740 1816 1852 1851 ardus

182 1870 411 1917 (Seyffertus)
551 1875 615 1907 298
641 1873 717 1907 dixi
749 1871 975 1918 W'aqnerus:
1001 1872 1092 1907 dieis
1117 1871 1205 1914 BV,
1227 1872 1329 1907 dicas
1354 1872 1388 1907 I)
1515 1872 1569 1908 ita
1592 1882 1672 1907 esse
1695 1873 1737 1907 ut
1759 1872 1852 1908 dicis

181 1938 299 1974 coquo
325 1929 514 1964 continuat
543 1929 590 1963 V2
703 1931 781 1964 tute
805 1939 861 1963 ex.
887 1930 995 1974 coqui
1109 1931 1186 1964 299.
1213 1932 1277 1963 300
1301 1927 1429 1963 ordine
1452 1928 1593 1963 inverso
1620 1927 1831 1964 Gulielmius
1837 1941 1854 1971 ;

181 1983 350 2020 lacunam
373 1985 529 2030 siquam
554 1984 716 2020 Hac-etus
848 1988 912 2020 299
936 1985 1074 2031 perisse
1189 1988 1252 2020 301
1278 1983 1421 2020 Nonius
1443 1985 1516 2020 134
1538 1985 1714 2030 ligellum:
1744 1987 1852 2030 tugu-

180 2040 322 2085 riolum,
347 2041 567 2077 domicilium
591 2042 701 2077 breue
727 2041 1021 2088 (explicationem
1042 2052 1161 2077 ‘ceram
1178 2051 1266 2084 esse,
1288 2052 1362 2076 non
1380 2041 1519 2084 lemma,
1543 2041 1666 2077 docuit
1689 2041 1852 2078 Bueche-

181 2095 279 2131 lerus
307 2108 397 2132 mus.
428 2097 542 2133 Rlzen.
575 2099 643 2140 39,
674 2099 784 2141 423„
815 2099 864 2143 cf.
901 2097 1088 2133 Clzorz'cz'us
1124 2097 1247 2132 Caroli
1276 2096 1408 2133 Graux
1435 2100 1497 2134 καὶ
1529 2100 1607 2133 τῶν
1641 2095 1851 2147 Μενάνδρῳ

179 2153 444 2200 πεποιημένων
475 2152 698 2200 προσώπων
730 2175 772 2181 —
803 2156 1009 2201 Σμικρίνης
1041 2151 1150 2199 (ἡμᾶς
1184 2152 1365 2200 ἐποίησεν
1400 2151 1507 2197 εἶναι)
1542 2151 1796 2202 φιλαργύρους
1828 2150 1849 2192 ὃ

180 2208 306 2253 δεδιώς
335 2208 384 2256 μή
418 2224 453 2247 τι
483 2214 561 2247 τῶν
592 2208 700 2248 ἔνδον
730 2206 749 2247 ὃ
781 2210 930 2253 καπνὸς
962 2210 1107 2258 οὶξζοιτο
1139 2210 1268 2258 φέρων
1299 2214 1384 2253 (rev.
1418 2211 1462 2245 de
1485 2209 1580 2257 phil.
1603 2211 1636 2252 1,
1667 2212 1760 2254 228)

179 2269 242 2302 tuo
265 2267 385 2312 ligello
410 2267 513 2304 fuisti
537 2279 607 2313 qua
631 2268 706 2303 exis
742 2267 837 2303 foras
862 2267 1005 2302 Nonius
1142 2270 1207 2303 303
1240 2267 1335 2303 forte
1368 2278 1437 2302 om.
1463 2279 1492 2311 ς,
1516 2266 1659 2302 Nonius
1681 2267 1760 2302 234

180 2323 322 2358 emittat
344 2323 489 2360 Nonius
513 2327 556 2367 (v.
583 2326 662 2360 305
683 2323 897 2359 Priscianus
921 2324 1076 2367 amittat)
1197 2326 1263 2359 305
1288 2323 1430 2359 animae
1454 2323 1579 2366 codd„
1605 2324 1726 2359 anima
1750 2322 1851 2359 Pris-

179 2380 305 2414 cianus
320 2381 352 2421 1,
376 2381 467 2422 155;
491 2382 556 2428 qui
583 2391 777 2416 consensus
805 2380 903 2425 facil
931 2392 975 2416 uc
1007 2391 1086 2415 cum
1111 2379 1308 2415 Bitsclzelio
1337 2380 1538 2416 scribamus
1568 2380 1664 2424 (ibi)
1693 2391 1740 2415 ne
1764 2380 1851 2425 quid

179 2435 338 2478 animae,
369 2442 477 2482 acque
500 2436 591 2472 illud
613 2436 806 2472 ridiculum
834 2437 951 2482 mccqis
1090 2438 1154 2471 306
1179 2447 1246 2485 nec
1271 2435 1306 2471 B
1444 2437 1515 2471 iam
1539 2435 1717 2472 dubitavit
1739 2447 1850 2472 cocus

178 2493 328 2534 v.298,·
359 2494 451 2528 haec
482 2493 532 2529 ad
562 2493 682 2528 omnia
714 2494 784 2528 isla
809 2493 997 2540 periinere
1029 2493 1134 2529 eciam
1166 2503 1260 2538 quae
1282 2496 1454 2527 secuntur
1477 2492 1615 2527 docent.
1659 2493 1709 2537 cf.
1735 2493 1847 2528 Poen.

179 2549 257 2582 490
347 2560 404 2584 me
497 2550 643 2585 credere
668 2550 788 2594 credo,
813 2561 908 2586 corr.
933 2549 1092 2596 Pylades
1201 2551 1265 2584 307
1290 2548 1397 2594 <tibi>
1427 2549 1534 2584 eredo
1560 2548 1758 2585 Muellerus

179 2607 242 2639 308
267 2605 388 2650 plorat
410 2606 533 2641 hercle
551 2606 582 2640 Β
719 2609 784 2642 309
808 2609 948 2651 potest,
980 2617 1074 2641 corr.
1100 2605 1377 2652 lsampmannus
1513 2608 1579 2640 312
1602 2606 1682 2651 ipse
1706 2606 1849 2642 Nonius

177 2662 260 2696 152.
283 2662 360 2697 273
498 2663 639 2708 quidem
668 2662 812 2698 Il'one‘us
833 2664 907 2698 152
1044 2665 1108 2697 315
1135 2663 1186 2707 cf.
1218 2661 1330 2697 Marc.
1356 2662 1427 2697 461
1564 2672 1651 2698 uero
1676 2661 1715 2697 L.
1725 2674 1736 2697 .·
1760 2673 1847 2699 uero

178 2718 269 2753 adeo
361 2719 530 2755 miserere
550 2720 610 2762 B¹‚
631 2720 802 2755 miserem
820 2719 877 2761 D‚·
901 2720 950 2765 cf.
968 2719 1173 2766 Seyfferlus
1187 2718 1283 2761 stud.
1303 2718 1358 2753 Pl.
1380 2720 1402 2753 9
1419 2724 1452 2754 et
1469 2730 1501 2753 v.
1517 2719 1563 2754 14
1655 2721 1720 2754 316
1738 2729 1847 2755 cocus

174 2785 313 2820 praem.
334 2773 412 2809 BV
502 2776 551 2811 ei:
576 2777 669 2822 fort.
695 2777 836 2821 edenti3
862 2777 913 2822 cf.
939 2776 1088 2812 Sueton.
1113 2778 1208 2822 Auq.
1229 2776 1276 2811 94
1294 2787 1336 2823 p.
1358 2776 1422 2819 80,
1446 2777 1494 2810 15
1508 2775 1551 2811 R.
1643 2776 1758 2821 ripuit:
1781 2775 1846 2819 13¹,

179 2830 296 2875 eripui
323 2830 354 2865 V

1868 187 1924 220 295

1868 593 1925 627 300

1867 932 1924 966 305

1866 1270 1923 1304 310

1863 1608 1920 1642 315
