2018 3183
258 124 339 162 320
995 120 1175 156 PLAVTI
1751 121 1816 154 113,
1836 121 1921 151 4-—30

257 240 307 278 ita
339 251 447 278 nunc
477 238 620 285 subito,
651 248 822 289 propere
852 243 891 275 et
921 235 1048 275 celere
1080 235 1316 274 obiectumst
1345 234 1438 274 mihi
1471 235 1684 286 negotium,

258 319 332 345 nec
360 303 526 359 (homo)
555 305 799 356 quisquamst
829 305 905 342 tam
938 303 1162 354 opulentus,
1195 303 1262 354 qui
1291 302 1344 341 mi
1375 301 1536 342 obsistat
1567 302 1607 342 in
1639 304 1710 345 via,

258 386 331 413 nec
361 378 554 424 strategus
586 384 659 411 nec
689 377 881 423 tyrannus
910 370 1129 422 quisquam,
1162 382 1235 409 nec
1267 381 1542 421 agoranomus,
1931 377 1986 409 285

255 452 330 480 nec
360 440 592 479 demarchus
623 451 697 478 nec
728 437 972 484 comarchus,
1003 449 1078 476 nec
1108 449 1198 477 cum
1227 443 1332 476 tanta
1362 436 1497 488 gloria,

256 507 352 557 quin
385 506 507 553 cadat,
538 506 633 557 quin
665 505 792 557 capite
822 505 932 544 sistat
963 505 1001 544 in
1033 505 1093 544 via
1122 505 1170 544 de
1199 504 1349 544 semita.

255 581 337 613 tum
370 574 431 613 isti
464 573 601 613 Graeci
632 572 791 624 palliati,
824 572 949 625 capite
982 578 1121 624 operto
1153 572 1219 623 qui
1250 571 1465 618 ambulant,

258 641 324 691 qui
355 641 545 680 incedunt
574 640 814 680 suffarcinati
846 653 935 679 cum
968 639 1088 687 libris,
1120 652 1208 679 cum
1241 639 1438 691 sportulis,

256 714 450 755 constant,
482 709 693 748 conserunt
723 720 926 747 sermones
955 707 1060 747 inter
1089 705 1220 762 se(se)
1251 708 1446 759 drapetae,
1934 714 1989 747 290

258 775 426 823 obstant,
460 775 668 822 obsistunt,
700 775 890 815 incedunt
920 788 1008 814 cum
1041 775 1121 815 suis
1151 775 1369 819 sententiis,

255 856 354 894 quos
385 855 544 896 semper
573 842 702 883 videas
732 843 913 882 hibentes
943 855 1027 882 esse
1059 842 1098 881 in
1129 842 1392 894 thermipolio,

255 910 321 950 ubi
353 911 446 962 quid
476 910 732 963 subripuere:
766 916 903 961 operto
936 910 1104 961 capitulo
1136 909 1303 948 calidum
1338 908 1490 955 bibunt,

254 978 383 1018 tristes
413 984 530 1029 atque
563 978 700 1017 ebrioli
733 978 942 1017 incedunt:
975 989 1042 1016 eos
1073 989 1145 1028 ego
1176 977 1208 1016 si
1240 976 1457 1022 offendero,

255 1057 300 1084 ex
331 1057 573 1096 unoquoque
604 1057 741 1084 eorum
773 1045 918 1084 exciam
950 1044 1143 1096 crepitum
1174 1043 1450 1096 polentarium.
1935 1051 1991 1084 295

256 1120 338 1152 tum
369 1113 432 1152 isti
466 1114 534 1164 qui
565 1114 706 1153 ludunt
735 1113 891 1152 datatim
923 1113 1023 1152 servi
1055 1124 1282 1152 scurrarum
1313 1112 1353 1151 in
1385 1112 1456 1159 via,

257 1188 295 1220 et
324 1181 480 1221 datores
510 1187 549 1221 et
579 1182 746 1221 factores
777 1181 905 1221 omnis
936 1181 1098 1220 subdam
1130 1180 1202 1220 sub
1234 1180 1373 1220 solum.

256 1249 370 1300 proin
402 1262 443 1288 se
474 1249 579 1288 domi
610 1250 839 1289 contineant
873 1263 908 1296 *,
940 1249 1062 1288 vitent
1092 1248 1322 1287 infortunio.

255 1316 424 1357 PHAED.
466 1317 587 1356 Recte
607 1317 670 1356 hic
691 1323 894 1364 monstrat,
917 1317 948 1356 si
971 1317 1165 1367 imperare
1188 1316 1322 1367 possit.
1376 1327 1465 1354 nam
1489 1315 1537 1353 ita
1562 1326 1669 1354 nunc
1700 1325 1785 1353 mos
1807 1313 1922 1365 viget,

256 1386 306 1423 ita
338 1397 445 1423 nunc
479 1385 737 1424 servitiumst:
772 1386 949 1437 profecto
981 1384 1120 1423 modus
1151 1382 1286 1422 haberi
1319 1395 1398 1422 non
1431 1389 1572 1434 potest.
1932 1388 1991 1421 300

256 1452 358 1492 Cvn.
410 1452 555 1503 Ecquis
587 1458 644 1490 est
675 1453 740 1503 qui
773 1453 865 1492 mihi
897 1457 1177 1491 commonstret
1208 1451 1494 1490 Phaedromum
1525 1450 1686 1502 genium
1717 1447 1878 1490 meum?

254 1521 304 1558 ita
336 1531 398 1559 res
429 1519 558 1559 subita
589 1527 660 1567 est,
692 1520 870 1559 celeriter
900 1520 992 1559 milii
1025 1519 1128 1571 [hoc]
1161 1519 1318 1557 homine
1350 1525 1545 1557 convento
1577 1524 1635 1557 est
1668 1529 1780 1569 opus.

253 1588 355 1626 PAL.
406 1587 459 1626 Te
481 1587 544 1626 ille
567 1589 729 1640 quaerit.
788 1589 957 1628 PHAED.
1000 1588 1099 1634 Quid
1123 1587 1153 1626 si
1175 1584 1386 1626 adeamus?
1416 1587 1524 1634 heus,
1545 1586 1741 1632 Curculio,
1764 1592 1801 1624 te
1822 1584 1922 1624 volo.

253 1655 380 1695 Cch.
433 1655 527 1701 Quis
548 1654 687 1695 vocat?
719 1656 1005 1708 quis'nominat
1027 1653 1117 1694 me?
1175 1654 1345 1694 Pinum.
1387 1653 1462 1699 Qui
1484 1661 1521 1693 te
1542 1661 1778 1693 conventum
1801 1653 1922 1705 cupit.

254 1722 296 1763 C.
350 1723 457 1761 Haud
481 1724 602 1774 magis
623 1721 730 1779 <me>
751 1725 862 1776 cupis
885 1736 1000 1775 quam
1024 1736 1096 1774 ego
1118 1729 1155 1761 te
1178 1723 1306 1774 cupio.
1357 1722 1436 1762 PH.
1473 1722 1503 1762 Ο
1526 1734 1611 1761 mea
1633 1721 1922 1774 opportunitas,
1933 1726 1989 1759 305

257 1790 438 1830 Curculio
471 1797 666 1843 exoptato,
697 1791 815 1830 salve.
875 1791 1003 1831 Cvnc.
1055 1791 1176 1829 Salve.
1236 1791 1406 1830 PHAED.
1457 1789 1607 1829 Salvom
1640 1789 1790 1840 gaudeo

257 1864 295 1896 te
326 1858 521 1897 advenire.
582 1859 677 1898 cedo
709 1866 813 1898 tuam
846 1860 899 1897 mi
932 1860 1144 1898 dexteram.
1206 1858 1271 1897 uhi
1303 1864 1397 1897 sunt
1426 1870 1516 1909 spes
1546 1855 1684 1897 meae?

255 1925 451 1976 eloquere,
485 1926 647 1965 obsecro
670 1927 815 1966 hercle.
875 1926 1002 1966 Cvnc.
1053 1926 1264 1977 Eloquere,
1295 1932 1334 1965 te
1356 1926 1533 1973 obsecro,
1565 1925 1632 1964 ubi
1662 1928 1755 1965 sunt
1787 1922 1924 1964 meae?

254 1993 424 2033 PHAED.
461 1992 561 2039 Quid
579 1993 714 2033 tibist?
764 1994 891 2034 CVRC.
928 1994 1131 2033 Tenebrae
1150 1993 1398 2041 oboriuntur,
1415 2005 1543 2044 genua
1560 1992 1688 2032 inedia
1704 1993 1923 2034 succidunt.

368 2096 432 2127 283
459 2094 511 2138 cf.
538 2095 616 2128 302
732 2096 797 2128 284
821 2105 866 2129 ne
901 2093 934 2128 V
1019 2093 1185 2140 supplevi
1300 2095 1365 2128 286
1390 2094 1603 2129 chomarcus
1630 2091 1711 2134 BE,
1737 2093 1805 2128 cho
1830 2102 1925 2127 mar-

253 2151 343 2185 chus
365 2149 398 2184 V
489 2152 551 2184 287
567 2150 933 2194 quiincadatBWE
992 2151 1088 2186 uiam
1111 2149 1143 2184 V
1143 2149 1178 2184 E
1268 2152 1333 2185 288
1345 2149 1429 2184 istic
1498 2150 1613 2193 graeti
1628 2149 1663 2184 B
1756 2153 1821 2186 289
1838 2150 1924 2195 quin

253 2207 386 2242 cedunt
480 2209 543 2241 290
571 2205 692 2252 se<se>
716 2206 944 2242 Camerarius
1036 2209 1178 2251 trapete
1204 2206 1238 2241 B
1331 2209 1395 2241 291
1424 2205 1600 2240 incedunt
1628 2210 1833 2252 suspectum

255 2265 319 2297 292
345 2262 556 2308 hermipolio
579 2262 638 2305 3¹,
656 2263 877 2307 hermopolio
896 2262 995 2305 EB2,
1020 2264 1143 2299 hermo
1166 2263 1249 2308 polo
1277 2262 1328 2304 V‚·
1351 2262 1401 2308 cf.
1426 2261 1559 2297 Pseud.
1583 2262 1654 2297 742
1747 2265 1811 2298 293
1838 2272 1924 2307 cap-

252 2319 328 2354 tulo
351 2317 416 2352 VE
482 2319 650 2354 bibibunt
675 2318 743 2353 VE
834 2322 899 2354 294
922 2319 1063 2365 (nunc)
1083 2319 1114 2354 si
1133 2317 1305 2353 Goetzius
1398 2321 1462 2353 295
1488 2318 1622 2354 extiam
1639 2317 1727 2360 BV,
1744 2318 1925 2354 excutiam

256 2375 485 2411 Camerarius
492 2387 506 2416 ‚·
529 2375 579 2421 cf:
606 2375 862 2410 Lcaeclemcmnus
886 2376 935 2410 ad
955 2375 1061 2411 Lucr.
1079 2377 1113 2417 4,
1132 2376 1182 2410 36
1277 2374 1462 2411 Charisius
1485 2376 1564 2409 239
1582 2370 1678 2410 ‘trit’
1703 2374 1863 2410 Naevius
1887 2374 1925 2409 in

255 2430 468 2467 Corollaria.
517 2431 698 2476 significat
715 2434 847 2476 autem,
872 2435 913 2467 ut
928 2432 981 2467 ait
997 2432 1149 2467 Plautus
1174 2432 1212 2466 in
1230 2433 1434 2477 quadam(‘?)
1447 2428 1641 2476 ‘crepitum
1657 2426 1923 2476 polentarium';

254 2488 305 2534 cf.
331 2487 381 2523 ad
402 2487 499 2523 Rud-
526 2489 624 2523 888:
654 2488 744 2533 fort.
770 2487 820 2522 acl
837 2488 1035 2534 pollentem
1065 2488 1215 2523 adludit.
1264 2488 1371 2523 aliter
1396 2487 1642 2523 Bueclzelerus
1676 2486 1924 2522 Vmbricorum

248 2556 288 2590 p.
307 2545 364 2579 37.
407 2545 546 2580 exciam
571 2546 606 2578 in
633 2555 757 2580 versus
781 2545 884 2579 initio
906 2545 996 2590 poni
1018 2545 1138 2591 possit
1231 2547 1294 2579 296
1319 2543 1413 2579 servi
1439 2553 1646 2578 scurrarum
1672 2543 1825 2579 datatim
1852 2542 1924 2578 Λο-

254 2601 336 2636 nius
355 2602 404 2636 96
498 2604 560 2636 297
587 2601 745 2637 factores
763 2600 891 2635 ludens
907 2600 1019 2640 addit,
1046 2601 1095 2645 cf.
1118 2601 1320 2636 Gronovius
1337 2606 1372 2636 ec
1389 2600 1437 2635 ad
1455 2599 1554 2646 capt.
1574 2600 1618 2634 76
1713 2599 1777 2633 298
1802 2597 1925 2640 se<se>

254 2656 449 2699 Goetzius;
470 2658 563 2702 fort.
591 2661 686 2693 cont.
711 2657 887 2703 (moneo)
979 2657 1179 2692 infortunia
1198 2657 1258 2698 ΒΞ,
1283 2657 1472 2693 infortuna
1498 2655 1636 2699 B¹VE,
1660 2665 1756 2690 corr.
1783 2653 1923 2688 Palme—

253 2714 330 2748 νίας
347 2713 407 2749 all.
503 2716 568 2748 299
584 2715 762 2748 sententia
779 2712 1039 2748 condicionales
1055 2713 1218 2759 optativa
1236 2713 1357 2758 qualis
1374 2712 1484 2748 Poen.
1505 2714 1589 2754 550,
1611 2710 1741 2746 Pseud.
1763 2711 1835 2745 976

254 2771 317 2804 301
344 2769 423 2814 qui:
450 2770 548 2814 quod
577 2768 618 2812 E,
643 2780 749 2814 quam
781 2769 814 2804 V
905 2771 970 2804 302
996 2770 1089 2811 [hoc]
1114 2768 1391 2810 Fleckeisenus;
1415 2780 1457 2805 eo
1484 2768 1642 2804 Briaeius
1734 2769 1799 2803 305
1823 2766 1924 2811 (me)

252 2824 519 2868 flet-moerens,
547 2826 716 2862 Goetzz'us
801 2826 1027 2871 oportunitas
1114 2828 1176 2861 3οῖ
1197 2826 1360 2861 dextram
1447 2827 1511 2860 308
1529 2827 1565 2860 te
1583 2825 1734 2860 obsecro
1757 2821 1924 2868 (hercle)

254 2880 409 2917 Botlzius
433 2884 478 2924 (ς)
