1998 3179
111 87 155 117 lv
167 90 193 123 2,
215 89 315 118 15—40
848 87 1042 123 CAPTIVI
1688 89 1737 126 21
1747 91 1767 126 1

114 215 164 242 ne
195 202 283 254 quis
313 202 352 241 in
384 202 485 241 hanc
514 202 681 253 plateam
712 202 845 253 negoti
876 203 1052 241 conserat
1081 202 1291 253 quicquam
1321 202 1393 242 sui.
1780 212 1836 244 795

115 283 201 309 nam
234 281 343 309 meus
374 275 432 309 est
461 268 610 309 ballista
640 281 811 321 pugnus,
842 269 997 308 cubitus
1027 269 1257 320 catapultast
1286 270 1391 318 mihi,

111 349 270 376 umerus
300 337 412 384 aries,
444 342 526 375 tum
556 348 661 386 genu
693 349 886 387 quemque
918 336 1022 376 icero
1055 336 1100 375 ad
1131 343 1275 375 terram
1305 336 1418 385 dabo,

111 404 328 454 dentilegos
360 416 496 442 omnes
525 403 709 443 mortales
739 404 889 451 faciam,
922 415 1116 453 quemque
1147 403 1362 442 offendero.

111 471 225 511 ΗΕΘ.
275 470 384 516 Quae
414 471 524 510 illaec
555 470 773 509 eminatiost
805 468 924 508 nam?
955 482 1108 520 nequeo
1142 470 1272 509 mirari
1302 471 1405 510 satis.

110 539 217 578 EBG.
268 538 418 576 Faciam
451 544 494 576 ut
523 538 638 576 huius
669 537 746 576 diei
777 537 930 586 locique
961 537 1116 587 meique
1148 549 1302 588 semper
1332 538 1566 577 meminerit.
1775 548 1831 581 800

113 601 202 659 [Qui
234 605 327 644 mihi
358 605 397 643 in
431 617 548 644 cursu
579 604 784 655 opstiterit,
817 604 901 642 faxo
933 603 1030 642 vitae
1062 603 1093 642 is
1124 604 1319 655 extemplo
1351 605 1546 656 opstiterit
1576 602 1696 659 suae]

108 672 222 711 ΗΕΘ.
273 671 374 717 Quid
404 671 467 711 hic
496 671 613 709 homo
643 676 794 710 tantum
826 670 1016 721 incipissit
1048 671 1175 709 facere
1207 683 1294 709 cum
1326 672 1442 710 tantis
1472 670 1616 711 minis?

108 739 214 778 ΕΒΘ.
265 737 376 776 Prius
406 737 529 784 edico,
563 750 612 776 ne
643 738 729 788 quis
761 743 923 788 propter
952 737 1113 788 culpam
1138 738 1312 789 capiatur
1342 751 1470 777 suam:

109 805 307 844 continete
337 817 404 843 vos
434 804 552 852 domi,
584 804 789 856 prohibete
820 817 838 842 a
869 804 978 844 vobis
1009 805 1083 843 vim
1115 817 1255 844 meam.

106 872 220 911 ΗΕΘ.
273 871 368 909 Mira
401 872 539 924 edepol
569 877 673 918 sunt,
707 874 746 909 ni
776 871 840 910 hic
871 871 910 910 in
944 878 1116 910 ventrem
1147 872 1313 923 sumpsit
1343 873 1630 912 confidentiam.
1774 887 1831 919 805

107 951 172 978 vae
201 939 344 978 misero
376 939 441 985 illi,
473 939 583 979 cuius
614 939 701 978 cibo
733 939 803 978 iste
835 940 976 978 factust
1005 939 1266 990 imperiosior.

105 1007 211 1046 ERG.
262 1006 361 1044 Tum
392 1005 559 1056 pistores
588 1006 825 1057 scrofipasci,
858 1009 925 1057 qui
956 1006 1065 1045 alunt
1095 1006 1315 1047 furfuribus
1346 1020 1446 1055 sues,

107 1085 270 1125 quarum
301 1073 421 1112 odore
451 1073 664 1124 praeterire
697 1085 811 1112 nemo
844 1073 1052 1124 pistrinum
1086 1079 1234 1125 potest:

47 1129 50 1131 Α
105 1153 241 1180 eorum
271 1140 303 1180 si
335 1140 594 1191 quoiusquam
626 1141 794 1179 scrofam
824 1140 863 1178 in
896 1141 1054 1192 publico
1086 1153 1343 1193 conspexero,

105 1221 150 1247 ex
180 1207 274 1259 ipsis
306 1207 474 1246 dominis
504 1208 600 1247 meis
632 1208 775 1259 pugnis
806 1207 1016 1247 exculcabo
1049 1209 1230 1248 furfures.
1772 1223 1830 1256 810

102 1275 218 1314 ΗΕΘ.
270 1275 452 1314 Basilicas
483 1275 697 1314 edictiones
727 1282 842 1326 atque
872 1276 1099 1327 imperiosas
1130 1276 1267 1315 habet:

102 1348 209 1382 satur
238 1343 404 1388 homost,
436 1332 553 1381 habet
582 1343 759 1394 profecto
791 1343 830 1381 in
862 1349 998 1382 ventre
1030 1344 1319 1382 confidentiam.

101 1411 208 1450 ERG.
260 1410 358 1449 Tum
390 1410 617 1460 piscatores,
651 1410 716 1460 qui
748 1410 938 1462 praebent
968 1411 1113 1461 populo
1147 1411 1273 1461 pisces
1305 1412 1480 1458 foetidos,

103 1478 168 1529 qui
198 1477 441 1516 advehuntur
473 1477 784 1528 quadrupedanti
816 1478 1007 1516 crucianti
1040 1478 1255 1525 cantherio,
1288 1529 1291 1532 Ι

104 1557 271 1596 quorum
303 1545 398 1583 odos
428 1544 736 1584 subbasilicanos
769 1558 905 1584 omnes
937 1545 1055 1597 abigit
1086 1546 1125 1584 in
1158 1546 1300 1593 sorum,
1772 1558 1827 1590 815

103 1613 160 1652 eis
189 1625 260 1663 ego
293 1624 359 1651 ora
390 1611 604 1651 verberabo
636 1613 845 1664 surpiculis
874 1613 1063 1664 piscariis,

39 1710 42 1712 -
101 1686 144 1719 ut
173 1680 310 1728 sciant,
341 1680 468 1719 alieno
499 1692 594 1719 naso
626 1693 742 1731 quam
775 1680 984 1720 exhibeant
1015 1681 1244 1720 molestiam.

100 1753 181 1787 tum
213 1747 305 1786 lanii
337 1752 477 1795 autem,
509 1748 575 1799 qui
607 1749 850 1788 concinnant
879 1748 1012 1788 liberis
1043 1749 1158 1788 orbas
1185 1761 1286 1796 oves,

102 1815 168 1866 qui
198 1815 329 1854 locant
359 1815 582 1855 caedundos
612 1828 734 1867 agnos
765 1824 802 1855 et
832 1816 987 1868 duplam
1019 1817 1201 1868 agninam
1233 1817 1394 1863 danunt,

103 1882 169 1933 qui
199 1883 355 1934 petroni
388 1895 533 1922 nomen
566 1883 708 1923 indunt
737 1885 886 1924 verveci
917 1884 1097 1932 sectario‚
1771 1897 1827 1930 820

214 2005 276 2037 ‘195
302 2004 371 2038 hac
395 2004 529 2049 platea,
555 2014 649 2039 corr.
670 2005 828 2040 Botlzz’us
924 2009 985 2040 796
1010 2007 1090 2041 ilem
1109 2005 1250 2040 Nonius
1276 2007 1349 2040 552
1373 2008 1412 2047 (s.
1432 2006 1646 2050 catapulta):
1671 2006 1759 2040 mihi

98 2059 187 2094 haec
211 2059 343 2095 balista.
363 2071 521 2104 pugnum
539 2064 593 2096 est
616 2073 768 2104 qramm.
783 2062 827 2097 de
850 2061 932 2097 dub.
951 2073 1046 2097 nom.
1066 2064 1098 2103 5,
1118 2061 1248 2097 587K.
1273 2064 1445 2106 (pugnum
1462 2062 1613 2097 Plautus
1629 2073 1758 2106 genere

98 2118 224 2150 neutro
250 2116 354 2157 dixit)
436 2117 583 2161 pallista
607 2118 706 2160 (lista
731 2117 782 2152 Β2
806 2119 841 2152 in
866 2122 953 2160 ras.)
979 2118 1013 2152 B
1095 2122 1157 2154 797
1184 2120 1226 2153 ut
1248 2129 1422 2163 quemque
1445 2119 1543 2154 icero
1567 2122 1621 2160 (ut
1645 2120 1758 2162 omisi)

99 2170 274 2218 Pylades:
301 2173 523 2217 adquemque
545 2174 664 2210 ieeero
757 2177 821 2209 798
855 2174 1051 2210 dentilecos
1144 2177 1207 2210 800
1235 2176 1312 2209 eius
1339 2175 1373 2209 B
1465 2174 1548 2210 Ιιίησ
1574 2176 1759 2212 Terentius

101 2226 193 2262 Eun.
220 2229 292 2263 801
316 2228 446 2264 faciam
478 2232 519 2265 ut
548 2230 655 2265 huius
684 2231 755 2266 loci
780 2231 921 2276 dieique
944 2232 1009 2273 (sic
1033 2231 1155 2267 Bemb.
1184 2231 1283 2273 Call.)
1307 2232 1447 2276 meique
1473 2242 1613 2277 semper
1636 2233 1756 2267 memi-

97 2284 193 2319 neris
319 2287 379 2319 801
408 2286 526 2321 omitti
544 2291 667 2332 potest
688 2287 726 2321 in
751 2298 860 2322 cursu
885 2287 1066 2330 (Bothius)
1090 2289 1163 2322 sive
1188 2287 1363 2332 extemplo
1388 2286 1593 2334 (Pylacles);
1615 2289 1679 2323 sed
1700 2300 1759 2324 res

99 2350 122 2374 α
147 2344 220 2375 toto
243 2351 406 2378 sermone
429 2342 549 2377 aliena
656 2346 720 2378 806
746 2355 791 2379 ue
897 2345 1093 2390 impensiar
1126 2344 1155 2379 V
1162 2344 1234 2386 ¹E1,
1257 2344 1453 2389 impensior
1485 2344 1594 2386 V2E2,
1617 2345 1757 2390 impe—

101 2394 150 2429 Βι
285 2399 349 2432 807
374 2399 520 2444 scrophi
543 2400 645 2444 pasci
781 2400 933 2445 furfure,
958 2412 1052 2437 corr.
1079 2401 1257 2436 Luchsius
1281 2402 1317 2435 in
1343 2400 1583 2436 Studemundz‘
1606 2401 1700 2436 stud.
1724 2403 1756 2444 1,

100 2452 147 2486 56
156 2462 210 2498 sq.
303 2456 368 2490 809
385 2458 576 2501 scropham
667 2459 730 2492 811
749 2458 924 2493 editiones
1018 2461 1083 2493 814
1106 2458 1425 2503 quadrupedancia
1443 2457 1492 2492 Β1
1586 2460 1648 2493 815
1674 2459 1755 2493 sub-

97 2507 299 2545 balsieanos
332 2510 400 2546 VE
510 2512 629 2558 abegit
651 2513 767 2555 codd„
792 2514 913 2559 adegit
936 2514 1148 2550 Priscianus
1172 2516 1202 2556 1,
1229 2515 1272 2548 31
1296 2516 1464 2556 (testatur
1488 2514 1587 2555 odos)
1713 2513 1757 2549 de

98 2563 245 2600 basilica
269 2571 352 2601 ante
376 2566 545 2603 Porciam
571 2580 664 2615 quae
686 2569 804 2614 fuerit
827 2571 878 2615 cf.
903 2570 952 2605 ad
977 2570 1077 2606 Cure.
1104 2571 1180 2605 470
1192 2581 1266 2615 sq.,·
1296 2580 1368 2604 non
1395 2569 1598 2604 necessario
1624 2569 1756 2605 Roma-

97 2629 179 2654 nam
209 2621 365 2657 indicari
395 2623 483 2659 dicit
509 2624 710 2661 Huelsenus
739 2637 849 2661 roem.
879 2625 992 2661 mittit.
1017 2627 1132 2667 1894,
1163 2627 1262 2668 283,
1291 2626 1355 2661 sed
1379 2625 1481 2660 Cure.
1507 2625 1582 2660 472
1593 2636 1647 2670 sq.
1672 2626 1755 2661 item

97 2685 176 2710 oum
201 2677 288 2721 foro
314 2679 517 2724 piscatorio
550 2681 700 2717 basilica
723 2683 958 2728 com’unffl‘tur
1095 2685 1159 2717 816
1177 2693 1260 2726 ergo
1295 2681 1324 2716 V
1327 2681 1362 2716 E
1497 2683 1560 2716 818
1583 2681 1669 2717 lanu
1693 2681 1755 2726 B¹‚

95 2731 218 2768 lanum
250 2733 316 2768 VE
450 2739 514 2771 819
543 2738 656 2783 dupla
685 2737 854 2779 Rostius;
883 2737 1110 2773 desideratur
1140 2738 1281 2783 aliquid
1308 2737 1416 2783 quale
1439 2737 1616 2782 uetulam,
1645 2748 1751 2783 quam

97 2787 229 2824 dudum
253 2789 348 2826 caes-i
367 2803 438 2837 pro
464 2804 560 2839 aquo
586 2794 671 2829 dent
694 2805 797 2840 quem
822 2795 904 2840 quis
927 2794 1146 2829 caedendum
1171 2793 1389 2830 conduxerit
1412 2794 1475 2839 (cf.
1493 2793 1573 2828 Aul.
1592 2795 1678 2837 567)

98 2846 161 2880 820
185 2846 327 2882 uerueti

1415 2908 1483 2942 14*
