<?xml version="1.0" encoding="UTF-8"?>
<!DOCTYPE html PUBLIC "-//W3C//DTD XHTML 1.0 Transitional//EN"
    "http://www.w3.org/TR/xhtml1/DTD/xhtml1-transitional.dtd">
<html xmlns="http://www.w3.org/1999/xhtml" xml:lang="en" lang="en">
 <head>
  <title>
</title>
<meta http-equiv="Content-Type" content="text/html;charset=utf-8" />
  <meta name='ocr-system' content='tesseract 3.04.00' />
  <meta name='ocr-capabilities' content='ocr_page ocr_carea ocr_par ocr_line ocrx_word'/>
</head>
<body>
  <div class='ocr_page' id='page_1' title='image "./comoediaerecensu01plauuoft_0380.png"; bbox 0 0 2018 3183; ppageno 0'>
   <div class='ocr_carea' id='block_1_1' title="bbox 229 61 1896 101">
    <p class='ocr_par' dir='ltr' id='par_1_1' title="bbox 229 61 1896 101">
     <span class='ocr_line' id='line_1_1' title="bbox 229 61 1896 101; baseline -0.007 -1"><span class='ocrx_word' id='word_1_1' title='bbox 229 62 311 101; x_wconf 88' lang='lat'>368</span> <span class='ocrx_word' id='word_1_2' title='bbox 964 61 1146 98; x_wconf 86' lang='lat' dir='ltr'>PLAVTI</span> <span class='ocrx_word' id='word_1_3' title='bbox 1673 62 1717 90; x_wconf 81' lang='lat' dir='ltr'>lv</span> <span class='ocrx_word' id='word_1_4' title='bbox 1733 63 1761 95; x_wconf 87' lang='lat'>1.</span> <span class='ocrx_word' id='word_1_5' title='bbox 1773 62 1868 97; x_wconf 83' lang='lat'>23—2,</span> <span class='ocrx_word' id='word_1_6' title='bbox 1881 63 1896 90; x_wconf 85' lang='lat'>1</span> 
     </span>
    </p>
   </div>
   <div class='ocr_carea' id='block_1_2' title="bbox 229 175 1964 433">
    <p class='ocr_par' dir='ltr' id='par_1_2' title="bbox 229 175 1964 363">
     <span class='ocr_line' id='line_1_2' title="bbox 233 175 1964 230; baseline -0.001 -12"><span class='ocrx_word' id='word_1_7' title='bbox 233 179 349 218; x_wconf 89' lang='lat' dir='ltr'>novin</span> <span class='ocrx_word' id='word_1_8' title='bbox 382 191 453 230; x_wconf 84' lang='lat' dir='ltr'>ego</span> <span class='ocrx_word' id='word_1_9' title='bbox 485 175 553 217; x_wconf 85' lang='lat' dir='ltr'>te?</span> <span class='ocrx_word' id='word_1_10' title='bbox 611 177 734 216; x_wconf 70' lang='lat' dir='ltr'>PmL.</span> <span class='ocrx_word' id='word_1_11' title='bbox 775 176 815 215; x_wconf 90' lang='lat' dir='ltr'>Si</span> <span class='ocrx_word' id='word_1_12' title='bbox 846 187 917 227; x_wconf 85' lang='lat' dir='ltr'>ego</span> <span class='ocrx_word' id='word_1_13' title='bbox 949 182 987 215; x_wconf 87' lang='lat' dir='ltr'>te</span> <span class='ocrx_word' id='word_1_14' title='bbox 1019 176 1122 224; x_wconf 89' lang='lat' dir='ltr'>novi,</span> <span class='ocrx_word' id='word_1_15' title='bbox 1152 177 1327 216; x_wconf 90' lang='lat' dir='ltr'>animum</span> <span class='ocrx_word' id='word_1_16' title='bbox 1349 176 1545 225; x_wconf 86' lang='lat' dir='ltr'>inducam,</span> <span class='ocrx_word' id='word_1_17' title='bbox 1576 183 1621 216; x_wconf 88' lang='lat' dir='ltr'>ut</span> <span class='ocrx_word' id='word_1_18' title='bbox 1649 182 1692 216; x_wconf 88' lang='lat' dir='ltr'>tu</span> <span class='ocrx_word' id='word_1_19' title='bbox 1723 177 1890 217; x_wconf 90' lang='lat' dir='ltr'>noveris.</span> <span class='ocrx_word' id='word_1_20' title='bbox 1906 185 1964 217; x_wconf 80' lang='lat'>550</span> 
     </span>
     <span class='ocr_line' id='line_1_3' title="bbox 229 242 1894 295; baseline -0.002 -9"><span class='ocrx_word' id='word_1_21' title='bbox 229 246 334 286; x_wconf 79' lang='lat' dir='ltr'><strong>PER.</strong></span> <span class='ocrx_word' id='word_1_22' title='bbox 354 245 427 285; x_wconf 93' lang='lat' dir='ltr'>Vbi</span> <span class='ocrx_word' id='word_1_23' title='bbox 444 252 481 284; x_wconf 88' lang='lat' dir='ltr'>te</span> <span class='ocrx_word' id='word_1_24' title='bbox 498 243 671 284; x_wconf 82' lang='lat' dir='ltr'>visitavi?</span> <span class='ocrx_word' id='word_1_25' title='bbox 715 244 837 284; x_wconf 77' lang='lat' dir='ltr'>PmL.</span> <span class='ocrx_word' id='word_1_26' title='bbox 861 243 998 295; x_wconf 88' lang='lat' dir='ltr'>Inique</span> <span class='ocrx_word' id='word_1_27' title='bbox 1015 243 1206 284; x_wconf 85' lang='lat' dir='ltr'>iniuriu’s.</span> <span class='ocrx_word' id='word_1_28' title='bbox 1250 244 1354 284; x_wconf 80' lang='lat' dir='ltr'><strong>PER.</strong></span> <span class='ocrx_word' id='word_1_29' title='bbox 1377 243 1477 290; x_wconf 86' lang='lat' dir='ltr'>Quid</span> <span class='ocrx_word' id='word_1_30' title='bbox 1493 242 1597 283; x_wconf 86' lang='lat' dir='ltr'>iam?</span> <span class='ocrx_word' id='word_1_31' title='bbox 1641 244 1764 285; x_wconf 77' lang='lat' dir='ltr'>PmL.</span> <span class='ocrx_word' id='word_1_32' title='bbox 1796 243 1894 290; x_wconf 86' lang='lat' dir='ltr'>Quia</span> 
     </span>
     <span class='ocr_line' id='line_1_4' title="bbox 229 311 1735 363; baseline -0.001 -10"><span class='ocrx_word' id='word_1_33' title='bbox 229 320 319 353; x_wconf 89' lang='lat' dir='ltr'>tuae</span> <span class='ocrx_word' id='word_1_34' title='bbox 350 313 560 352; x_wconf 78' lang='lat' dir='ltr'>memoriae</span> <span class='ocrx_word' id='word_1_35' title='bbox 591 311 842 363; x_wconf 88' lang='lat' dir='ltr'>interpretari</span> <span class='ocrx_word' id='word_1_36' title='bbox 872 323 935 350; x_wconf 86' lang='lat' dir='ltr'>me</span> <span class='ocrx_word' id='word_1_37' title='bbox 965 323 1133 363; x_wconf 88' lang='lat' dir='ltr'>aequom</span> <span class='ocrx_word' id='word_1_38' title='bbox 1163 323 1312 351; x_wconf 82' lang='lat' dir='ltr'><strong>censes.</strong></span> <span class='ocrx_word' id='word_1_39' title='bbox 1370 311 1473 352; x_wconf 79' lang='lat' dir='ltr'><strong>PER.</strong></span> <span class='ocrx_word' id='word_1_40' title='bbox 1525 311 1735 352; x_wconf 85' lang='lat' dir='ltr'>Commode</span> 
     </span>
    </p>

    <p class='ocr_par' dir='ltr' id='par_1_3' title="bbox 230 376 1894 433">
     <span class='ocr_line' id='line_1_5' title="bbox 230 376 1894 433; baseline -0.001 -13"><span class='ocrx_word' id='word_1_41' title='bbox 230 381 397 420; x_wconf 83' lang='lat' dir='ltr'>fabulata</span> <span class='ocrx_word' id='word_1_42' title='bbox 415 393 468 420; x_wconf 90' lang='lat' dir='ltr'>es.</span> <span class='ocrx_word' id='word_1_43' title='bbox 510 380 588 420; x_wconf 83' lang='grc' dir='ltr'>ΡΗ.</span> <span class='ocrx_word' id='word_1_44' title='bbox 608 380 702 419; x_wconf 87' lang='lat' dir='ltr'>Mira</span> <span class='ocrx_word' id='word_1_45' title='bbox 720 391 926 418; x_wconf 88' lang='lat' dir='ltr'>memoras.</span> <span class='ocrx_word' id='word_1_46' title='bbox 975 376 1042 430; x_wconf 92' lang='grc' dir='ltr'>&lt;Ρ.</span> <span class='ocrx_word' id='word_1_47' title='bbox 1065 379 1120 418; x_wconf 90' lang='lat' dir='ltr'>Te</span> <span class='ocrx_word' id='word_1_48' title='bbox 1137 376 1324 433; x_wconf 84' lang='lat' dir='ltr'>memini&gt;</span> <span class='ocrx_word' id='word_1_49' title='bbox 1340 402 1395 408; x_wconf 94' lang='lat'>—</span> <span class='ocrx_word' id='word_1_50' title='bbox 1424 379 1502 420; x_wconf 83' lang='grc' dir='ltr'>ΡΗ.</span> <span class='ocrx_word' id='word_1_51' title='bbox 1532 379 1604 418; x_wconf 90' lang='lat' dir='ltr'>Em</span> <span class='ocrx_word' id='word_1_52' title='bbox 1622 380 1721 419; x_wconf 86' lang='lat' dir='ltr'>istuc</span> <span class='ocrx_word' id='word_1_53' title='bbox 1737 379 1894 420; x_wconf 88' lang='lat' dir='ltr'>rectius.</span> 
     </span>
    </p>
   </div>
   <div class='ocr_carea' id='block_1_3' title="bbox 229 446 1966 637">
    <p class='ocr_par' dir='ltr' id='par_1_4' title="bbox 229 446 1966 637">
     <span class='ocr_line' id='line_1_6' title="bbox 229 446 1895 500; baseline 0 -12"><span class='ocrx_word' id='word_1_54' title='bbox 229 450 274 490; x_wconf 90' lang='lat' dir='ltr'>P.</span> <span class='ocrx_word' id='word_1_55' title='bbox 314 448 554 488; x_wconf 80' lang='lat' dir='ltr'>Meministin</span> <span class='ocrx_word' id='word_1_56' title='bbox 579 472 634 477; x_wconf 97' lang='lat'><strong>—</strong></span> <span class='ocrx_word' id='word_1_57' title='bbox 691 447 769 488; x_wconf 83' lang='grc' dir='ltr'>ΡΗ.</span> <span class='ocrx_word' id='word_1_58' title='bbox 811 446 971 486; x_wconf 90' lang='lat' dir='ltr'>Memini</span> <span class='ocrx_word' id='word_1_59' title='bbox 994 447 1029 487; x_wconf 87' lang='lat' dir='ltr'>id</span> <span class='ocrx_word' id='word_1_60' title='bbox 1048 447 1151 498; x_wconf 91' lang='lat' dir='ltr'>quod</span> <span class='ocrx_word' id='word_1_61' title='bbox 1170 447 1342 487; x_wconf 88' lang='lat' dir='ltr'>memini.</span> <span class='ocrx_word' id='word_1_62' title='bbox 1402 447 1447 488; x_wconf 91' lang='lat' dir='ltr'>P.</span> <span class='ocrx_word' id='word_1_63' title='bbox 1496 448 1546 486; x_wconf 85' lang='lat' dir='ltr'>At</span> <span class='ocrx_word' id='word_1_64' title='bbox 1565 448 1605 487; x_wconf 92' lang='lat' dir='ltr'>in</span> <span class='ocrx_word' id='word_1_65' title='bbox 1628 448 1895 500; x_wconf 86' lang='lat' dir='ltr'>Epidauro—</span> 
     </span>
     <span class='ocr_line' id='line_1_7' title="bbox 1243 515 1625 567; baseline -0.003 -12"><span class='ocrx_word' id='word_1_66' title='bbox 1243 515 1322 555; x_wconf 85' lang='grc' dir='ltr'>ΡΗ.</span> <span class='ocrx_word' id='word_1_67' title='bbox 1372 516 1443 562; x_wconf 83' lang='lat' dir='ltr'>Ab,</span> <span class='ocrx_word' id='word_1_68' title='bbox 1475 515 1625 567; x_wconf 88' lang='lat' dir='ltr'>guttula</span> 
     </span>
     <span class='ocr_line' id='line_1_8' title="bbox 230 583 1966 637; baseline -0.001 -13"><span class='ocrx_word' id='word_1_69' title='bbox 230 591 368 637; x_wconf 89' lang='lat' dir='ltr'>pectus</span> <span class='ocrx_word' id='word_1_70' title='bbox 399 584 541 624; x_wconf 89' lang='lat' dir='ltr'>ardens</span> <span class='ocrx_word' id='word_1_71' title='bbox 572 584 625 623; x_wconf 91' lang='lat' dir='ltr'>mi</span> <span class='ocrx_word' id='word_1_72' title='bbox 655 584 864 636; x_wconf 82' lang='lat' dir='ltr'>aspersisti.</span> <span class='ocrx_word' id='word_1_73' title='bbox 924 583 1030 623; x_wconf 70' lang='lat' dir='ltr'><strong>PER.</strong></span> <span class='ocrx_word' id='word_1_74' title='bbox 1082 583 1232 636; x_wconf 82' lang='lat' dir='ltr'>Virgini</span> <span class='ocrx_word' id='word_1_75' title='bbox 1262 583 1537 635; x_wconf 81' lang='lat' dir='ltr'>pauperculae,</span> <span class='ocrx_word' id='word_1_76' title='bbox 1908 590 1966 622; x_wconf 84' lang='lat'>555</span> 
     </span>
    </p>
   </div>
   <div class='ocr_carea' id='block_1_4' title="bbox 229 650 2013 1588">
    <p class='ocr_par' dir='ltr' id='par_1_5' title="bbox 231 650 1596 705">
     <span class='ocr_line' id='line_1_9' title="bbox 231 650 1596 705; baseline -0.002 -12"><span class='ocrx_word' id='word_1_77' title='bbox 231 661 398 704; x_wconf 89' lang='lat' dir='ltr'>tuaeque</span> <span class='ocrx_word' id='word_1_78' title='bbox 429 653 544 692; x_wconf 88' lang='lat' dir='ltr'>matri</span> <span class='ocrx_word' id='word_1_79' title='bbox 576 664 638 692; x_wconf 89' lang='lat' dir='ltr'>me</span> <span class='ocrx_word' id='word_1_80' title='bbox 669 652 795 691; x_wconf 90' lang='lat' dir='ltr'>levare</span> <span class='ocrx_word' id='word_1_81' title='bbox 826 650 1127 705; x_wconf 83' lang='lat' dir='ltr'>paupertatem?</span> <span class='ocrx_word' id='word_1_82' title='bbox 1185 652 1308 692; x_wconf 83' lang='lat' dir='ltr'>PmL.</span> <span class='ocrx_word' id='word_1_83' title='bbox 1359 652 1447 691; x_wconf 86' lang='lat' dir='ltr'>Tun</span> <span class='ocrx_word' id='word_1_84' title='bbox 1480 651 1512 691; x_wconf 89' lang='lat' dir='ltr'>is</span> <span class='ocrx_word' id='word_1_85' title='bbox 1543 663 1596 699; x_wconf 91' lang='lat' dir='ltr'>es,</span> 
     </span>
    </p>

    <p class='ocr_par' dir='ltr' id='par_1_6' title="bbox 232 716 1655 773">
     <span class='ocr_line' id='line_1_10' title="bbox 232 716 1655 773; baseline -0.001 -14"><span class='ocrx_word' id='word_1_86' title='bbox 232 721 298 772; x_wconf 87' lang='lat' dir='ltr'>qui</span> <span class='ocrx_word' id='word_1_87' title='bbox 328 733 400 773; x_wconf 91' lang='lat' dir='ltr'>per</span> <span class='ocrx_word' id='word_1_88' title='bbox 429 720 668 773; x_wconf 87' lang='lat' dir='ltr'>voluptatem</span> <span class='ocrx_word' id='word_1_89' title='bbox 698 726 803 760; x_wconf 88' lang='lat' dir='ltr'>tuam</span> <span class='ocrx_word' id='word_1_90' title='bbox 834 720 874 759; x_wconf 94' lang='lat' dir='ltr'>in</span> <span class='ocrx_word' id='word_1_91' title='bbox 907 733 969 759; x_wconf 90' lang='lat' dir='ltr'>me</span> <span class='ocrx_word' id='word_1_92' title='bbox 1000 732 1227 759; x_wconf 80' lang='lat' dir='ltr'>aerumnam</span> <span class='ocrx_word' id='word_1_93' title='bbox 1259 720 1440 760; x_wconf 84' lang='lat' dir='ltr'>obsevisti</span> <span class='ocrx_word' id='word_1_94' title='bbox 1472 716 1655 772; x_wconf 86' lang='lat' dir='ltr'>gravem?</span> 
     </span>
    </p>

    <p class='ocr_par' dir='ltr' id='par_1_7' title="bbox 229 785 2013 1181">
     <span class='ocr_line' id='line_1_11' title="bbox 229 785 1897 841; baseline -0.002 -12"><span class='ocrx_word' id='word_1_95' title='bbox 229 789 332 830; x_wconf 78' lang='lat' dir='ltr'><strong>PER.</strong></span> <span class='ocrx_word' id='word_1_96' title='bbox 383 789 465 841; x_wconf 85' lang='lat' dir='ltr'>Ego</span> <span class='ocrx_word' id='word_1_97' title='bbox 503 801 603 829; x_wconf 87' lang='lat' dir='ltr'>sum.</span> <span class='ocrx_word' id='word_1_98' title='bbox 634 789 747 829; x_wconf 89' lang='lat' dir='ltr'>salve.</span> <span class='ocrx_word' id='word_1_99' title='bbox 805 789 929 829; x_wconf 72' lang='lat' dir='ltr'><strong>PfflL.</strong></span> <span class='ocrx_word' id='word_1_100' title='bbox 980 788 1090 828; x_wconf 84' lang='lat' dir='ltr'>Salva</span> <span class='ocrx_word' id='word_1_101' title='bbox 1121 801 1228 837; x_wconf 91' lang='lat' dir='ltr'>sum,</span> <span class='ocrx_word' id='word_1_102' title='bbox 1268 789 1358 840; x_wconf 91' lang='lat' dir='ltr'>quia</span> <span class='ocrx_word' id='word_1_103' title='bbox 1388 794 1426 828; x_wconf 87' lang='lat' dir='ltr'>te</span> <span class='ocrx_word' id='word_1_104' title='bbox 1467 800 1551 828; x_wconf 86' lang='lat' dir='ltr'>esse</span> <span class='ocrx_word' id='word_1_105' title='bbox 1581 787 1725 827; x_wconf 88' lang='lat' dir='ltr'>salvom</span> <span class='ocrx_word' id='word_1_106' title='bbox 1756 785 1897 826; x_wconf 86' lang='lat' dir='ltr'>sentio.</span> 
     </span>
     <span class='ocr_line' id='line_1_12' title="bbox 229 856 1897 909; baseline -0.002 -13"><span class='ocrx_word' id='word_1_107' title='bbox 229 857 332 898; x_wconf 72' lang='lat' dir='ltr'><strong>PER.</strong></span> <span class='ocrx_word' id='word_1_108' title='bbox 365 857 467 897; x_wconf 87' lang='lat' dir='ltr'>Cedo</span> <span class='ocrx_word' id='word_1_109' title='bbox 484 869 658 897; x_wconf 90' lang='lat' dir='ltr'>manum.</span> <span class='ocrx_word' id='word_1_110' title='bbox 703 857 826 897; x_wconf 72' lang='lat' dir='ltr'>PmL.</span> <span class='ocrx_word' id='word_1_111' title='bbox 862 857 1018 909; x_wconf 82' lang='lat' dir='ltr'>Accipe.</span> <span class='ocrx_word' id='word_1_112' title='bbox 1064 869 1338 897; x_wconf 83' lang='lat' dir='ltr'>aerumnosam</span> <span class='ocrx_word' id='word_1_113' title='bbox 1362 862 1401 896; x_wconf 88' lang='lat' dir='ltr'>et</span> <span class='ocrx_word' id='word_1_114' title='bbox 1415 856 1660 896; x_wconf 84' lang='lat' dir='ltr'>miseriarum</span> <span class='ocrx_word' id='word_1_115' title='bbox 1676 859 1897 906; x_wconf 81' lang='lat' dir='ltr'>compotem</span> 
     </span>
     <span class='ocr_line' id='line_1_13' title="bbox 230 920 1968 976; baseline -0.002 -12"><span class='ocrx_word' id='word_1_116' title='bbox 230 926 434 965; x_wconf 87' lang='lat' dir='ltr'>mulierem</span> <span class='ocrx_word' id='word_1_117' title='bbox 465 925 625 965; x_wconf 89' lang='lat' dir='ltr'>retines.</span> <span class='ocrx_word' id='word_1_118' title='bbox 684 925 787 965; x_wconf 73' lang='lat' dir='ltr'><strong>PER.</strong></span> <span class='ocrx_word' id='word_1_119' title='bbox 838 925 939 971; x_wconf 88' lang='lat' dir='ltr'>Quid</span> <span class='ocrx_word' id='word_1_120' title='bbox 972 930 1030 964; x_wconf 88' lang='lat' dir='ltr'>est</span> <span class='ocrx_word' id='word_1_121' title='bbox 1060 925 1165 976; x_wconf 90' lang='lat' dir='ltr'>quod</span> <span class='ocrx_word' id='word_1_122' title='bbox 1195 925 1322 964; x_wconf 91' lang='lat' dir='ltr'>voltus</span> <span class='ocrx_word' id='word_1_123' title='bbox 1351 924 1550 964; x_wconf 84' lang='lat' dir='ltr'>turbatust</span> <span class='ocrx_word' id='word_1_124' title='bbox 1578 920 1695 963; x_wconf 80' lang='lat' dir='ltr'>tuos?</span> <span class='ocrx_word' id='word_1_125' title='bbox 1911 928 1968 961; x_wconf 81' lang='lat'>560</span> 
     </span>
     <span class='ocr_line' id='line_1_14' title="bbox 229 982 2013 1045; baseline -0.003 -12"><span class='ocrx_word' id='word_1_126' title='bbox 229 994 353 1035; x_wconf 76' lang='lat' dir='ltr'>PmL.</span> <span class='ocrx_word' id='word_1_127' title='bbox 374 993 509 1033; x_wconf 89' lang='lat' dir='ltr'>Filiam</span> <span class='ocrx_word' id='word_1_128' title='bbox 522 1006 640 1045; x_wconf 90' lang='lat' dir='ltr'>quam</span> <span class='ocrx_word' id='word_1_129' title='bbox 651 1005 698 1032; x_wconf 82' lang='lat' dir='ltr'>ex</span> <span class='ocrx_word' id='word_1_130' title='bbox 714 1000 751 1032; x_wconf 88' lang='lat' dir='ltr'>te</span> <span class='ocrx_word' id='word_1_131' title='bbox 762 993 980 1044; x_wconf 89' lang='lat' dir='ltr'>suscepi—</span> <span class='ocrx_word' id='word_1_132' title='bbox 1010 993 1114 1034; x_wconf 78' lang='lat' dir='ltr'><strong>PER.</strong></span> <span class='ocrx_word' id='word_1_133' title='bbox 1137 992 1235 1038; x_wconf 90' lang='lat' dir='ltr'>Quid</span> <span class='ocrx_word' id='word_1_134' title='bbox 1248 991 1361 1032; x_wconf 87' lang='lat' dir='ltr'>eam?</span> <span class='ocrx_word' id='word_1_135' title='bbox 1390 993 1514 1033; x_wconf 80' lang='lat' dir='ltr'><strong>PHIL.</strong></span> <span class='ocrx_word' id='word_1_136' title='bbox 1535 988 1897 1042; x_wconf 84' lang='lat' dir='ltr'>Eductamperdidi.</span> <span class='ocrx_word' id='word_1_137' title='bbox 2003 982 2013 986; x_wconf 58' lang='grc'>“’</span> 
     </span>
     <span class='ocr_line' id='line_1_15' title="bbox 230 1058 1897 1114; baseline -0.003 -13"><span class='ocrx_word' id='word_1_138' title='bbox 230 1063 400 1102; x_wconf 89' lang='lat' dir='ltr'>hostium</span> <span class='ocrx_word' id='word_1_139' title='bbox 434 1069 492 1102; x_wconf 89' lang='lat' dir='ltr'>est</span> <span class='ocrx_word' id='word_1_140' title='bbox 521 1061 659 1114; x_wconf 86' lang='lat' dir='ltr'>potita.</span> <span class='ocrx_word' id='word_1_141' title='bbox 718 1061 821 1102; x_wconf 79' lang='lat' dir='ltr'><strong>PER.</strong></span> <span class='ocrx_word' id='word_1_142' title='bbox 875 1060 982 1100; x_wconf 83' lang='lat' dir='ltr'>Habe</span> <span class='ocrx_word' id='word_1_143' title='bbox 1023 1061 1195 1101; x_wconf 90' lang='lat' dir='ltr'>animum</span> <span class='ocrx_word' id='word_1_144' title='bbox 1235 1061 1363 1100; x_wconf 89' lang='lat' dir='ltr'>lenem</span> <span class='ocrx_word' id='word_1_145' title='bbox 1395 1066 1434 1100; x_wconf 89' lang='lat' dir='ltr'>et</span> <span class='ocrx_word' id='word_1_146' title='bbox 1471 1058 1741 1111; x_wconf 73' lang='lat' dir='ltr'>tranquillum,</span> <span class='ocrx_word' id='word_1_147' title='bbox 1801 1063 1897 1097; x_wconf 87' lang='lat' dir='ltr'>tace.</span> 
     </span>
     <span class='ocr_line' id='line_1_16' title="bbox 232 1127 1728 1181; baseline -0.002 -12"><span class='ocrx_word' id='word_1_148' title='bbox 232 1129 337 1169; x_wconf 92' lang='lat' dir='ltr'>domi</span> <span class='ocrx_word' id='word_1_149' title='bbox 368 1142 477 1169; x_wconf 91' lang='lat' dir='ltr'>meae</span> <span class='ocrx_word' id='word_1_150' title='bbox 508 1141 640 1169; x_wconf 88' lang='lat' dir='ltr'>eccam</span> <span class='ocrx_word' id='word_1_151' title='bbox 670 1129 813 1169; x_wconf 87' lang='lat' dir='ltr'>salvam</span> <span class='ocrx_word' id='word_1_152' title='bbox 844 1135 882 1168; x_wconf 88' lang='lat' dir='ltr'>et</span> <span class='ocrx_word' id='word_1_153' title='bbox 913 1141 1060 1169; x_wconf 87' lang='lat' dir='ltr'>sanam.</span> <span class='ocrx_word' id='word_1_154' title='bbox 1121 1141 1210 1168; x_wconf 92' lang='lat' dir='ltr'>nam</span> <span class='ocrx_word' id='word_1_155' title='bbox 1242 1136 1450 1181; x_wconf 88' lang='lat' dir='ltr'>postquam</span> <span class='ocrx_word' id='word_1_156' title='bbox 1481 1127 1609 1168; x_wconf 80' lang='lat' dir='ltr'>audivi</span> <span class='ocrx_word' id='word_1_157' title='bbox 1639 1127 1728 1166; x_wconf 91' lang='lat' dir='ltr'>ilico</span> 
     </span>
    </p>

    <p class='ocr_par' dir='ltr' id='par_1_8' title="bbox 232 1196 1590 1249">
     <span class='ocr_line' id='line_1_17' title="bbox 232 1196 1590 1249; baseline -0.001 -12"><span class='ocrx_word' id='word_1_158' title='bbox 232 1210 276 1237; x_wconf 81' lang='lat' dir='ltr'>ex</span> <span class='ocrx_word' id='word_1_159' title='bbox 308 1210 396 1237; x_wconf 91' lang='lat' dir='ltr'>meo</span> <span class='ocrx_word' id='word_1_160' title='bbox 427 1210 553 1245; x_wconf 83' lang='lat' dir='ltr'>servo,</span> <span class='ocrx_word' id='word_1_161' title='bbox 584 1197 688 1237; x_wconf 81' lang='lat' dir='ltr'>illam</span> <span class='ocrx_word' id='word_1_162' title='bbox 719 1209 805 1237; x_wconf 89' lang='lat' dir='ltr'>esse</span> <span class='ocrx_word' id='word_1_163' title='bbox 835 1204 999 1249; x_wconf 90' lang='lat' dir='ltr'>captam,</span> <span class='ocrx_word' id='word_1_164' title='bbox 1032 1198 1222 1237; x_wconf 88' lang='lat' dir='ltr'>continuo</span> <span class='ocrx_word' id='word_1_165' title='bbox 1254 1203 1460 1249; x_wconf 84' lang='lat' dir='ltr'>argentum</span> <span class='ocrx_word' id='word_1_166' title='bbox 1491 1196 1590 1243; x_wconf 91' lang='lat' dir='ltr'>dedi,</span> 
     </span>
    </p>

    <p class='ocr_par' dir='ltr' id='par_1_9' title="bbox 230 1259 2006 1387">
     <span class='ocr_line' id='line_1_18' title="bbox 231 1259 2006 1316; baseline 0 -11"><span class='ocrx_word' id='word_1_167' title='bbox 231 1272 273 1305; x_wconf 87' lang='lat' dir='ltr'>ut</span> <span class='ocrx_word' id='word_1_168' title='bbox 305 1271 514 1305; x_wconf 88' lang='lat' dir='ltr'>emeretur.</span> <span class='ocrx_word' id='word_1_169' title='bbox 574 1265 638 1304; x_wconf 90' lang='lat' dir='ltr'>ille</span> <span class='ocrx_word' id='word_1_170' title='bbox 670 1277 752 1304; x_wconf 91' lang='lat' dir='ltr'>eam</span> <span class='ocrx_word' id='word_1_171' title='bbox 784 1277 867 1305; x_wconf 89' lang='lat' dir='ltr'>rem</span> <span class='ocrx_word' id='word_1_172' title='bbox 898 1265 994 1305; x_wconf 76' lang='lat' dir='ltr'>adeo</span> <span class='ocrx_word' id='word_1_173' title='bbox 1025 1265 1155 1305; x_wconf 84' lang='lat' dir='ltr'>sobrie</span> <span class='ocrx_word' id='word_1_174' title='bbox 1186 1272 1225 1304; x_wconf 89' lang='lat' dir='ltr'>et</span> <span class='ocrx_word' id='word_1_175' title='bbox 1253 1264 1458 1316; x_wconf 84' lang='lat' dir='ltr'>frugaliter</span> <span class='ocrx_word' id='word_1_176' title='bbox 1911 1267 1968 1300; x_wconf 82' lang='grc'>565</span> <span class='ocrx_word' id='word_1_177' title='bbox 1997 1259 2006 1305; x_wconf 53' lang='lat' dir='ltr'>s</span> 
     </span>
     <span class='ocr_line' id='line_1_19' title="bbox 230 1330 1431 1387; baseline -0.002 -14"><span class='ocrx_word' id='word_1_178' title='bbox 230 1333 438 1381; x_wconf 81' lang='lat' dir='ltr'>accuravit,</span> <span class='ocrx_word' id='word_1_179' title='bbox 470 1330 602 1387; x_wconf 83' lang='lat' dir='ltr'>ut(ut&gt;</span> <span class='ocrx_word' id='word_1_180' title='bbox 633 1333 679 1372; x_wconf 92' lang='lat' dir='ltr'>ad</span> <span class='ocrx_word' id='word_1_181' title='bbox 711 1333 804 1372; x_wconf 90' lang='lat' dir='ltr'>alias</span> <span class='ocrx_word' id='word_1_182' title='bbox 833 1345 897 1373; x_wconf 91' lang='lat' dir='ltr'>res</span> <span class='ocrx_word' id='word_1_183' title='bbox 928 1339 987 1372; x_wconf 89' lang='lat' dir='ltr'>est</span> <span class='ocrx_word' id='word_1_184' title='bbox 1016 1333 1194 1385; x_wconf 89' lang='lat' dir='ltr'>impense</span> <span class='ocrx_word' id='word_1_185' title='bbox 1224 1331 1431 1385; x_wconf 87' lang='lat' dir='ltr'>inprobus.</span> 
     </span>
    </p>

    <p class='ocr_par' dir='ltr' id='par_1_10' title="bbox 232 1397 1897 1521">
     <span class='ocr_line' id='line_1_20' title="bbox 232 1397 1897 1455; baseline -0.003 -14"><span class='ocrx_word' id='word_1_186' title='bbox 232 1402 354 1442; x_wconf 75' lang='lat' dir='ltr'>PmL.</span> <span class='ocrx_word' id='word_1_187' title='bbox 386 1401 462 1441; x_wconf 90' lang='lat' dir='ltr'>Fac</span> <span class='ocrx_word' id='word_1_188' title='bbox 476 1401 638 1447; x_wconf 86' lang='lat' dir='ltr'>videam,</span> <span class='ocrx_word' id='word_1_189' title='bbox 665 1401 696 1440; x_wconf 89' lang='lat' dir='ltr'>si</span> <span class='ocrx_word' id='word_1_190' title='bbox 717 1413 813 1449; x_wconf 85' lang='lat' dir='ltr'>mea,</span> <span class='ocrx_word' id='word_1_191' title='bbox 836 1401 869 1441; x_wconf 92' lang='lat' dir='ltr'>si</span> <span class='ocrx_word' id='word_1_192' title='bbox 885 1401 985 1440; x_wconf 89' lang='lat' dir='ltr'>salva</span> <span class='ocrx_word' id='word_1_193' title='bbox 1007 1397 1124 1454; x_wconf 85' lang='lat' dir='ltr'>&lt;mihi</span> <span class='ocrx_word' id='word_1_194' title='bbox 1146 1398 1230 1455; x_wconf 78' lang='lat' dir='ltr'>sit).</span> <span class='ocrx_word' id='word_1_195' title='bbox 1291 1401 1366 1441; x_wconf 82' lang='lat' dir='ltr'>PE.</span> <span class='ocrx_word' id='word_1_196' title='bbox 1406 1399 1503 1446; x_wconf 89' lang='lat' dir='ltr'>Eho,</span> <span class='ocrx_word' id='word_1_197' title='bbox 1534 1399 1662 1448; x_wconf 84' lang='lat' dir='ltr'>istinc,</span> <span class='ocrx_word' id='word_1_198' title='bbox 1693 1397 1897 1444; x_wconf 87' lang='lat' dir='ltr'>Canthara,</span> 
     </span>
     <span class='ocr_line' id='line_1_21' title="bbox 232 1468 1464 1521; baseline -0.001 -12"><span class='ocrx_word' id='word_1_199' title='bbox 232 1469 324 1509; x_wconf 87' lang='lat' dir='ltr'>iube</span> <span class='ocrx_word' id='word_1_200' title='bbox 354 1469 589 1509; x_wconf 89' lang='lat' dir='ltr'>Telestidem</span> <span class='ocrx_word' id='word_1_201' title='bbox 620 1469 697 1508; x_wconf 89' lang='lat' dir='ltr'>huc</span> <span class='ocrx_word' id='word_1_202' title='bbox 727 1468 885 1521; x_wconf 89' lang='lat' dir='ltr'>prodire</span> <span class='ocrx_word' id='word_1_203' title='bbox 915 1468 1032 1507; x_wconf 85' lang='lat' dir='ltr'>filiam</span> <span class='ocrx_word' id='word_1_204' title='bbox 1063 1474 1153 1508; x_wconf 87' lang='lat' dir='ltr'>ante</span> <span class='ocrx_word' id='word_1_205' title='bbox 1184 1468 1292 1508; x_wconf 86' lang='lat' dir='ltr'>aedis</span> <span class='ocrx_word' id='word_1_206' title='bbox 1323 1480 1464 1515; x_wconf 86' lang='lat' dir='ltr'>meam,</span> 
     </span>
    </p>

    <p class='ocr_par' dir='ltr' id='par_1_11' title="bbox 232 1533 1897 1588">
     <span class='ocr_line' id='line_1_22' title="bbox 232 1533 1897 1588; baseline -0.004 -10"><span class='ocrx_word' id='word_1_207' title='bbox 232 1544 276 1578; x_wconf 84' lang='lat' dir='ltr'>ut</span> <span class='ocrx_word' id='word_1_208' title='bbox 314 1550 422 1579; x_wconf 90' lang='lat' dir='ltr'>suam</span> <span class='ocrx_word' id='word_1_209' title='bbox 455 1537 581 1577; x_wconf 82' lang='lat' dir='ltr'>videat</span> <span class='ocrx_word' id='word_1_210' title='bbox 619 1543 796 1577; x_wconf 87' lang='lat' dir='ltr'>matrem.</span> <span class='ocrx_word' id='word_1_211' title='bbox 855 1537 978 1577; x_wconf 65' lang='lat' dir='ltr'>Pmn.</span> <span class='ocrx_word' id='word_1_212' title='bbox 1029 1537 1229 1588; x_wconf 85' lang='lat' dir='ltr'>Remigrat</span> <span class='ocrx_word' id='word_1_213' title='bbox 1258 1538 1411 1577; x_wconf 90' lang='lat' dir='ltr'>animus</span> <span class='ocrx_word' id='word_1_214' title='bbox 1451 1548 1558 1576; x_wconf 89' lang='lat' dir='ltr'>nunc</span> <span class='ocrx_word' id='word_1_215' title='bbox 1597 1535 1753 1575; x_wconf 89' lang='lat' dir='ltr'>demum</span> <span class='ocrx_word' id='word_1_216' title='bbox 1790 1533 1897 1572; x_wconf 82' lang='lat' dir='ltr'>mihi.</span> 
     </span>
    </p>
   </div>
   <div class='ocr_carea' id='block_1_5' title="bbox 234 1623 1970 1748">
    <p class='ocr_par' dir='ltr' id='par_1_12' title="bbox 234 1623 1970 1748">
     <span class='ocr_line' id='line_1_23' title="bbox 815 1623 1898 1669; baseline 0.007 -3"><span class='ocrx_word' id='word_1_217' title='bbox 815 1645 818 1648; x_wconf 88' lang='lat'>-</span> <span class='ocrx_word' id='word_1_218' title='bbox 866 1627 1274 1669; x_wconf 81' lang='lat' dir='ltr'>ACROPOLISTIS</span> <span class='ocrx_word' id='word_1_219' title='bbox 1787 1623 1853 1664; x_wconf 80' lang='lat' dir='ltr'>IV</span> <span class='ocrx_word' id='word_1_220' title='bbox 1875 1625 1898 1662; x_wconf 81' lang='lat'><strong>2</strong></span> 
     </span>
     <span class='ocr_line' id='line_1_24' title="bbox 234 1694 1970 1748; baseline -0.004 -11"><span class='ocrx_word' id='word_1_221' title='bbox 234 1697 335 1744; x_wconf 90' lang='lat' dir='ltr'>Quid</span> <span class='ocrx_word' id='word_1_222' title='bbox 368 1704 437 1744; x_wconf 85' lang='lat' dir='ltr'>est,</span> <span class='ocrx_word' id='word_1_223' title='bbox 471 1703 595 1748; x_wconf 87' lang='lat' dir='ltr'>pater,</span> <span class='ocrx_word' id='word_1_224' title='bbox 628 1697 732 1748; x_wconf 87' lang='lat' dir='ltr'>quod</span> <span class='ocrx_word' id='word_1_225' title='bbox 763 1708 825 1735; x_wconf 92' lang='lat' dir='ltr'>me</span> <span class='ocrx_word' id='word_1_226' title='bbox 848 1696 1019 1735; x_wconf 81' lang='lat' dir='ltr'>excivisti</span> <span class='ocrx_word' id='word_1_227' title='bbox 1051 1702 1142 1736; x_wconf 83' lang='lat' dir='ltr'>ante</span> <span class='ocrx_word' id='word_1_228' title='bbox 1172 1695 1308 1736; x_wconf 82' lang='lat' dir='ltr'>aedis?</span> <span class='ocrx_word' id='word_1_229' title='bbox 1370 1696 1475 1737; x_wconf 79' lang='lat' dir='ltr'><strong>PER.</strong></span> <span class='ocrx_word' id='word_1_230' title='bbox 1524 1694 1574 1733; x_wconf 90' lang='lat' dir='ltr'>Vt</span> <span class='ocrx_word' id='word_1_231' title='bbox 1602 1699 1764 1733; x_wconf 88' lang='lat' dir='ltr'>matrem</span> <span class='ocrx_word' id='word_1_232' title='bbox 1793 1700 1898 1732; x_wconf 83' lang='lat' dir='ltr'>tuam</span> <span class='ocrx_word' id='word_1_233' title='bbox 1911 1697 1970 1730; x_wconf 85' lang='lat'>570</span> 
     </span>
    </p>
   </div>
   <div class='ocr_carea' id='block_1_6' title="bbox 243 1781 1280 1785">
    <p class='ocr_par' dir='ltr' id='par_1_13' title="bbox 243 1781 1280 1785">
     <span class='ocr_line' id='line_1_25' title="bbox 243 1781 1280 1785; baseline 0 0"><span class='ocrx_word' id='word_1_234' title='bbox 243 1781 1280 1785; x_wconf 95' lang='lat' dir='ltr'> </span> 
     </span>
    </p>
   </div>
   <div class='ocr_carea' id='block_1_7' title="bbox 229 1807 2009 2883">
    <p class='ocr_par' dir='ltr' id='par_1_14' title="bbox 229 1807 2009 2542">
     <span class='ocr_line' id='line_1_26' title="bbox 345 1807 2009 1864; baseline -0.004 -11"><span class='ocrx_word' id='word_1_235' title='bbox 345 1822 409 1853; x_wconf 88' lang='lat'>550</span> <span class='ocrx_word' id='word_1_236' title='bbox 435 1817 534 1853; x_wconf 71' lang='lat' dir='ltr'>Mvn.</span> <span class='ocrx_word' id='word_1_237' title='bbox 560 1828 705 1864; x_wconf 78' lang='lat' dir='ltr'>praem.</span> <span class='ocrx_word' id='word_1_238' title='bbox 731 1817 767 1852; x_wconf 91' lang='lat' dir='ltr'><em>B</em></span> <span class='ocrx_word' id='word_1_239' title='bbox 791 1821 826 1852; x_wconf 82' lang='lat' dir='ltr'>et</span> <span class='ocrx_word' id='word_1_240' title='bbox 850 1815 1018 1862; x_wconf 82' lang='lat' dir='ltr'>deinceps</span> <span class='ocrx_word' id='word_1_241' title='bbox 1046 1814 1115 1852; x_wconf 78' lang='lat' dir='ltr'>lzoc</span> <span class='ocrx_word' id='word_1_242' title='bbox 1138 1827 1169 1852; x_wconf 91' lang='lat' dir='ltr'>v.</span> <span class='ocrx_word' id='word_1_243' title='bbox 1196 1821 1232 1851; x_wconf 86' lang='lat' dir='ltr'>et</span> <span class='ocrx_word' id='word_1_244' title='bbox 1261 1818 1426 1863; x_wconf 78' lang='lat' dir='ltr'>sequenti</span> <span class='ocrx_word' id='word_1_245' title='bbox 1453 1816 1602 1851; x_wconf 80' lang='lat' dir='ltr'>nomina</span> <span class='ocrx_word' id='word_1_246' title='bbox 1628 1817 1811 1861; x_wconf 80' lang='lat' dir='ltr'>permutat</span> <span class='ocrx_word' id='word_1_247' title='bbox 1995 1807 2009 1848; x_wconf 68' lang='grc' dir='ltr'><em>ξ</em></span> 
     </span>
     <span class='ocr_line' id='line_1_27' title="bbox 231 1869 1810 1918; baseline -0.004 -8"><span class='ocrx_word' id='word_1_248' title='bbox 231 1878 272 1918; x_wconf 72' lang='lat' dir='ltr'>ut</span> <span class='ocrx_word' id='word_1_249' title='bbox 289 1877 330 1918; x_wconf 72' lang='lat' dir='ltr'>tu</span> <span class='ocrx_word' id='word_1_250' title='bbox 347 1876 396 1909; x_wconf 90' lang='lat' dir='ltr'>A:</span> <span class='ocrx_word' id='word_1_251' title='bbox 422 1873 477 1910; x_wconf 89' lang='lat' dir='ltr'>uti</span> <span class='ocrx_word' id='word_1_252' title='bbox 494 1873 529 1908; x_wconf 84' lang='lat' dir='ltr'><em>P</em></span> <span class='ocrx_word' id='word_1_253' title='bbox 597 1876 661 1908; x_wconf 84' lang='lat'>552</span> <span class='ocrx_word' id='word_1_254' title='bbox 686 1883 813 1909; x_wconf 89' lang='lat' dir='ltr'>aecum</span> <span class='ocrx_word' id='word_1_255' title='bbox 831 1874 873 1914; x_wconf 97' lang='lat' dir='ltr'>A,</span> <span class='ocrx_word' id='word_1_256' title='bbox 898 1883 1052 1917; x_wconf 87' lang='lat' dir='ltr'>aequum</span> <span class='ocrx_word' id='word_1_257' title='bbox 1070 1872 1111 1911; x_wconf 77' lang='lat' dir='ltr'>P.</span> <span class='ocrx_word' id='word_1_258' title='bbox 1136 1873 1188 1917; x_wconf 86' lang='lat' dir='ltr'>cf.</span> <span class='ocrx_word' id='word_1_259' title='bbox 1208 1874 1284 1908; x_wconf 83' lang='lat'>586</span> <span class='ocrx_word' id='word_1_260' title='bbox 1354 1875 1418 1908; x_wconf 86' lang='lat'>553</span> <span class='ocrx_word' id='word_1_261' title='bbox 1444 1872 1495 1917; x_wconf 84' lang='lat' dir='ltr'>cf.</span> <span class='ocrx_word' id='word_1_262' title='bbox 1514 1871 1611 1908; x_wconf 81' lang='lat' dir='ltr'>vind.</span> <span class='ocrx_word' id='word_1_263' title='bbox 1631 1870 1750 1906; x_wconf 83' lang='lat' dir='ltr'>Plaut.</span> <span class='ocrx_word' id='word_1_264' title='bbox 1767 1869 1810 1904; x_wconf 92' lang='lat'>11</span> 
     </span>
     <span class='ocr_line' id='line_1_28' title="bbox 231 1925 1900 1976; baseline -0.004 -9"><span class='ocrx_word' id='word_1_265' title='bbox 231 1931 415 1976; x_wconf 74' lang='lat' dir='ltr'>fabulatas</span> <span class='ocrx_word' id='word_1_266' title='bbox 440 1932 471 1966; x_wconf 93' lang='lat' dir='ltr'>A</span> <span class='ocrx_word' id='word_1_267' title='bbox 563 1940 750 1966; x_wconf 82' lang='lat' dir='ltr'>memoras.</span> <span class='ocrx_word' id='word_1_268' title='bbox 776 1929 866 1964; x_wconf 76' lang='lat' dir='ltr'><strong>PER.</strong></span> <span class='ocrx_word' id='word_1_269' title='bbox 892 1930 1005 1969; x_wconf 69' lang='lat' dir='ltr'>(Mn.</span> <span class='ocrx_word' id='word_1_270' title='bbox 1033 1929 1079 1970; x_wconf 87' lang='lat' dir='ltr'>B)</span> <span class='ocrx_word' id='word_1_271' title='bbox 1103 1929 1195 1964; x_wconf 90' lang='lat' dir='ltr'>Hem</span> <span class='ocrx_word' id='word_1_272' title='bbox 1225 1931 1367 1965; x_wconf 79' lang='lat' dir='ltr'>omissis</span> <span class='ocrx_word' id='word_1_273' title='bbox 1390 1940 1485 1976; x_wconf 80' lang='lat' dir='ltr'>quae</span> <span class='ocrx_word' id='word_1_274' title='bbox 1507 1926 1734 1963; x_wconf 79' lang='lat' dir='ltr'>intercedunt</span> <span class='ocrx_word' id='word_1_275' title='bbox 1758 1925 1803 1969; x_wconf 92' lang='lat' dir='ltr'>P,</span> <span class='ocrx_word' id='word_1_276' title='bbox 1825 1936 1900 1962; x_wconf 90' lang='lat' dir='ltr'>me-</span> 
     </span>
     <span class='ocr_line' id='line_1_29' title="bbox 231 1981 1903 2032; baseline -0.003 -9"><span class='ocrx_word' id='word_1_277' title='bbox 231 1997 350 2023; x_wconf 85' lang='lat' dir='ltr'>moras</span> <span class='ocrx_word' id='word_1_278' title='bbox 377 2013 533 2022; x_wconf 88' lang='grc'><strong>.......</strong></span> <span class='ocrx_word' id='word_1_279' title='bbox 548 1997 690 2030; x_wconf 77' lang='lat' dir='ltr'>n..em</span> <span class='ocrx_word' id='word_1_280' title='bbox 714 1988 762 2030; x_wconf 91' lang='lat' dir='ltr'>A,</span> <span class='ocrx_word' id='word_1_281' title='bbox 793 1985 893 2032; x_wconf 80' lang='lat' dir='ltr'><em>quod</em></span> <span class='ocrx_word' id='word_1_282' title='bbox 921 1985 1068 2032; x_wconf 80' lang='lat' dir='ltr'>supplet</span> <span class='ocrx_word' id='word_1_283' title='bbox 1098 1997 1294 2030; x_wconf 85' lang='lat' dir='ltr'>memoras,</span> <span class='ocrx_word' id='word_1_284' title='bbox 1326 1986 1542 2032; x_wconf 80' lang='lat' dir='ltr'>Periphane.</span> <span class='ocrx_word' id='word_1_285' title='bbox 1590 1984 1658 2020; x_wconf 77' lang='grc' dir='ltr'>ΡΗ.</span> <span class='ocrx_word' id='word_1_286' title='bbox 1690 1994 1746 2020; x_wconf 89' lang='lat' dir='ltr'>em</span> <span class='ocrx_word' id='word_1_287' title='bbox 1769 1981 1903 2019; x_wconf 77' lang='lat' dir='ltr'>Stude-</span> 
     </span>
     <span class='ocr_line' id='line_1_30' title="bbox 231 2039 1902 2088; baseline -0.002 -10"><span class='ocrx_word' id='word_1_288' title='bbox 231 2044 387 2079; x_wconf 80' lang='lat' dir='ltr'>mundus</span> <span class='ocrx_word' id='word_1_289' title='bbox 412 2042 585 2079; x_wconf 74' lang='lat' dir='ltr'>Botlzium</span> <span class='ocrx_word' id='word_1_290' title='bbox 608 2047 774 2084; x_wconf 80' lang='lat' dir='ltr'>seentus;</span> <span class='ocrx_word' id='word_1_291' title='bbox 805 2042 870 2078; x_wconf 79' lang='lat' dir='ltr'>secl</span> <span class='ocrx_word' id='word_1_292' title='bbox 899 2043 1006 2077; x_wconf 80' lang='lat' dir='ltr'>nimis</span> <span class='ocrx_word' id='word_1_293' title='bbox 1029 2043 1169 2078; x_wconf 78' lang='lat' dir='ltr'>incerta</span> <span class='ocrx_word' id='word_1_294' title='bbox 1193 2048 1246 2079; x_wconf 91' lang='lat' dir='ltr'>est</span> <span class='ocrx_word' id='word_1_295' title='bbox 1268 2043 1424 2079; x_wconf 83' lang='lat' dir='ltr'>vocativi</span> <span class='ocrx_word' id='word_1_296' title='bbox 1442 2043 1568 2088; x_wconf 83' lang='lat' dir='ltr'>forma</span> <span class='ocrx_word' id='word_1_297' title='bbox 1592 2040 1658 2086; x_wconf 79' lang='lat' dir='ltr'><em>(cf.</em></span> <span class='ocrx_word' id='word_1_298' title='bbox 1683 2039 1902 2076; x_wconf 73' lang='lat' dir='ltr'>Ritschelius</span> 
     </span>
     <span class='ocr_line' id='line_1_31' title="bbox 229 2096 1900 2147; baseline -0.003 -11"><span class='ocrx_word' id='word_1_299' title='bbox 229 2101 326 2147; x_wconf 82' lang='lat' dir='ltr'>prol.</span> <span class='ocrx_word' id='word_1_300' title='bbox 347 2102 421 2144; x_wconf 77' lang='grc'><strong><em>87).</em></strong></span> <span class='ocrx_word' id='word_1_301' title='bbox 470 2101 507 2135; x_wconf 78' lang='lat' dir='ltr'>in</span> <span class='ocrx_word' id='word_1_302' title='bbox 531 2103 568 2136; x_wconf 87' lang='lat' dir='ltr'>te</span> <span class='ocrx_word' id='word_1_303' title='bbox 594 2100 738 2136; x_wconf 86' lang='lat' dir='ltr'>memini</span> <span class='ocrx_word' id='word_1_304' title='bbox 766 2099 995 2135; x_wconf 77' lang='lat' dir='ltr'>accusativus</span> <span class='ocrx_word' id='word_1_305' title='bbox 1018 2103 1114 2134; x_wconf 81' lang='lat' dir='ltr'>recte</span> <span class='ocrx_word' id='word_1_306' title='bbox 1138 2097 1255 2141; x_wconf 76' lang='lat' dir='ltr'>habet,</span> <span class='ocrx_word' id='word_1_307' title='bbox 1279 2100 1372 2135; x_wconf 76' lang='lat' dir='ltr'>sicut</span> <span class='ocrx_word' id='word_1_308' title='bbox 1395 2098 1571 2145; x_wconf 71' lang='lat' dir='ltr'>Philippa</span> <span class='ocrx_word' id='word_1_309' title='bbox 1590 2096 1798 2145; x_wconf 82' lang='lat' dir='ltr'>perfectam</span> <span class='ocrx_word' id='word_1_310' title='bbox 1821 2107 1900 2132; x_wconf 86' lang='lat' dir='ltr'>sen-</span> 
     </span>
     <span class='ocr_line' id='line_1_32' title="bbox 233 2152 1902 2203; baseline -0.004 -10"><span class='ocrx_word' id='word_1_311' title='bbox 233 2158 381 2193; x_wconf 78' lang='lat' dir='ltr'>tenciam</span> <span class='ocrx_word' id='word_1_312' title='bbox 406 2157 559 2203; x_wconf 73' lang='lat' dir='ltr'>accipit,</span> <span class='ocrx_word' id='word_1_313' title='bbox 590 2167 699 2203; x_wconf 81' lang='lat' dir='ltr'>quam</span> <span class='ocrx_word' id='word_1_314' title='bbox 724 2155 952 2201; x_wconf 76' lang='lat' dir='ltr'>Periphanes</span> <span class='ocrx_word' id='word_1_315' title='bbox 985 2158 1264 2191; x_wconf 75' lang='lat' dir='ltr'>continuaturus</span> <span class='ocrx_word' id='word_1_316' title='bbox 1287 2160 1369 2192; x_wconf 79' lang='lat' dir='ltr'>erat</span> <span class='ocrx_word' id='word_1_317' title='bbox 1483 2158 1550 2190; x_wconf 83' lang='lat'>554</span> <span class='ocrx_word' id='word_1_318' title='bbox 1573 2153 1719 2189; x_wconf 83' lang='lat' dir='ltr'>memini</span> <span class='ocrx_word' id='word_1_319' title='bbox 1742 2153 1781 2188; x_wconf 85' lang='lat' dir='ltr'>id</span> <span class='ocrx_word' id='word_1_320' title='bbox 1804 2152 1902 2198; x_wconf 73' lang='lat' dir='ltr'>quod</span> 
     </span>
     <span class='ocr_line' id='line_1_33' title="bbox 231 2211 1898 2259; baseline -0.003 -10"><span class='ocrx_word' id='word_1_321' title='bbox 231 2214 406 2259; x_wconf 60' lang='lat' dir='ltr'>memfiufi</span> <span class='ocrx_word' id='word_1_322' title='bbox 430 2216 481 2249; x_wconf 90' lang='lat' dir='ltr'>A:</span> <span class='ocrx_word' id='word_1_323' title='bbox 503 2213 648 2248; x_wconf 84' lang='lat' dir='ltr'>memini</span> <span class='ocrx_word' id='word_1_324' title='bbox 671 2213 710 2247; x_wconf 88' lang='lat' dir='ltr'>id</span> <span class='ocrx_word' id='word_1_325' title='bbox 734 2212 768 2248; x_wconf 93' lang='lat' dir='ltr'><em>P</em></span> <span class='ocrx_word' id='word_1_326' title='bbox 869 2215 908 2247; x_wconf 82' lang='lat' dir='ltr'>at</span> <span class='ocrx_word' id='word_1_327' title='bbox 933 2223 999 2248; x_wconf 88' lang='lat' dir='ltr'>om.</span> <span class='ocrx_word' id='word_1_328' title='bbox 1024 2211 1060 2246; x_wconf 89' lang='lat' dir='ltr'><em>P</em></span> <span class='ocrx_word' id='word_1_329' title='bbox 1157 2214 1207 2248; x_wconf 84' lang='lat' dir='ltr'>ha</span> <span class='ocrx_word' id='word_1_330' title='bbox 1232 2214 1262 2247; x_wconf 89' lang='lat' dir='ltr'>A</span> <span class='ocrx_word' id='word_1_331' title='bbox 1368 2215 1432 2246; x_wconf 87' lang='lat'>555</span> <span class='ocrx_word' id='word_1_332' title='bbox 1456 2213 1580 2257; x_wconf 86' lang='lat' dir='ltr'>pettus</span> <span class='ocrx_word' id='word_1_333' title='bbox 1604 2211 1637 2245; x_wconf 90' lang='lat' dir='ltr'>A</span> <span class='ocrx_word' id='word_1_334' title='bbox 1744 2212 1898 2246; x_wconf 83' lang='lat'>556—61</span> 
     </span>
     <span class='ocr_line' id='line_1_34' title="bbox 234 2270 1901 2317; baseline -0.003 -11"><span class='ocrx_word' id='word_1_335' title='bbox 234 2277 372 2306; x_wconf 81' lang='lat' dir='ltr'>tantum</span> <span class='ocrx_word' id='word_1_336' title='bbox 396 2271 547 2317; x_wconf 80' lang='lat' dir='ltr'>priores</span> <span class='ocrx_word' id='word_1_337' title='bbox 577 2280 743 2305; x_wconf 82' lang='lat' dir='ltr'>versuum</span> <span class='ocrx_word' id='word_1_338' title='bbox 771 2274 899 2315; x_wconf 80' lang='lat' dir='ltr'>partes</span> <span class='ocrx_word' id='word_1_339' title='bbox 928 2273 1094 2304; x_wconf 80' lang='lat' dir='ltr'>servatae</span> <span class='ocrx_word' id='word_1_340' title='bbox 1124 2270 1162 2304; x_wconf 80' lang='lat' dir='ltr'>in</span> <span class='ocrx_word' id='word_1_341' title='bbox 1195 2270 1226 2304; x_wconf 91' lang='lat' dir='ltr'>A</span> <span class='ocrx_word' id='word_1_342' title='bbox 1365 2272 1428 2303; x_wconf 84' lang='lat'>557</span> <span class='ocrx_word' id='word_1_343' title='bbox 1461 2278 1542 2303; x_wconf 78' lang='lat' dir='ltr'>mea</span> <span class='ocrx_word' id='word_1_344' title='bbox 1572 2275 1766 2308; x_wconf 76' lang='lat' dir='ltr'>aerumna,</span> <span class='ocrx_word' id='word_1_345' title='bbox 1803 2276 1901 2302; x_wconf 87' lang='lat' dir='ltr'>corr.</span> 
     </span>
     <span class='ocr_line' id='line_1_35' title="bbox 235 2321 1902 2368; baseline -0.003 -6"><span class='ocrx_word' id='word_1_346' title='bbox 235 2327 464 2362; x_wconf 80' lang='lat' dir='ltr'>Camerarius</span> <span class='ocrx_word' id='word_1_347' title='bbox 580 2330 644 2362; x_wconf 87' lang='grc'>559</span> <span class='ocrx_word' id='word_1_348' title='bbox 670 2329 944 2368; x_wconf 59' lang='lat' dir='ltr'>aerumnosum]</span> <span class='ocrx_word' id='word_1_349' title='bbox 978 2325 1061 2360; x_wconf 90' lang='lat' dir='ltr'>AP:</span> <span class='ocrx_word' id='word_1_350' title='bbox 1091 2335 1344 2360; x_wconf 85' lang='lat' dir='ltr'>aerumnarum</span> <span class='ocrx_word' id='word_1_351' title='bbox 1370 2325 1510 2360; x_wconf 82' lang='lat' dir='ltr'>Nonius</span> <span class='ocrx_word' id='word_1_352' title='bbox 1533 2324 1609 2359; x_wconf 76' lang='lat'>456</span> <span class='ocrx_word' id='word_1_353' title='bbox 1724 2325 1788 2359; x_wconf 83' lang='lat'>560</span> <span class='ocrx_word' id='word_1_354' title='bbox 1813 2321 1902 2368; x_wconf 73' lang='lat' dir='ltr'>quid</span> 
     </span>
     <span class='ocr_line' id='line_1_36' title="bbox 233 2377 1901 2430; baseline -0.004 -10"><span class='ocrx_word' id='word_1_355' title='bbox 233 2388 303 2430; x_wconf 71' lang='lat' dir='ltr'>[est</span> <span class='ocrx_word' id='word_1_356' title='bbox 319 2384 479 2430; x_wconf 64' lang='lat' dir='ltr'>quoffluo</span> <span class='ocrx_word' id='word_1_357' title='bbox 499 2404 541 2409; x_wconf 94' lang='lat'>—</span> <span class='ocrx_word' id='word_1_358' title='bbox 559 2384 602 2426; x_wconf 92' lang='lat' dir='ltr'>A,</span> <span class='ocrx_word' id='word_1_359' title='bbox 626 2382 712 2428; x_wconf 88' lang='lat' dir='ltr'>quid</span> <span class='ocrx_word' id='word_1_360' title='bbox 736 2384 793 2418; x_wconf 83' lang='lat' dir='ltr'>est</span> <span class='ocrx_word' id='word_1_361' title='bbox 815 2385 884 2423; x_wconf 79' lang='lat' dir='ltr'>(est</span> <span class='ocrx_word' id='word_1_362' title='bbox 901 2394 968 2418; x_wconf 88' lang='lat' dir='ltr'>om.</span> <span class='ocrx_word' id='word_1_363' title='bbox 989 2381 1113 2425; x_wconf 72' lang='lat' dir='ltr'><em>B¹EI)</em></span> <span class='ocrx_word' id='word_1_364' title='bbox 1139 2383 1234 2428; x_wconf 86' lang='lat' dir='ltr'>quod</span> <span class='ocrx_word' id='word_1_365' title='bbox 1257 2383 1328 2418; x_wconf 87' lang='lat' dir='ltr'>duo</span> <span class='ocrx_word' id='word_1_366' title='bbox 1353 2381 1426 2417; x_wconf 85' lang='lat' dir='ltr'>itus</span> <span class='ocrx_word' id='word_1_367' title='bbox 1450 2380 1514 2422; x_wconf 86' lang='lat' dir='ltr'>(dii</span> <span class='ocrx_word' id='word_1_368' title='bbox 1530 2380 1626 2417; x_wconf 82' lang='lat' dir='ltr'>oitus</span> <span class='ocrx_word' id='word_1_369' title='bbox 1644 2379 1690 2422; x_wconf 82' lang='grc' dir='ltr'>Ε,</span> <span class='ocrx_word' id='word_1_370' title='bbox 1713 2379 1848 2425; x_wconf 82' lang='lat' dir='ltr'>digitus</span> <span class='ocrx_word' id='word_1_371' title='bbox 1865 2377 1901 2422; x_wconf 93' lang='lat' dir='ltr'>I)</span> 
     </span>
     <span class='ocr_line' id='line_1_37' title="bbox 233 2436 1900 2485; baseline -0.004 -7"><span class='ocrx_word' id='word_1_372' title='bbox 233 2441 277 2485; x_wconf 86' lang='lat' dir='ltr'>P,</span> <span class='ocrx_word' id='word_1_373' title='bbox 303 2453 396 2477; x_wconf 82' lang='lat' dir='ltr'>corr.</span> <span class='ocrx_word' id='word_1_374' title='bbox 425 2441 654 2477; x_wconf 74' lang='lat' dir='ltr'>Camerarius</span> <span class='ocrx_word' id='word_1_375' title='bbox 759 2440 944 2475; x_wconf 80' lang='lat' dir='ltr'>turbatust</span> <span class='ocrx_word' id='word_1_376' title='bbox 970 2439 1157 2474; x_wconf 76' lang='lat' dir='ltr'>Goetzz&#39;us:</span> <span class='ocrx_word' id='word_1_377' title='bbox 1181 2442 1218 2474; x_wconf 89' lang='lat' dir='ltr'>te</span> <span class='ocrx_word' id='word_1_378' title='bbox 1241 2439 1366 2474; x_wconf 81' lang='lat' dir='ltr'>turbat</span> <span class='ocrx_word' id='word_1_379' title='bbox 1472 2440 1535 2473; x_wconf 83' lang='lat'>561</span> <span class='ocrx_word' id='word_1_380' title='bbox 1567 2437 1637 2472; x_wconf 71' lang='lat' dir='ltr'>Pu.</span> <span class='ocrx_word' id='word_1_381' title='bbox 1659 2440 1695 2473; x_wconf 82' lang='lat' dir='ltr'>et</span> <span class='ocrx_word' id='word_1_382' title='bbox 1718 2436 1807 2472; x_wconf 66' lang='lat' dir='ltr'>Pan.</span> <span class='ocrx_word' id='word_1_383' title='bbox 1832 2447 1900 2472; x_wconf 88' lang='lat' dir='ltr'>om.</span> 
     </span>
     <span class='ocr_line' id='line_1_38' title="bbox 235 2492 1811 2542; baseline -0.004 -8"><span class='ocrx_word' id='word_1_384' title='bbox 235 2497 296 2534; x_wconf 89' lang='lat' dir='ltr'>EI</span> <span class='ocrx_word' id='word_1_385' title='bbox 362 2500 428 2533; x_wconf 82' lang='lat'>562</span> <span class='ocrx_word' id='word_1_386' title='bbox 455 2498 534 2534; x_wconf 81' lang='lat' dir='ltr'>face</span> <span class='ocrx_word' id='word_1_387' title='bbox 559 2497 592 2532; x_wconf 88' lang='lat' dir='ltr'><em>P</em></span> <span class='ocrx_word' id='word_1_388' title='bbox 612 2498 656 2539; x_wconf 88' lang='lat' dir='ltr'>(A</span> <span class='ocrx_word' id='word_1_389' title='bbox 672 2507 707 2531; x_wconf 81' lang='lat' dir='ltr'>n.</span> <span class='ocrx_word' id='word_1_390' title='bbox 733 2496 784 2539; x_wconf 66' lang='lat' dir='ltr'>L),</span> <span class='ocrx_word' id='word_1_391' title='bbox 807 2505 903 2531; x_wconf 83' lang='lat' dir='ltr'>corr.</span> <span class='ocrx_word' id='word_1_392' title='bbox 924 2496 1126 2542; x_wconf 80' lang='lat' dir='ltr'>Geppertns</span> <span class='ocrx_word' id='word_1_393' title='bbox 1149 2496 1211 2541; x_wconf 79' lang='lat' dir='ltr'><em>(cf.</em></span> <span class='ocrx_word' id='word_1_394' title='bbox 1241 2496 1326 2530; x_wconf 86' lang='lat'><em>603.</em></span> <span class='ocrx_word' id='word_1_395' title='bbox 1354 2496 1439 2537; x_wconf 74' lang='lat'><em>643)</em></span> <span class='ocrx_word' id='word_1_396' title='bbox 1510 2497 1576 2529; x_wconf 87' lang='grc'>564</span> <span class='ocrx_word' id='word_1_397' title='bbox 1599 2504 1645 2529; x_wconf 84' lang='lat' dir='ltr'>ex</span> <span class='ocrx_word' id='word_1_398' title='bbox 1667 2492 1718 2528; x_wconf 89' lang='lat' dir='ltr'>P:</span> <span class='ocrx_word' id='word_1_399' title='bbox 1742 2504 1763 2528; x_wconf 87' lang='lat' dir='ltr'>e</span> <span class='ocrx_word' id='word_1_400' title='bbox 1778 2493 1811 2528; x_wconf 98' lang='lat' dir='ltr'>A</span> 
     </span>
    </p>

    <p class='ocr_par' dir='ltr' id='par_1_15' title="bbox 233 2550 1902 2883">
     <span class='ocr_line' id='line_1_39' title="bbox 234 2550 1902 2598; baseline -0.003 -8"><span class='ocrx_word' id='word_1_401' title='bbox 234 2557 300 2590; x_wconf 87' lang='grc'>566</span> <span class='ocrx_word' id='word_1_402' title='bbox 326 2557 367 2590; x_wconf 87' lang='lat' dir='ltr'>ut</span> <span class='ocrx_word' id='word_1_403' title='bbox 390 2557 432 2590; x_wconf 81' lang='lat' dir='ltr'>ut</span> <span class='ocrx_word' id='word_1_404' title='bbox 455 2555 503 2590; x_wconf 80' lang='lat' dir='ltr'>ad</span> <span class='ocrx_word' id='word_1_405' title='bbox 527 2553 818 2589; x_wconf 81' lang='lat' dir='ltr'>Studemunclus:</span> <span class='ocrx_word' id='word_1_406' title='bbox 843 2556 883 2598; x_wconf 75' lang='lat' dir='ltr'>ut</span> <span class='ocrx_word' id='word_1_407' title='bbox 910 2579 944 2588; x_wconf 90' lang='lat'>..</span> <span class='ocrx_word' id='word_1_408' title='bbox 969 2553 1016 2588; x_wconf 82' lang='lat' dir='ltr'>ad</span> <span class='ocrx_word' id='word_1_409' title='bbox 1033 2555 1076 2595; x_wconf 88' lang='lat' dir='ltr'>A,</span> <span class='ocrx_word' id='word_1_410' title='bbox 1101 2554 1143 2587; x_wconf 86' lang='lat' dir='ltr'>ut</span> <span class='ocrx_word' id='word_1_411' title='bbox 1159 2552 1212 2593; x_wconf 86' lang='lat' dir='ltr'>P‚·</span> <span class='ocrx_word' id='word_1_412' title='bbox 1241 2554 1282 2588; x_wconf 88' lang='lat' dir='ltr'>ut</span> <span class='ocrx_word' id='word_1_413' title='bbox 1305 2551 1337 2587; x_wconf 87' lang='lat' dir='ltr'>is</span> <span class='ocrx_word' id='word_1_414' title='bbox 1361 2552 1409 2586; x_wconf 83' lang='lat' dir='ltr'>ad</span> <span class='ocrx_word' id='word_1_415' title='bbox 1435 2552 1638 2597; x_wconf 81' lang='lat' dir='ltr'>Geppertus</span> <span class='ocrx_word' id='word_1_416' title='bbox 1659 2555 1697 2586; x_wconf 89' lang='lat' dir='ltr'>et</span> <span class='ocrx_word' id='word_1_417' title='bbox 1721 2550 1902 2592; x_wconf 76' lang='lat' dir='ltr'>Goetzius,</span> 
     </span>
     <span class='ocr_line' id='line_1_40' title="bbox 234 2605 1902 2657; baseline -0.002 -11"><span class='ocrx_word' id='word_1_418' title='bbox 234 2612 285 2656; x_wconf 84' lang='lat' dir='ltr'>ef.</span> <span class='ocrx_word' id='word_1_419' title='bbox 311 2611 508 2657; x_wconf 75' lang='lat' dir='ltr'>Lanqenus</span> <span class='ocrx_word' id='word_1_420' title='bbox 530 2610 642 2657; x_wconf 73' lang='lat' dir='ltr'>symb.</span> <span class='ocrx_word' id='word_1_421' title='bbox 666 2611 742 2646; x_wconf 77' lang='lat'>140</span> <span class='ocrx_word' id='word_1_422' title='bbox 858 2612 922 2645; x_wconf 75' lang='grc'>567</span> <span class='ocrx_word' id='word_1_423' title='bbox 949 2610 980 2645; x_wconf 86' lang='lat' dir='ltr'>si</span> <span class='ocrx_word' id='word_1_424' title='bbox 1002 2619 1083 2645; x_wconf 84' lang='lat' dir='ltr'>mea</span> <span class='ocrx_word' id='word_1_425' title='bbox 1106 2610 1136 2644; x_wconf 89' lang='lat' dir='ltr'>si</span> <span class='ocrx_word' id='word_1_426' title='bbox 1160 2609 1260 2644; x_wconf 81' lang='lat' dir='ltr'>salva</span> <span class='ocrx_word' id='word_1_427' title='bbox 1283 2607 1371 2643; x_wconf 90' lang='lat' dir='ltr'>mihi</span> <span class='ocrx_word' id='word_1_428' title='bbox 1396 2608 1454 2643; x_wconf 87' lang='lat' dir='ltr'>sit.</span> <span class='ocrx_word' id='word_1_429' title='bbox 1480 2608 1548 2643; x_wconf 92' lang='lat' dir='ltr'>eho</span> <span class='ocrx_word' id='word_1_430' title='bbox 1573 2606 1633 2642; x_wconf 86' lang='lat' dir='ltr'><strong><em>L..·</em></strong></span> <span class='ocrx_word' id='word_1_431' title='bbox 1664 2607 1695 2651; x_wconf 74' lang='lat' dir='ltr'>si</span> <span class='ocrx_word' id='word_1_432' title='bbox 1719 2609 1823 2651; x_wconf 56' lang='lat' dir='ltr'>mma]</span> <span class='ocrx_word' id='word_1_433' title='bbox 1847 2605 1902 2652; x_wconf 68' lang='lat' dir='ltr'>sei</span> 
     </span>
     <span class='ocr_line' id='line_1_41' title="bbox 233 2663 1815 2712; baseline -0.004 -8"><span class='ocrx_word' id='word_1_434' title='bbox 233 2668 303 2708; x_wconf 83' lang='lat' dir='ltr'>(vel</span> <span class='ocrx_word' id='word_1_435' title='bbox 324 2669 383 2711; x_wconf 83' lang='lat' dir='ltr'>sit)</span> <span class='ocrx_word' id='word_1_436' title='bbox 408 2668 513 2711; x_wconf 74' lang='lat' dir='ltr'>salua</span> <span class='ocrx_word' id='word_1_437' title='bbox 535 2678 571 2711; x_wconf 81' lang='lat' dir='ltr'>m</span> <span class='ocrx_word' id='word_1_438' title='bbox 597 2688 638 2692; x_wconf 96' lang='lat'><strong>—</strong></span> <span class='ocrx_word' id='word_1_439' title='bbox 664 2677 706 2712; x_wconf 77' lang='lat' dir='ltr'>eo</span> <span class='ocrx_word' id='word_1_440' title='bbox 736 2669 786 2708; x_wconf 92' lang='lat' dir='ltr'>A,</span> <span class='ocrx_word' id='word_1_441' title='bbox 817 2667 849 2702; x_wconf 87' lang='lat' dir='ltr'>si</span> <span class='ocrx_word' id='word_1_442' title='bbox 877 2677 934 2701; x_wconf 89' lang='lat' dir='ltr'>me</span> <span class='ocrx_word' id='word_1_443' title='bbox 965 2669 1012 2708; x_wconf 91' lang='lat' dir='ltr'>(m</span> <span class='ocrx_word' id='word_1_444' title='bbox 1035 2677 1054 2701; x_wconf 87' lang='lat' dir='ltr'>e</span> <span class='ocrx_word' id='word_1_445' title='bbox 1077 2677 1173 2702; x_wconf 82' lang='lat' dir='ltr'>corr.</span> <span class='ocrx_word' id='word_1_446' title='bbox 1201 2664 1236 2699; x_wconf 84' lang='lat' dir='ltr'><em>E</em></span> <span class='ocrx_word' id='word_1_447' title='bbox 1243 2693 1251 2707; x_wconf 87' lang='lat'><em>‚</em></span> <span class='ocrx_word' id='word_1_448' title='bbox 1282 2665 1332 2700; x_wconf 83' lang='lat' dir='ltr'>sit</span> <span class='ocrx_word' id='word_1_449' title='bbox 1354 2675 1400 2700; x_wconf 85' lang='lat' dir='ltr'>ne</span> <span class='ocrx_word' id='word_1_450' title='bbox 1425 2663 1463 2707; x_wconf 93' lang='lat' dir='ltr'>I)</span> <span class='ocrx_word' id='word_1_451' title='bbox 1495 2664 1552 2699; x_wconf 83' lang='lat' dir='ltr'>uis</span> <span class='ocrx_word' id='word_1_452' title='bbox 1577 2663 1661 2699; x_wconf 66' lang='lat' dir='ltr'>Seu.</span> <span class='ocrx_word' id='word_1_453' title='bbox 1685 2665 1756 2699; x_wconf 87' lang='lat' dir='ltr'>eho</span> <span class='ocrx_word' id='word_1_454' title='bbox 1780 2663 1815 2698; x_wconf 91' lang='lat' dir='ltr'><em>P</em></span> 
     </span>
     <span class='ocr_line' id='line_1_42' title="bbox 235 2719 1902 2770; baseline -0.003 -10"><span class='ocrx_word' id='word_1_455' title='bbox 235 2727 300 2760; x_wconf 89' lang='grc'>568</span> <span class='ocrx_word' id='word_1_456' title='bbox 325 2723 619 2770; x_wconf 83' lang='lat' dir='ltr'>acropolistidem</span> <span class='ocrx_word' id='word_1_457' title='bbox 644 2723 699 2768; x_wconf 88' lang='lat' dir='ltr'>B,</span> <span class='ocrx_word' id='word_1_458' title='bbox 724 2722 1069 2769; x_wconf 67' lang='lat' dir='ltr'>acrospossistbidem</span> <span class='ocrx_word' id='word_1_459' title='bbox 1093 2724 1145 2764; x_wconf 83' lang='lat' dir='ltr'>A,</span> <span class='ocrx_word' id='word_1_460' title='bbox 1176 2721 1483 2757; x_wconf 85' lang='lat' dir='ltr'>morodolistidem</span> <span class='ocrx_word' id='word_1_461' title='bbox 1507 2724 1547 2755; x_wconf 81' lang='lat' dir='ltr'>ut</span> <span class='ocrx_word' id='word_1_462' title='bbox 1569 2720 1640 2756; x_wconf 79' lang='lat' dir='ltr'>vid.</span> <span class='ocrx_word' id='word_1_463' title='bbox 1667 2719 1722 2763; x_wconf 87' lang='grc' dir='ltr'>Ε,</span> <span class='ocrx_word' id='word_1_464' title='bbox 1745 2719 1902 2766; x_wconf 85' lang='lat' dir='ltr'>cropoli-</span> 
     </span>
     <span class='ocr_line' id='line_1_43' title="bbox 233 2776 1901 2824; baseline -0.003 -7"><span class='ocrx_word' id='word_1_465' title='bbox 233 2781 363 2817; x_wconf 84' lang='lat' dir='ltr'>stidem</span> <span class='ocrx_word' id='word_1_466' title='bbox 387 2780 419 2824; x_wconf 90' lang='lat' dir='ltr'>I,</span> <span class='ocrx_word' id='word_1_467' title='bbox 444 2791 541 2816; x_wconf 84' lang='lat' dir='ltr'>corr.</span> <span class='ocrx_word' id='word_1_468' title='bbox 576 2779 680 2816; x_wconf 83' lang='lat' dir='ltr'>Valla</span> <span class='ocrx_word' id='word_1_469' title='bbox 689 2793 703 2821; x_wconf 91' lang='lat'><em>;</em></span> <span class='ocrx_word' id='word_1_470' title='bbox 726 2780 777 2823; x_wconf 83' lang='lat' dir='ltr'>cf.</span> <span class='ocrx_word' id='word_1_471' title='bbox 806 2780 881 2815; x_wconf 86' lang='lat'>635</span> <span class='ocrx_word' id='word_1_472' title='bbox 968 2780 1040 2815; x_wconf 91' lang='lat' dir='ltr'>huc</span> <span class='ocrx_word' id='word_1_473' title='bbox 1064 2790 1130 2815; x_wconf 87' lang='lat' dir='ltr'>om.</span> <span class='ocrx_word' id='word_1_474' title='bbox 1156 2778 1191 2813; x_wconf 86' lang='lat' dir='ltr'><em>P</em></span> <span class='ocrx_word' id='word_1_475' title='bbox 1279 2780 1344 2813; x_wconf 85' lang='lat'>569</span> <span class='ocrx_word' id='word_1_476' title='bbox 1367 2778 1520 2823; x_wconf 77' lang='lat' dir='ltr'>remigat</span> <span class='ocrx_word' id='word_1_477' title='bbox 1542 2779 1574 2812; x_wconf 93' lang='lat' dir='ltr'>A</span> <span class='ocrx_word' id='word_1_478' title='bbox 1665 2776 1901 2812; x_wconf 71' lang='lat' dir='ltr'>Pmums</span> 
     </span>
     <span class='ocr_line' id='line_1_44' title="bbox 234 2834 1430 2883; baseline -0.002 -11"><span class='ocrx_word' id='word_1_479' title='bbox 234 2842 391 2883; x_wconf 79' lang='lat' dir='ltr'>apparet</span> <span class='ocrx_word' id='word_1_480' title='bbox 416 2838 453 2873; x_wconf 79' lang='lat' dir='ltr'>in</span> <span class='ocrx_word' id='word_1_481' title='bbox 476 2838 521 2880; x_wconf 87' lang='lat' dir='ltr'>A,</span> <span class='ocrx_word' id='word_1_482' title='bbox 544 2837 729 2872; x_wconf 64' lang='lat' dir='ltr'>Funcnu.</span> <span class='ocrx_word' id='word_1_483' title='bbox 779 2836 1026 2872; x_wconf 62' lang='lat' dir='ltr'>Fumantes.</span> <span class='ocrx_word' id='word_1_484' title='bbox 1073 2836 1196 2872; x_wconf 74' lang='lat' dir='ltr'>Smmx</span> <span class='ocrx_word' id='word_1_485' title='bbox 1218 2835 1370 2871; x_wconf 71' lang='lat' dir='ltr'>Mvnmn</span> <span class='ocrx_word' id='word_1_486' title='bbox 1395 2834 1430 2870; x_wconf 85' lang='lat' dir='ltr'><em>P</em></span> 
     </span>
    </p>
   </div>
   <div class='ocr_carea' id='block_1_8' title="bbox 1992 2020 2016 2042">
    <p class='ocr_par' dir='ltr' id='par_1_16' title="bbox 1992 2020 2016 2042">
     <span class='ocr_line' id='line_1_45' title="bbox 1992 2020 2016 2042; baseline 0 -4"><span class='ocrx_word' id='word_1_487' title='bbox 1992 2020 2016 2042; x_wconf 73' lang='grc' dir='ltr'>.ιῖ</span> 
     </span>
    </p>
   </div>
   <div class='ocr_carea' id='block_1_9' title="bbox 1974 2078 2018 2574">
    <p class='ocr_par' dir='ltr' id='par_1_17' title="bbox 1974 2078 2018 2574">
     <span class='ocr_line' id='line_1_46' title="bbox 1974 2078 2018 2574; baseline 0 609"><span class='ocrx_word' id='word_1_488' title='bbox 1974 2078 2018 2574; x_wconf 95' lang='lat' dir='ltr'> </span> 
     </span>
    </p>
   </div>
  </div>
 </body>
</html>
