2018 3183
220 83 272 120 64
960 75 1086 112 PLAV
1093 75 1142 111 TI
1715 75 1746 103 11
1755 76 1781 109 2.
1801 74 1884 104 1-26

922 189 1182 230 LEONIDA
1793 189 1838 229 II
1860 191 1883 229 2

220 275 292 315 Vbi
325 287 396 326 ego
428 283 535 313 nunc
566 270 758 310 Libanum
790 268 987 320 requiram
1019 275 1085 307 aut
1116 267 1342 307 familiarem
1375 268 1508 314 filium,

221 350 266 382 ut
298 354 370 393 ego
403 340 489 380 illos
518 338 760 378 lubentiores
791 337 926 375 faciam
959 348 1075 386 quam
1105 333 1364 375 Lubentiast?

221 410 425 449 maximam
458 406 643 459 praedam
675 410 712 444 et
742 404 986 456 triumphum
1016 403 1072 443 eis
1102 403 1235 443 adfero
1267 403 1435 442 adventu
1467 415 1567 442 meo.

223 475 378 528 quando
409 485 564 514 mecum
594 473 741 525 pariter
769 477 920 524 potant,
951 471 1099 523 pariter
1127 471 1291 511 scortari
1322 470 1464 518 solent,
1899 476 1954 509 270

221 544 323 582 hanc
354 542 524 594 quidem,
557 552 673 592 quam
705 546 855 587 nactus,
886 539 1069 591 praedam
1100 539 1248 591 pariter
1278 551 1367 578 cum
1398 538 1472 577 illis
1501 537 1676 589 partiam.

222 610 315 651 Lm.
366 609 448 648 lllic
478 609 597 648 homo
629 606 734 647 aedis
765 607 998 659 compilavit,
1028 618 1140 646 more
1169 606 1202 646 si
1233 607 1325 646 fecit
1353 619 1438 646 suo.

222 691 288 717 vae
320 678 388 725 illi,
419 677 486 728 qui
517 682 596 716 tam
627 675 879 727 indiligenter
909 674 1127 714 observavit
1155 674 1327 714 ianuam.

221 745 358 785 Lnox.
408 744 583 783 Aetatem
611 742 726 783 velim
757 742 915 790 servire,
946 741 1139 782 Libanum
1169 749 1213 781 ut
1244 741 1473 782 conveniam
1505 741 1634 780 modo.

222 813 316 854 L113.
365 812 450 852 Mea
479 811 638 863 quidem
666 810 799 850 hercle
829 813 947 863 opera
977 809 1078 850 liber
1108 821 1322 861 numquam
1353 810 1420 848 fies
1452 809 1573 848 ocius.
1847 849 1855 857 ,
1901 812 1956 845 275

221 881 358 921 LEON.
407 879 534 919 Etiam
564 878 612 918 de
643 884 754 930 tergo
785 877 974 918 ducentas
1003 877 1137 930 plagas
1167 877 1391 929 praegnatis
1422 876 1534 915 dabo.

222 949 315 989 Lm.
364 947 547 1000 Largitur
575 946 788 999 peculium,
820 958 979 985 omnem
1009 945 1049 984 in
1080 951 1192 997 tergo
1222 945 1476 984 thensaurum
1508 944 1620 995 gerit.

223 1016 359 1057 Laos.
408 1014 504 1054 Nam
535 1014 567 1054 si
597 1013 690 1053 huic
719 1015 804 1053 sese
836 1012 1032 1053 occasioni
1063 1019 1219 1065 tempus
1248 1012 1553 1064 supterduxerit,

224 1095 439 1135 numquam
469 1081 610 1134 edepol
641 1080 838 1133 quadrigis
868 1080 965 1120 albis
994 1080 1204 1132 indipiscet
1233 1086 1368 1132 postea
1379 1093 1389 1130 ;

224 1163 336 1192 erum
366 1151 406 1190 in
437 1150 642 1190 obsidione
671 1149 837 1201 linquet,
869 1148 1072 1188 inimicum
1101 1148 1254 1188 animos
1283 1147 1448 1188 auxerit.
1903 1148 1959 1182 280

224 1219 291 1260 sed
321 1218 354 1259 si
383 1230 538 1258 mecum
570 1217 816 1257 occasionem
847 1216 1071 1269 opprimere
1102 1215 1218 1264 lianc,
1249 1227 1348 1268 quae
1379 1215 1550 1261 obvenit,
1580 1213 1722 1262 studet,

225 1288 410 1327 maximas
439 1286 672 1339 opimitates,
703 1285 843 1337 gaudio
875 1283 1152 1324 exfertissimas

225 1358 305 1396 suis
335 1356 413 1395 eris
442 1355 506 1394 ille
535 1366 615 1393 una
645 1365 799 1393 mecum
831 1353 969 1404 pariet,
1000 1359 1199 1404 gnatoque
1229 1357 1268 1391 et
1297 1351 1410 1403 patri,

226 1424 321 1463 adeo
352 1429 397 1463 ut
425 1428 590 1462 aetatem
621 1420 734 1460 ambo
765 1419 956 1459 ambobus
988 1419 1103 1459 nobis
1132 1419 1212 1459 sint
1242 1418 1415 1465 obnoxii,

227 1498 362 1531 nostro
393 1489 562 1530 devincti
591 1488 797 1528 beneficio.
855 1486 950 1528 L1B.
999 1487 1160 1527 Vinctos
1191 1486 1324 1526 nescio
1356 1498 1457 1538 quos
1486 1485 1559 1534 ait3
1905 1487 1960 1521 285

229 1572 311 1598 non
342 1558 489 1611 placet:
519 1562 664 1604 metuo,
694 1557 735 1596 in
766 1567 977 1595 commune
1007 1567 1057 1594 ne
1088 1567 1204 1607 quam
1236 1554 1409 1594 fraudem
1445 1554 1597 1594 frausus
1626 1553 1689 1592 sit.

228 1627 365 1668 LEON.
415 1625 517 1665 Perii
538 1637 610 1676 ego
636 1623 794 1676 oppido,
826 1623 899 1663 nisi
923 1622 1113 1662 Libanum
1146 1622 1302 1662 invenio
1333 1622 1420 1668 iam,
1453 1621 1588 1661 ubiubi
1612 1627 1670 1660 est
1699 1621 1890 1672 gentium.

228 1694 321 1735 Lm.
371 1694 453 1733 lllic
483 1694 600 1732 homo
631 1692 782 1732 socium
812 1691 859 1730 ad
890 1690 1028 1729 malam
1059 1703 1142 1730 rem
1174 1691 1325 1742 quaerit
1356 1702 1472 1741 quem
1503 1690 1688 1741 adiungat
1717 1687 1802 1728 sibi.

229 1775 310 1801 non
343 1761 490 1815 placet:
522 1772 594 1813 pro
625 1765 805 1799 monstro
837 1758 1032 1810 extemplo
1063 1765 1133 1806 est,
1166 1757 1324 1810 quando
1355 1758 1421 1809 qui
1453 1758 1566 1796 sudat
1595 1757 1736 1796 tremit.

227 1829 363 1870 LEON.
415 1829 491 1868 Sed
524 1828 616 1879 quid
648 1840 721 1879 ego
752 1827 816 1866 hic
846 1838 1065 1878 properans
1096 1839 1285 1865 concesso
1316 1825 1494 1878 pedibus,
1524 1824 1656 1876 lingua
1687 1822 1863 1877 largior?
1904 1825 1961 1859 290

230 1898 326 1949 quin
360 1909 432 1948 ego
464 1896 566 1935 hanc
596 1895 713 1935 iubeo
744 1902 887 1942 tacere,
920 1906 1020 1945 quae
1050 1894 1217 1945 loquens
1247 1894 1391 1933 lacerat
1420 1891 1551 1932 diem?

227 1965 322 2006 LIB.
373 1964 523 2016 Edepol
554 1964 752 2004 hominem
784 1961 994 2008 infelicem,
1026 1962 1092 2013 qui
1122 1968 1325 2015 patronam
1357 1961 1601 2013 comprimat.

343 2112 406 2146 267
433 2110 604 2146 Lnomm
625 2119 783 2144 LIBANVS
807 2119 913 2144 snam
936 2117 1012 2143 Dvo
1030 2107 1099 2142 BE
1187 2107 1348 2142 libanum
1371 2117 1468 2141 nunc
1486 2105 1520 2141 B
1613 2108 1677 2141 268
1695 2106 1744 2151 cf.
1770 2105 1894 2142 Dona-

229 2172 286 2203 tus
310 2167 360 2202 ad
377 2166 456 2202 Ter.
473 2166 539 2201 Ad.
557 2167 592 2208 4,
613 2167 644 2207 7,
661 2166 711 2201 43
803 2167 867 2200 270
889 2167 1019 2210 potant
1038 2164 1074 2199 E
1164 2166 1224 2198 271
1253 2164 1391 2208 pariter
1414 2174 1482 2198 om.
1507 2162 1650 2198 Nonius
1672 2163 1749 2198 472
1773 2165 1895 2204 (testa-

231 2229 290 2260 tur
319 2223 487 2269 partiam)
626 2224 693 2256 274
722 2223 879 2257 aetatem
909 2220 1053 2256 Nonius
1087 2221 1143 2256 72.
1173 2220 1263 2255 271.-
1296 2221 1417 2255 aetate
1453 2218 1573 2260 codd„
1611 2217 1753 2254 Nonius
1781 2220 1828 2255 72
1858 2219 1895 2254 in

229 2281 393 2316 lemmate
506 2288 656 2314 seruare
690 2280 795 2320 (-ere)
832 2277 974 2312 Nonius
985 2278 1056 2312 271
1175 2280 1234 2312 ut:
1268 2276 1329 2320 qui
1353 2275 1496 2311 Nonius
1524 2276 1570 2310 72
1686 2278 1751 2310 275
1776 2275 1896 2320 (hilo)

227 2337 320 2372 liber
343 2335 523 2371 Luclasius
546 2345 670 2370 comm.
688 2345 792 2381 pros.
816 2333 873 2369 Pl.
896 2336 929 2376 1,
952 2336 1000 2369 18
1093 2336 1156 2368 277
1183 2343 1286 2369 omne
1311 2331 1348 2366 E
1453 2335 1518 2367 278
1541 2331 1725 2368 occasioni
1752 2334 1894 2377 tempus

230 2404 319 2438 sese,
344 2403 439 2429 corr.
463 2391 673 2433 Bentleius;
696 2390 824 2426 deinde
846 2391 1043 2426 subiectum
1067 2395 1236 2424 mutatur.
1261 2389 1406 2425 occasio
1426 2394 1463 2424 et
1484 2392 1625 2433 tempus
1650 2388 1798 2424 notione
1821 2400 1896 2424 uon

229 2450 385 2486 discreta
418 2448 546 2484 Pseud.
581 2449 656 2483 958
687 2446 788 2483 Pers.
817 2448 888 2483 724
900 2458 972 2493 sq„
1007 2447 1182 2481 similiora
1217 2445 1300 2481 kuic
1335 2446 1415 2481 loco
1448 2444 1584 2481 Bacch.
1619 2445 1701 2481 673.
1734 2445 1807 2481 676

230 2510 295 2542 279
327 2506 541 2551 indispiscet
566 2505 601 2540 B
693 2507 757 2540 280
783 2515 864 2540 eros
888 2503 1123 2549 Niemeyerus
1215 2505 1279 2537 282
1305 2502 1488 2547 optimitas
1513 2505 1550 2538 et
1566 2501 1796 2537 Noniu5146
1812 2505 1898 2543 (nou

229 2575 278 2599 ex
297 2562 436 2605 Gema),
461 2562 636 2607 opimates
655 2560 699 2603 E,
728 2561 776 2600 cs'.
792 2560 842 2595 ad
859 2560 958 2606 capt.
983 2561 1054 2595 769
1145 2559 1403 2595 exfertissimas
1421 2559 1582 2594 Nonius:
1606 2557 1662 2594 eff.
1681 2557 1797 2600 codd„
1816 2556 1898 2593 Gel-

230 2620 302 2654 lius
321 2621 355 2661 6,
373 2620 428 2661 17,
445 2619 493 2653 12
585 2620 652 2653 284
675 2620 832 2653 aetatem
851 2616 939 2652 DE:
962 2619 1101 2652 aeatem
1119 2616 1164 2657 B,
1190 2616 1236 2650 ad
1253 2619 1406 2651 aetatem
1425 2615 1566 2650 Nonius
1589 2617 1635 2650 72
1651 2615 1714 2660 (cf.
1732 2614 1780 2649 ad
1795 2615 1897 2660 274),

229 2679 350 2711 aetate
369 2675 505 2711 Gellius
585 2677 651 2709 286
669 2675 715 2710 sit
732 2673 875 2709 Nonius
890 2675 958 2708 112
966 2685 977 2707 .·
1001 2673 1070 2708 siet
1161 2675 1225 2707 289
1246 2672 1407 2717 exemplo
1426 2675 1480 2708 est
1497 2671 1559 2714 D1,
1577 2671 1720 2707 Nonius
1735 2672 1808 2706 412

230 2733 374 2777 quando
401 2743 468 2767 om.
493 2731 545 2766 B²
637 2732 698 2777 qui
722 2731 848 2767 sudat:
875 2731 983 2765 sudat
1010 2729 1096 2774 quid
1122 2728 1263 2764 Nonius
1399 2728 1490 2763 nihil
1521 2728 1616 2764 dixit
1640 2727 1803 2764 Leonida
1826 2739 1898 2774 quo

230 2789 356 2823 ultima
366 2789 601 2834 perlineaut;
622 2792 707 2835 post
731 2798 761 2822 v.
774 2788 855 2822 288
873 2787 1038 2821 lacunam
1056 2785 1265 2820 indicarunt
1281 2785 1446 2821 Loewc'us
1463 2784 1632 2821 Goeczius
1724 2787 1790 2820 292
1805 2785 1899 2830 (eu)

230 2844 360 2890 edepol
385 2843 614 2880 Camerarius
