1998 3179
84 87 99 114 1
110 88 136 121 1,
155 88 290 115 159—186
763 86 1052 122 AMPHITRVO
1686 90 1707 125 1
1715 89 1735 126 7

85 201 246 240 facimus
277 200 468 251 nequiter,
501 201 615 239 ferire
645 201 782 239 malam
811 200 910 239 male
941 201 1053 240 discit
1081 213 1243 255 manus3
1751 212 1807 244 315

84 268 155 306 alia
185 269 308 306 forma
339 271 423 307 esse
454 273 609 319 oportet
639 280 753 318 quem
784 274 826 307 tu
857 281 991 319 pugno
1022 268 1171 320 legeris.

84 336 173 376 Sos,
230 335 313 374 Illic
340 335 457 374 homo
489 348 549 374 me
579 335 832 386 interpolabit
862 348 1071 386 meumque
1102 349 1145 375 os
1175 337 1297 386 finget
1326 336 1467 374 denuo.

83 403 222 442 MERc.
281 402 511 442 Exossatum
542 416 585 441 os
615 415 699 442 esse
732 409 887 453 oportet
916 416 1032 453 quem
1063 403 1185 454 probe
1215 404 1467 455 percusseris.

83 470 173 510 Sos.
231 471 371 509 Mirum
404 471 442 508 ni
472 470 536 508 hic
564 482 626 508 me
657 470 766 520 quasi
796 482 999 508 murenam
1030 473 1210 510 exossare
1240 471 1394 521 cogitat.

84 537 186 576 ultro
218 537 347 577 istunc
377 538 443 588 qui
474 543 627 576 exossat
655 537 849 575 homiues.
908 537 1019 588 perii,
1051 538 1081 576 si
1112 550 1174 576 me
1205 538 1410 588 aspexerit.
1753 548 1810 580 320

83 605 223 645 MERC.
272 605 360 643 Olet
379 606 496 643 homo
518 604 671 655 quidam
693 604 793 642 malo
816 616 900 642 suo.
1006 604 1095 644 Sos.
1144 605 1192 653 ei,
1215 617 1401 643 numnam
1425 618 1494 656 ego
1517 604 1674 644 obolui?

82 672 222 712 MERC.
270 673 397 722 Atque
427 672 528 710 baud
558 672 675 723 longe
705 672 839 710 abesse
871 678 1035 722 oportet,
1067 685 1197 710 verum
1230 673 1346 723 longe
1376 673 1468 711 hinc
1498 673 1605 711 afuit.

82 739 171 779 Sos.
221 739 302 777 Illic
331 739 448 778 homo
479 739 800 790 superstitiosust.
915 739 1055 778 MERC.
1105 738 1284 778 Gestiunt
1314 740 1436 790 pugni
1468 740 1572 778 mihi.

82 806 171 846 Sos.
231 807 270 845 Si
300 807 338 845 in
373 819 433 845 me
465 806 737 851 exercituru’s,
770 819 914 857 quaeso
946 807 985 844 in
1017 806 1203 857 parietem
1234 814 1278 845 ut
1308 807 1476 857 primum
1508 807 1654 846 domes.

81 873 221 912 MERC.
271 873 352 912 Vox
382 874 435 912 mi
465 874 510 912 ad
541 886 654 913 aures
684 874 883 912 advolavit.
998 873 1088 913 Sos.
1146 874 1201 912 Ne
1233 887 1304 925 ego
1336 874 1452 912 homo
1484 874 1617 913 infelix
1647 875 1715 917 fui,
1756 883 1811 915 325

83 942 149 992 qui
181 955 259 981 non
292 942 371 981 alas
401 943 612 982 intervelli:
645 942 840 980 volucrem
870 954 1006 980 vocem
1037 942 1188 992 gestito.

80 1009 220 1049 MERC.
279 1009 361 1049 lllic
384 1010 500 1049 homo
532 1023 552 1048 a
583 1022 644 1048 me
676 1009 749 1049 sibi
779 1010 915 1048 malam
948 1022 1028 1048 rem
1060 1009 1219 1048 arcessit
1250 1009 1424 1048 iumento
1455 1022 1540 1049 suo.

81 1077 170 1117 Sos.
201 1078 285 1116 Non
305 1078 485 1128 equidem
501 1078 622 1116 ullum
640 1078 763 1116 habeo
779 1077 1011 1116 iumentum.
1042 1077 1099 1117 M.
1123 1076 1357 1116 Onerandus
1373 1084 1431 1115 est
1447 1077 1590 1128 pugnis
1607 1077 1741 1128 probe.

81 1145 170 1185 SOS.
229 1146 371 1184 Lassus
391 1158 475 1185 sum
497 1145 641 1191 hercle,
673 1145 759 1184 navi
790 1152 833 1183 ut
852 1151 984 1183 vectus
1014 1145 1091 1183 huc
1112 1157 1217 1183 sum:
1250 1145 1363 1183 etiam
1386 1157 1493 1183 nunc
1517 1157 1681 1192 nauseo;

81 1213 141 1250 vix
171 1212 309 1251 incedo
340 1212 480 1259 inanis,
513 1225 561 1251 ne
593 1213 649 1251 ire
680 1224 794 1263 posse
826 1224 915 1250 cum
946 1224 1068 1250 onere
1099 1212 1305 1250 existimes.
1755 1220 1810 1252 330

81 1279 220 1319 MERC.
253 1280 364 1318 Certe
381 1280 484 1318 enim
502 1280 564 1318 hic
581 1279 713 1318 nescio
732 1280 818 1330 quis
836 1279 1021 1329 loquitur.
1067 1279 1156 1318 Sos.
1186 1279 1318 1317 Salvos
1335 1290 1433 1325 sum,
1452 1291 1609 1318 nonme
1624 1279 1742 1319 videt:

82 1347 330 1397 nescioquem
362 1347 469 1397 loqui
498 1353 691 1393 autumat;
724 1347 816 1384 mihi
847 1353 954 1385 certo
987 1359 1130 1384 nomen
1164 1346 1345 1385 Sosiaest.

80 1413 219 1452 MERC.
279 1413 380 1452 Hinc
411 1414 514 1452 enim
548 1414 639 1452 mihi
671 1415 802 1452 dextra
833 1426 905 1452 vox
936 1414 1051 1458 auris,
1084 1420 1127 1452 ut
1156 1414 1319 1459 videtur,
1352 1413 1540 1452 verberat.

79 1481 169 1521 Sos.
221 1481 364 1528 Metuo,
394 1482 499 1520 vocis
531 1494 579 1520 ne
610 1482 730 1520 vicem
762 1482 876 1519 hodie
908 1481 971 1519 hic
995 1481 1186 1531 vapulem,
1219 1493 1316 1531 quae
1348 1482 1453 1519 hunc
1484 1480 1671 1519 verberat.

79 1549 219 1588 Mmzc.
269 1549 437 1601 Optume
458 1562 591 1588 eccum
616 1549 759 1588 incedit
791 1549 836 1587 ad
869 1561 942 1587 me.
1002 1549 1091 1589 Sos.
1142 1549 1288 1593 Timeo,
1320 1555 1424 1588 totus
1454 1555 1603 1600 torpeo.
1756 1557 1810 1589 335

81 1629 161 1655 non
193 1617 331 1668 edepol
362 1629 469 1656 nunc
501 1616 565 1656 ubi
596 1623 787 1656 terrarum
819 1617 889 1655 sim
921 1617 1015 1663 scio,
1047 1617 1076 1655 si
1109 1617 1195 1667 quis
1226 1624 1350 1668 roget,

82 1696 209 1735 neque
240 1684 356 1723 miser
386 1696 447 1722 me
479 1696 723 1723 commovere
754 1696 913 1735 possum
945 1696 1037 1735 prae
1069 1684 1289 1723 formidine.

79 1751 193 1798 ilicet,
224 1752 403 1790 mandata
435 1751 492 1790 eri
520 1751 724 1802 perierunt
754 1764 830 1790 una
862 1757 900 1790 et
931 1751 1053 1790 Sosia.

78 1830 211 1857 verum
243 1825 392 1858 certum
425 1824 483 1858 est
512 1819 757 1858 confidenter
786 1819 985 1857 hominem
1017 1824 1153 1857 contra
1184 1819 1381 1869 conloqui,

81 1886 146 1937 qui
177 1887 322 1938 possim
351 1887 474 1925 videri
504 1887 595 1925 huic
626 1887 748 1933 sortis,
779 1899 798 1925 a
829 1899 892 1925 me
922 1893 965 1925 ut
995 1887 1187 1926 abstineat
1216 1899 1389 1925 manum.
1755 1895 1812 1927 340

79 1954 218 1994 MEnc.
268 1954 354 2000 Quo
386 1954 560 1993 ambulas
589 1961 643 2001 tu,
675 1955 740 2005 qui
772 1954 984 1993 Volcanum
1017 1955 1055 1993 in
1088 1967 1210 1993 cornu
1244 1955 1472 1993 conclusum
1504 1953 1634 2006 geris?

80 2022 168 2062 Sos.
219 2022 320 2068 Quid
351 2022 388 2060 id
421 2022 591 2072 exquiris
622 2029 675 2068 tu,
707 2023 771 2072 qui
804 2022 947 2073 pugnis
979 2035 1021 2061 os
1052 2035 1207 2061 exossas
1237 2021 1491 2061 hominibus?

193 2124 269 2157 315.
296 2124 360 2156 316
386 2121 524 2164 Sosiae,
549 2124 612 2157 317
638 2121 824 2164 Mercurii,
851 2125 1030 2157 318—320
1056 2122 1195 2164 Sosiae,
1221 2134 1316 2157 corr.
1344 2135 1362 2159 ς
1500 2126 1564 2158 315
1588 2123 1740 2165 facinus,

80 2180 246 2220 correxi,
276 2179 328 2223 cf.
359 2177 457 2214 Men.
491 2179 558 2212 650
695 2182 760 2214 316
786 2178 944 2213 deterior
964 2179 1009 2223 fit
1033 2179 1167 2214 inserto
1200 2179 1341 2214 nomine
1365 2180 1506 2221 (malam
1531 2180 1602 2214 alia
1625 2179 1681 2214 vel
1703 2189 1742 2214 os

80 2238 181 2278 esse),
195 2235 274 2270 vide
287 2246 316 2270 v.
331 2236 398 2268 317
482 2244 600 2278 pugne
614 2233 794 2280 Pylades,·
809 2235 937 2269 similis
952 2236 1107 2270 variatio
1125 2247 1154 2270 e.
1168 2247 1204 2281 9.
1224 2235 1333 2282 Epid.
1353 2237 1417 2269 161
1429 2247 1483 2281 sq.
1498 2235 1593 2270 Men.
1608 2237 1674 2269 554
1688 2246 1742 2281 sq.

80 2291 114 2325 T
110 2291 179 2326 rin.
194 2292 260 2325 718
374 2291 532 2334 tetigeris
565 2290 758 2336 Vssinqius
872 2295 935 2325 317
968 2293 1052 2326 illuc
1082 2297 1116 2326 et
1139 2292 1371 2336 interpolauit
1395 2291 1496 2327 Noni
1510 2303 1553 2338 p.
1571 2293 1616 2325 34
1640 2291 1742 2326 codd.

77 2348 159 2393 fere
243 2351 307 2383 318
325 2358 364 2382 os
379 2359 445 2382 om.
461 2346 505 2389 D,
520 2348 568 2392 cf.
582 2349 669 2389 342,·
683 2358 722 2383 os
736 2348 813 2382 scil.
831 2348 906 2383 eius
993 2351 1057 2383 319
1075 2359 1119 2383 ne
1212 2351 1276 2383 320
1293 2349 1399 2390 istuc,
1413 2359 1508 2383 corr.
1529 2348 1653 2383 Dousa

81 2406 142 2438 321
162 2404 194 2438 ei
217 2403 335 2449 <mihi>
359 2403 511 2449 Pylades
624 2415 816 2449 numquam
842 2404 940 2447 B2E,
965 2415 1146 2449 nunquam
1163 2405 1196 2440 D
1288 2415 1352 2448 ego
1376 2416 1445 2440 om.
1469 2404 1508 2438 Ε
1595 2406 1660 2438 322
1685 2404 1744 2439 hie

80 2459 205 2495 B¹JJE
309 2460 412 2494 affuit
518 2462 582 2494 323
608 2461 643 2495 S.
671 2472 739 2495 om.
849 2461 897 2495 M.
924 2461 1140 2496 Lambinus.-
1167 2461 1203 2496 S.
1307 2460 1575 2504 superstitiosus
1599 2464 1655 2495 est

78 2515 222 2559 gestiuit
238 2515 365 2550 B'DE'
454 2519 518 2551 324
543 2517 577 2551 S.
605 2528 673 2552 om.
788 2520 829 2551 ut
852 2517 1021 2561 primum:
1046 2518 1145 2561 prius
1171 2517 1311 2552 Nonius
1327 2518 1392 2551 295
1507 2518 1572 2551 325
1596 2516 1743 2551 aduola-

79 2571 133 2606 bit
152 2571 223 2606 BD
314 2575 378 2606 329
403 2573 487 2606 naui
510 2572 573 2606 .L..·
597 2583 616 2607 e
640 2573 741 2616 naui3
775 2574 826 2618 cf.
853 2573 988 2608 Bacch.
1017 2574 1082 2607 106
1186 2576 1250 2608 332
1276 2573 1371 2608 sosia
1396 2575 1467 2614 est,
1497 2583 1593 2607 corr.
1617 2572 1744 2608 Fleck-

80 2627 218 2662 eisenus
347 2631 412 2663 333
441 2629 586 2664 dextera
721 2639 743 2664 a
768 2630 892 2664 dextra.
916 2629 1202 2671 Lindemannus‚
1234 2640 1302 2664 vox
1334 2629 1481 2663 dextera
1507 2627 1655 2664 Guietus

81 2685 147 2718 334
162 2683 250 2724 vice,
268 2695 363 2719 corr.
381 2683 547 2730 Scaliger
639 2687 702 2719 335
720 2686 853 2720 rectius
877 2685 1070 2720 ascendere
1086 2691 1195 2731 putes
1214 2695 1409 2720 sermonem
1426 2685 1497 2720 sic:
1511 2685 1617 2720 timeo
1633 2687 1744 2726 totus,

80 2743 204 2782 torpeo
222 2741 286 2785 (cf.
307 2742 404 2782 1077,
431 2740 514 2775 Cist.
530 2743 625 2784 535J:
653 2742 716 2776 sed
727 2745 826 2777 totus
849 2742 982 2786 ubique
993 2742 1183 2788 praecedit
1275 2743 1339 2776 336
1363 2741 1527 2776 terrarim
1550 2740 1655 2777 B¹D¹

81 2795 112 2828 si
136 2796 234 2839 quis:
259 2796 321 2830 ubi
343 2798 374 2830 E
511 2800 574 2833 338
608 2798 679 2833 illic
704 2802 739 2833 et
758 2799 806 2839 B,
831 2798 904 2833 illic
921 2800 953 2833 ei
973 2798 1025 2840 E,
1050 2798 1183 2833 illicum
1208 2800 1244 2837 (u
1267 2798 1290 2831 2
1313 2808 1374 2839 m.,
1395 2808 1431 2832 m
1453 2808 1535 2843 sup.
1560 2801 1596 2837 u)
1620 2797 1654 2832 D

83 2853 148 2886 339
179 2855 296 2887 certus
388 2856 453 2888 340
477 2854 537 2898 qui
564 2855 812 2890 Camerarius.-
834 2855 940 2898 igitur
965 2855 1024 2898 qui
1048 2854 1143 2898 (quid
1169 2853 1215 2895 E)

147 2907 270 2935 Plautus
290 2909 313 2936 1.
1451 2913 1470 2944 2
