2018 3183
199 90 281 130 364
944 92 1126 129 PLAVTI
1678 86 1751 129 1114.
1764 94 1866 124 41—67

371 206 536 260 produci
567 209 675 245 intus
705 206 830 246 iubes.
889 207 994 248 PER.
1044 207 1150 247 Haec
1182 220 1276 259 ergo
1307 213 1367 248 est
1396 207 1564 248 fidicina.

369 275 431 314 hic
461 275 532 313 alia
565 274 720 313 nullast.
779 274 880 315 MIL.
926 275 1013 313 Non
1046 275 1138 314 mihi
1174 275 1309 327 nugari
1342 281 1467 327 potes.

369 342 462 392 quin
495 348 537 380 tu
568 342 646 381 11110
677 342 862 393 producis
893 343 1089 382 fidicinam
1121 341 1480 395 Acropolistidem?

368 410 472 451 PER.
502 409 608 448 Haec
632 410 844 461 inquamst.
903 410 1004 451 Mn..
1037 410 1122 450 Non
1151 411 1246 450 haec
1270 411 1481 463 inquamst.
1514 423 1593 451 non
1626 412 1779 452 novisse
1805 419 1935 452 1116480

369 489 496 517 meam
526 490 613 517 rere
644 478 807 518 amicam
838 478 985 530 posse?
1044 478 1147 519 PER.
1199 478 1323 526 Hanc,
1355 479 1529 530 inquam,
1559 479 1662 520 filius

368 558 480 585 meus
511 545 715 597 deperibat
746 546 954 586 fidicinam.
1014 546 1116 587 ΜΠ..
1167 547 1271 586 Haec
1302 559 1382 586 non
1415 553 1474 587 est
1504 559 1562 587 ea.

366 613 410 654 P.
442 612 573 660 Quid?
607 627 686 654 non
714 612 802 654 est?
847 615 904 656 M.
927 615 1015 655 Non
1043 622 1114 655 est.
1163 615 1208 656 P.
1230 615 1340 654 Vnde
1358 615 1454 655 haec
1479 615 1598 667 igitur
1622 613 1867 667 gentiumst?

368 681 548 733 equidem
579 682 711 722 hercle
744 689 950 734 argentum
981 695 1054 735 pro
1085 683 1157 722 hac
1188 683 1287 722 dedi.
1348 683 1449 724 Mn..
1497 683 1625 722 Stulte
1658 683 1790 723 datum

366 761 457 790 reor
487 756 526 790 et
554 757 759 802 peccatum
791 750 961 802 largiter.
1020 751 1124 791 PER.
1176 750 1299 790 Immo
1331 751 1428 791 haec
1459 758 1554 791 east.
1874 758 1930 791 485

370 830 459 857 nam
491 830 643 858 servom
674 817 775 865 misi,
808 818 874 869 qui
906 818 1014 858 11111111
1045 819 1185 858 sectari
1216 819 1315 858 solet

371 898 502 925 meum
533 888 713 938 gnatum:
748 886 780 925 is
811 887 894 938 ipse
925 886 1026 925 hanc
1058 886 1265 926 destinavit
1294 886 1505 926 fidicinam.

368 954 469 994 MIL.
519 954 593 993 Em
623 954 709 994 istic
739 954 858 993 homo
889 960 927 993 te
959 954 1190 994 articulatim
1222 954 1404 1002 concidit,
1435 967 1567 1001 seneX,

369 1030 458 1062 tuos
489 1035 633 1062 servos.
692 1023 798 1062 PER.
850 1021 981 1069 Quid?
1011 1021 1212 1062 concidit?
1271 1023 1372 1064 Mn..
1423 1022 1487 1062 Sic
1517 1021 1739 1074 suspiciost,

371 1103 461 1130 nam
492 1103 564 1142 pro
596 1090 753 1130 fidicina
783 1091 879 1130 haec
909 1103 1020 1130 cerva
1052 1091 1255 1143 supposita
1286 1097 1344 1130 est
1372 1090 1456 1130 11111.
1873 1096 1932 1131 490
1999 1133 2002 1139 ,

369 1171 502 1207 senex,
533 1159 603 1198 tibi
636 1171 679 1198 os
711 1164 769 1198 est
799 1158 987 1198 sublitum
1018 1159 1134 1211 plane
1166 1165 1204 1198 et
1234 1158 1369 1210 probe.

368 1239 440 1278 ego
471 1227 574 1266 illam
607 1227 803 1278 requiram
834 1228 909 1266 iam
939 1226 1008 1266 ubi
1038 1226 1108 1266 ubi
1142 1233 1210 1266 est.
1242 1249 1298 1255 —-—
1327 1227 1431 1267 PER.
1483 1226 1665 1274 Bellatm',
1695 1225 1791 1265 vale.

370 1307 480 1346 euge,
511 1307 623 1346 euge,
655 1294 829 1346 Epidico,
861 1295 965 1346 frugi
997 1307 1050 1343 es,
1082 1294 1316 1347 pugnavisti‚
1347 1295 1465 1334 homo
1497 1306 1552 1342 es,

369 1363 434 1415 qui
465 1375 527 1402 me
559 1363 769 1403 emunxisti
799 1363 1012 1410 mucidum,
1045 1363 1195 1402 minimi
1227 1363 1341 1414 preti.

368 1438 564 1471 mercatus
592 1438 630 1470 te
662 1431 777 1470 hodie
809 1436 866 1471 est
897 1431 943 1470 de
975 1431 1119 1470 lenone
1150 1429 1400 1483 Apoecides?
1875 1435 1932 1469 495

902 1509 1167 1550 FIDICINA

369 1578 504 1618 Fando
536 1590 608 1630 ego
641 1578 768 1618 istunc
800 1578 999 1617 hominem
1033 1590 1246 1630 numquam
1279 1577 1405 1617 audivi
1437 1584 1528 1617 ante
1557 1577 1667 1617 hunc
1697 1575 1811 1623 diem,

370 1659 498 1698 neque
530 1659 592 1686 me
624 1646 780 1698 quidem
814 1645 944 1686 emere
977 1647 1183 1698 quisquam
1214 1646 1293 1685 ulla
1324 1646 1491 1699 pecunia

369 1715 515 1766 potuit:
546 1714 635 1766 plus
666 1714 740 1753 iam
772 1727 859 1754 sum
888 1714 1011 1753 libera
1043 1715 1375 1766 quinquennium.

368 1783 471 1823 PER.
522 1782 623 1829 Quid
654 1782 724 1822 tibi
759 1783 929 1834 negotist
959 1795 1067 1822 meae
1098 1783 1201 1821 domi
1233 1781 1380 1834 igitur?
1438 1782 1534 1822 Fm.
1580 1780 1737 1821 Audies.

370 1851 564 1890 conducta
595 1851 695 1899 veni,
727 1857 770 1890 ut
800 1850 942 1890 fidibus
973 1858 1171 1890 cantarem
1204 1851 1301 1897 seni,
1875 1853 1932 1886 50⁰

370 1919 464 1958 dum
493 1930 577 1957 rem
609 1919 774 1959 divinam
808 1919 969 1958 faceret.
1029 1919 1133 1959 PER.
1185 1918 1327 1958 Fateor
1356 1931 1418 1958 me
1450 1918 1626 1958 omnium

369 1986 574 2026 hominum
605 1999 689 2026 esse
720 1987 885 2026 Athenis
917 1987 1051 2027 Atticis
1082 1987 1233 2026 minimi
1266 1987 1380 2039 preti.

371 2054 438 2093 sed
469 2061 512 2094 tu
545 2055 712 2094 novistin
746 2055 942 2094 fidicinam
973 2053 1329 2107 Acropolistidem?

315 2156 380 2187 477
397 2153 496 2188 intus
515 2153 619 2189 iubes
637 2154 792 2199 produci
810 2154 1073 2200 Bruqmmmus
1131 2157 1197 2189 479
1216 2153 1486 2199 cropolistidem
1503 2152 1539 2188 P
1592 2154 1654 2187 481
1677 2161 1756 2187 eam
1772 2150 1808 2186 P

197 2219 306 2255 posse
331 2208 384 2244 P:
408 2219 488 2255 esse
511 2210 543 2245 A
651 2213 716 2245 485
743 2213 779 2246 et
803 2221 871 2245 om.
898 2211 930 2245 A
1036 2213 1115 2246 east
1139 2209 1191 2245 P:
1215 2213 1270 2246 est
1294 2213 1324 2245 A
1433 2211 1499 2244 486
1524 2208 1586 2255 qui
1609 2208 1710 2244 illum
1735 2208 1785 2244 A:
1808 2207 1872 2254 qui

191 2269 281 2312 post
304 2267 463 2312 spatium
488 2266 536 2309 B,
561 2277 629 2302 om.
657 2266 790 2302 lacuna
814 2267 975 2302 indicata
1001 2267 1055 2302 EI
1166 2269 1230 2302 487
1256 2267 1288 2302 is
1314 2277 1380 2302 om.
1408 2265 1442 2301 P
1553 2266 1650 2301 hanc
1674 2264 1872 2300 destinauit

196 2322 382 2358 fidicinam
405 2323 456 2357 A.-
490 2323 584 2358 hanc
607 2322 793 2359 fidicinam
824 2323 909 2359 emit·
933 2323 1117 2359 fidicinam
1142 2326 1235 2366 (cum
1262 2324 1329 2358 Zac.
1348 2326 1436 2369 post
1460 2322 1558 2365 emit)
1583 2321 1639 2363 B,
1670 2323 1764 2357 hanc
1787 2320 1869 2356 fidi-

200 2378 319 2414 cinam
343 2382 436 2419 (cum
463 2378 531 2414 lac.
551 2384 642 2426 post
664 2382 771 2422 hanc)
796 2378 858 2415 EI
959 2382 1025 2415 488
1051 2381 1132 2415 hcm
1156 2379 1191 2414 P
1303 2379 1538 2415 articulatum
1563 2377 1726 2415 concidis
1750 2378 1781 2413 A

200 2433 257 2470 11ίο
283 2434 435 2479 Peliam,
459 2437 581 2471 statim
607 2434 839 2482 Iplzz'qeniam
863 2435 1001 2472 indicat
1140 2440 1205 2473 489
1230 2437 1316 2483 quid
1341 2435 1390 2470 P:
1419 2435 1480 2481 qui
1504 2437 1535 2471 A
1673 2437 1739 2469 490
1764 2444 1871 2470 cerva

200 2502 269 2525 om.
295 2490 330 2526 P
443 2494 508 2527 492
534 2492 574 2528 Ρ.
597 2503 738 2539 praem.
761 2491 798 2527 B
911 2492 952 2527 P.
979 2503 1045 2527 om.
1069 2491 1146 2534 ΑΡ,
1171 2503 1266 2528 corr.
1294 2492 1466 2528 Goctzius
1580 2494 1645 2527 493
1669 2501 1784 2536 eugae
1807 2501 1871 2527 eu-

198 2559 264 2592 gae
281 2549 312 2583 Α
321 2560 332 2582 .·
357 2559 448 2595 euge
465 2549 569 2593 fruge
588 2548 619 2587 I.
645 2559 735 2593 euge
752 2548 846 2593 frugi
871 2548 1000 2593 (frugh
1022 2548 1069 2589 B)
1095 2548 1164 2585 BE
1229 2548 1401 2594 pugnasti
1419 2547 1505 2591 AP;
1528 2548 1578 2594 cf:
1599 2547 1678 2583 Ter.
1695 2547 1763 2583 Ad.
1783 2548 1868 2583 843.

197 2603 292 2639 Ean.
319 2599 390 2640 154
491 2607 557 2640 494
583 2605 789 2649 muccidum
812 2606 844 2639 A
943 2607 1008 2639 495
1032 2607 1232 2641 mercatum
1256 2607 1313 2640 est
1335 2607 1372 2640 te
1396 2604 1505 2640 hodie
1529 2606 1584 2640 est
1606 2604 1736 2640 lenone
1759 2614 1868 2649 apoc-

200 2661 293 2704 tides
310 2663 342 2697 A
435 2663 502 2697 496
525 2661 674 2697 fandum
691 2663 735 2704 A,
762 2662 917 2697 eandum
935 2660 969 2695 P
992 2662 1110 2704 (etiam
1130 2661 1181 2696 B¹
1205 2666 1246 2697 uc
1263 2661 1355 2697 vich.-
1379 2661 1536 2697 ehodum
1553 2660 1630 2703 ΒΕ),
1654 2670 1750 2696 corr.
1779 2660 1870 2707 Gep-

198 2725 325 2763 percus
417 2719 512 2754 istuc
537 2729 668 2754 nomen
687 2718 844 2754 Botlcius
861 2719 936 2762 (sed
954 2718 1057 2765 Capt.
1079 2719 1150 2753 634
1168 2729 1240 2753 non
1258 2718 1413 2754 eiusdem
1429 2717 1587 2764 qeneris)
1678 2719 1743 2752 497
1769 2717 1870 2763 equi·

198 2775 280 2809 dem
305 2776 357 2816 Α,·
387 2776 438 2820 cf.
466 2775 542 2811 378
635 2777 700 2811 495
727 2775 1010 2821 quinquennium
1035 2786 1113 2810 sum
1136 2774 1252 2810 libera
1275 2773 1528 2809 Fleckeisenus
1620 2776 1684 2809 503
1710 2773 1870 2810 nouistin

202 2829 273 2865 EI:
296 2831 432 2867 nouisti
460 2831 506 2874 B,
529 2831 726 2877 probistiin
749 2834 781 2867 Α
896 2831 1079 2867 fidicinam
1105 2829 1156 2866 P:
1179 2830 1365 2866 mulierem
1388 2829 1571 2866 fidicinam
1588 2831 1620 2865 Α
1713 2829 1869 2875 cropoli-

200 2887 330 2923 stidem
355 2890 486 2933 (rerop.
513 2887 566 2931 E)
591 2887 626 2922 P
