1998 3179
122 96 202 129 1116,
223 96 370 129 19-1v1.
389 97 423 124 10
864 92 1038 129 CASlNA
1696 88 1774 125 257

233 210 299 250 sed
331 210 457 261 lepide
489 209 688 259 nitideque
719 208 818 254 vok),
935 207 989 246 nil
1018 218 1151 245 moror
1183 204 1385 244 barbarico
1416 203 1548 242 bliteo.

234 283 362 317 stasne
374 274 516 316 etiam?
534 275 618 322 isis,
632 288 703 326 ego
716 274 778 312 hic
788 274 926 313 habeo.
988 273 1176 324 numquid
1189 279 1246 312 est
1257 279 1430 311 ceterum
1442 271 1546 321 quod
1557 282 1690 308 morae
1701 269 1779 309 sit?

120 345 218 385 LYS.
271 344 446 383 Gladium
478 343 653 382 Casinam
685 341 790 380 intus
821 341 963 380 habere
994 341 1057 391 ait,
1174 340 1241 390 qui
1271 351 1333 377 me
1363 341 1479 389 atque
1510 344 1548 376 te
1569 337 1778 376 interimat.

345 411 419 451 OL.
470 409 571 448 Scio.
620 411 675 447 sic
705 408 789 447 sine
818 408 980 456 habere;

347 481 469 528 nugzis
499 482 636 528 agunt:
670 476 760 514 novi

350 557 421 596 ego
453 545 535 583 illus
564 543 682 582 malas
711 545 874 581 meroes.

348 613 440 662 quin
472 618 513 650 tu
545 615 555 649 i
586 611 700 649 modo
732 613 884 649 mecum

346 679 516 718 domum.
575 679 673 717 LYS.
723 678 771 715 At
800 678 862 728 pol
896 677 1038 715 malum
1070 679 1212 715 metuo.

122 745 134 784 i
164 748 206 785 tu
236 746 363 791 modo,
394 746 604 797 perspicite
635 745 744 796 prius
860 744 952 795 quid
984 747 1090 783 intus
1120 746 1268 794 agatur.

346 813 421 853 OL.
466 814 560 851 Tam
591 813 684 851 mihi
715 825 799 850 mea
830 815 903 850 vita

347 893 461 931 quam
493 883 558 919 tua
589 880 658 919 tibi
689 883 824 919 carust.

122 960 253 987 verum
283 951 294 987 i
326 949 453 987 modo.
512 948 611 988 LYs.
663 948 701 987 Si
732 950 774 986 tu
805 947 927 993 iubes,
1044 958 1104 985 em
1135 946 1254 984 ibitur
1284 951 1426 983 tecum.

766 1069 1130 1110 PARDALISCA
1673 1066 1736 1105 IV
1761 1068 1781 1104 1

232 1151 311 1190 Nee
342 1151 407 1202 pol
438 1162 509 1201 ego
541 1150 707 1189 Nemeae
738 1149 855 1188 credo
888 1162 1015 1199 neque
1047 1160 1118 1198 ego
1151 1146 1352 1198 Olympiae

236 1230 361 1269 neque
392 1230 555 1268 usquam
588 1218 699 1256 ludos
728 1223 804 1256 tam
837 1217 992 1255 festivos
1022 1216 1106 1254 fieri

234 1298 347 1337 quam
380 1286 441 1325 hic
471 1287 577 1325 intus
608 1287 707 1324 fiunt
737 1286 816 1323 ludi
847 1283 1099 1323 ludificabiles

233 1353 318 1392 seni
349 1356 483 1391 ndstm
517 1360 554 1391 et
586 1338 719 1391 uostro
752 1351 976 1404 Olympioni
1006 1350 1131 1388 vilico.

236 1433 372 1459 omnes
403 1420 588 1459 festinant
617 1421 724 1459 intus
755 1420 845 1458 totis
875 1418 1047 1464 aedibus,

233 1500 353 1527 senex
383 1490 422 1526 in
456 1487 585 1526 culina
617 1487 766 1535 clamat,
798 1487 977 1525 hortatur
1007 1497 1175 1535 coquos:

229 1551 342 1606 ‘quin
376 1555 486 1606 agitis
516 1553 659 1594 hodie?
692 1555 785 1606 quin
818 1554 926 1600 datis,
958 1554 989 1593 si
1021 1553 1114 1604 quid
1145 1550 1271 1591 datis?

233 1629 454 1674 properate,
487 1636 624 1662 cenam
656 1624 730 1662 iam
761 1635 845 1662 esse
876 1628 1027 1661 coctam
1058 1613 1254 1673 oportuit?

233 1690 367 1730 vilicus
398 1691 429 1729 is
462 1698 591 1730 autem
623 1703 711 1729 cum
744 1702 905 1737 corona,
937 1688 1100 1728 candide

233 1758 402 1805 vestitus,
435 1758 563 1798 lautus
594 1765 883 1808 exornatusque
915 1757 1097 1795 ambulat.

238 1895 300 1926 747
327 1892 390 1928 sed
415 1903 482 1927 om.
509 1892 544 1926 P
679 1893 789 1928 bliteo
814 1894 865 1927 A:
888 1893 962 1927 ritu
986 1891 1040 1932 P;
1075 1891 1124 1935 cf.
1156 1888 1328 1935 Diphilus
1357 1888 1398 1923 ἐν
1426 1883 1611 1935 Ἀπλήστῳ
1643 1890 1701 1929 (14
1729 1886 1787 1929 Is.)

124 1947 249 1986 πάντα
275 1943 428 1995 τάγαθά
458 1969 500 1973 -
533 1946 640 1985 οὐδὲν
664 1946 716 1993 μὰ
749 1950 821 1985 Δία
854 1954 935 1990 τοῖς
959 1946 1065 1992 ἐμοῖς
1088 1947 1234 1993 βλίτοις
1259 1939 1374 1989 ὅμοια
1401 1940 1608 1990 πράγματα
1701 1943 1787 1978 clae-

124 2006 269 2052 tylz'cum
289 2010 439 2040 metrum
457 2006 691 2052 anapaestico
707 2006 933 2051 probabitius
949 2015 1024 2040 esse
1040 2003 1124 2038 dixi
1138 2013 1227 2037 mus.
1245 2001 1358 2036 Rhen.
1378 2002 1442 2042 40,
1460 2001 1531 2034 199
1614 2003 1679 2034 748
1697 2003 1787 2035 stas-

121 2073 168 2097 ne
190 2063 238 2097 A:
264 2073 310 2097 ne
335 2061 368 2096 P
458 2061 562 2106 itiam
587 2064 616 2096 A
708 2062 825 2106 habeo
843 2063 892 2096 A:
918 2061 1042 2095 habito
1061 2058 1106 2101 P;
1136 2059 1224 2093 haec
1248 2068 1336 2093 sane
1364 2067 1488 2091 servus
1512 2056 1599 2091 dicit
1691 2067 1788 2091 more

123 2119 171 2154 sit
195 2117 272 2161 VE,
296 2121 431 2161 mora[e
457 2118 540 2162 §Uet
564 2119 607 2160 A,
633 2129 700 2153 om.
728 2118 784 2159 B,·
808 2117 852 2151 de
875 2128 979 2152 versu
1004 2117 1143 2151 incerta
1167 2125 1226 2150 res
1248 2118 1401 2160 propter
1424 2123 1546 2148 morae
1571 2112 1668 2146 vocis
1691 2123 1787 2146 men-

125 2185 246 2209 suram
375 2177 439 2209 749
465 2174 621 2217 gladium
647 2185 715 2209 om.
741 2173 776 2207 P
866 2173 969 2208 aiunt
993 2186 1011 2209 ς
1102 2171 1163 2216 qui
1187 2182 1238 2215 sq.
1263 2170 1415 2215 proprio
1440 2179 1547 2203 versu
1572 2171 1602 2203 A
1694 2169 1788 2211 inte-

122 2231 229 2265 rimat
252 2231 302 2265 Α.·
334 2230 468 2265 inuitat
493 2231 527 2265 P
640 2233 816 2264 750452
848 2241 918 2263 uuo
952 2239 1055 2263 versu
1088 2227 1121 2262 P
1237 2229 1312 2261 753.
1345 2228 1408 2260 754
1441 2225 1627 2270 conc‘unqz'c
1661 2223 1695 2258 P

125 2289 301 2321 755—758
326 2286 418 2332 disp.
437 2286 487 2321 P:
503 2287 521 2321 Ι
545 2306 588 2311 -
612 2297 692 2321 mea
712 2286 824 2330 {Vita
847 2306 890 2311 —
915 2289 1033 2320 tecum
1150 2287 1214 2318 755
1240 2282 1311 2317 duo
1343 2292 1466 2317 versus
1499 2281 1525 2319 (i
1548 2291 1601 2325 sq.
1628 2285 1661 2315 et
1690 2280 1789 2324 pr101·

123 2345 188 2388 sq.)
212 2345 243 2378 A
333 2343 431 2387 prioy
456 2343 486 2377 A
495 2355 508 2384 ‚·
539 2342 602 2377 secl
629 2353 744 2377 senex
775 2343 913 2376 intrare
945 2352 1016 2375 non
1042 2339 1118 2375 vult
1147 2345 1340 2384 antequam
1367 2337 1534 2383 Olympio
1553 2337 1790 2382 perspexerit

124 2398 213 2443 quid
228 2399 325 2433 intus
341 2405 475 2444 ayalw·
568 2402 632 2433 756
657 2402 731 2442 tam
747 2399 777 2432 A
790 2397 875 2432 VE:
898 2397 970 2432 iam
991 2396 1023 2430 R
1117 2398 1178 2429 757
1207 2405 1312 2439 quam
1329 2397 1393 2429 tua
1410 2393 1462 2427 P:
1487 2396 1551 2428 tua
1568 2403 1674 2437 quam
1691 2393 1722 2427 A

126 2457 190 2489 758
215 2455 287 2490 duo
313 2465 435 2490 versus
460 2461 595 2498 (verum
618 2466 672 2500 sq.
698 2459 730 2489 et
748 2455 851 2489 iubes
876 2458 941 2499 sq.)
958 2453 988 2487 A
1081 2452 1232 2486 verumi
1257 2451 1360 2485 modo
1387 2450 1465 2484 sem·
1489 2449 1670 2490 tribuitur,
1696 2459 1789 2483 corr.

126 2510 330 2556 Seyffertus
353 2510 453 2546 Berl.
476 2510 567 2557 plait.
594 2512 851 2548 m.1891.108
942 2509 1020 2543 iA:
1046 2519 1112 2542 om.
1141 2507 1174 2541 P
1264 2518 1318 2542 em
1343 2505 1562 2541 Soleoellias:
1592 2505 1641 2539 im
1667 2506 1697 2539 A
1723 2510 1791 2545 (em

127 2571 150 2601 t.
174 2566 355 2602 Sohoellio
379 2567 503 2613 praef.
529 2567 627 2603 Most
650 2579 688 2612 p.
711 2568 789 2608 16),
814 2567 852 2600 in
877 2564 912 2599 P
1003 2568 1066 2599 759
1091 2563 1324 2598 PARDALISCA
1348 2562 1399 2606 A,
1424 2562 1593 2596 AncmnA
1615 2571 1666 2595 nv
1690 2560 1726 2595 P

125 2622 266 2668 olimpie
291 2622 326 2657 P
416 2625 480 2657 762
506 2623 690 2668 olImpioni
709 2623 742 2657 P
833 2625 899 2657 764
924 2631 1057 2665 eoquos
1082 2621 1124 2662 A,
1149 2629 1256 2654 cocos
1281 2618 1316 2652 P
1408 2620 1470 2652 766
1495 2618 1566 2652 iam
1591 2628 1659 2651 om.
1691 2618 1722 2652 A

126 2679 289 2724 oporssuiss
313 2680 361 2714 Α.·
386 2690 480 2725 oppo
507 2678 542 2712 P
654 2681 714 2713 767
741 2679 772 2720 is
797 2680 847 2713 A:
879 2678 939 2713 hic
964 2669 997 2712 P
1020 2687 1091 2711 uon
1122 2681 1217 2710 recte
1242 2674 1382 2709 vile'cmn
1408 2678 1448 2708 ut
1471 2674 1568 2708 intus
1592 2677 1792 2708 versantem

125 2734 202 2768 sem·
219 2745 423 2782 opponens;
449 2742 602 2780 utroque
618 2745 646 2769 v.
666 2735 737 2769 762
754 2734 938 2768 nominato
957 2734 1000 2767 de
1023 2743 1105 2767 sene
1128 2730 1212 2776 eqic,
1238 2740 1334 2764 mmo
1347 2740 1549 2775 pronomen
1565 2729 1696 2775 repetit
1715 2729 1791 2764 vili-

127 2800 217 2832 cum,
243 2791 291 2836 cf.
312 2793 353 2825 51
367 2802 419 2836 sq.
513 2794 530 2825 7
536 2793 578 2826 68
595 2791 716 2826 lautus
733 2791 1000 2834 exornatusque
1017 2788 1177 2830 ambulat
1192 2787 1242 2821 A:
1265 2786 1364 2821 laute
1381 2788 1647 2830 exornatusque
1665 2786 1790 2821 ambu-

126 2845 227 2881 labat
259 2846 340 2888 VE,
363 2847 522 2882 ambulat
547 2847 582 2881 B
606 2850 723 2889 (versu
745 2850 892 2892 praeter
916 2836 984 2880 lz'oc
1010 2844 1220 2880 vocabulum
1245 2843 1374 2877 omisso
1400 2845 1442 2884 Β)

195 2906 318 2935 Plautus
336 2908 359 2936 I.
1481 2902 1518 2933 17

1794 412 1849 443 750

1795 747 1850 778 755

1797 1219 1853 1250 760

1798 1559 1853 1590 765
