1983 3179
71 69 143 106 prol.
157 71 292 127 105—13s
757 69 1045 106 AMPHITRVO
1177 122 1179 125 ι
1704 70 1727 106 9

275 197 389 236 quam
420 183 519 223 liber
548 184 686 223 harum
715 196 848 223 rerum
878 185 1087 223 multarum
1116 184 1190 224 siet

274 258 520 303 quantusque
550 258 699 290 amator
728 251 777 291 sit
806 253 910 303 quod
941 252 1215 303 complacitum
1246 258 1304 292 est
1332 253 1464 292 semel.

273 321 306 359 is
335 332 464 359 amare
497 320 649 371 occepit
677 320 929 359 Alcumenam
961 320 1057 359 clam
1089 321 1213 359 virum

276 400 511 438 usuramque
542 388 625 427 eius
656 388 834 438 corporis
866 388 969 439 cepit
999 387 1085 435 sibi,

273 460 311 494 et
341 455 536 505 gravidam
568 454 660 493 fecit
690 455 720 494 is
751 467 835 493 eam
867 467 1095 506 compressu
1126 468 1210 494 suo.

273 535 381 562 nunc
411 523 458 561 de
488 522 700 561 Alcumena
732 528 776 560 ut
805 534 887 561 rem
918 523 1085 562 teneatis
1116 523 1273 569 rectius,

271 590 468 640 utrimque
499 596 557 628 est
586 590 753 641 gravida,
785 597 823 628 et
855 603 901 629 ex
931 590 1013 629 viro
1046 596 1083 629 et
1112 603 1159 629 ex
1189 602 1342 629 summo
1374 590 1474 629 lore.

270 664 308 697 et
337 669 447 697 meus
477 664 588 709 pater
619 670 726 696 nunc
756 657 862 696 intus
893 658 954 696 hic
985 670 1074 696 eum
1106 658 1168 696 illa
1201 657 1331 705 cubat,

269 731 308 764 et
337 725 434 764 haec
465 725 515 764 ob
547 737 630 764 eam
660 737 745 764 rem
777 738 854 764 nox
885 731 943 764 est
973 726 1072 764 facta
1103 725 1272 777 longior,

268 793 360 831 dum
390 789 526 847 (cum)
555 793 619 831 illa
651 805 818 843 quacum
849 793 926 831 volt
955 793 1193 844 voluptatem
1226 793 1350 844 capit;

269 860 335 899 sed
366 860 417 899 ita
449 860 688 899 adsimulavit
720 873 773 907 56,
806 860 916 910 quasi
947 860 1180 911 Amphitruo
1212 860 1296 899 siet.

269 940 378 967 nunc
410 941 459 967 ne
490 929 595 967 huno
627 934 808 967 ornatum
839 941 907 967 vos
937 941 1066 967 meum
1097 928 1354 974 admiremini,

268 995 372 1047 quod
404 1008 475 1046 ego
508 996 584 1034 huc
614 996 787 1047 processi
819 996 874 1035 sie
906 1008 992 1034 cum
1024 995 1152 1034 servili
1184 995 1359 1034 schema:

265 1070 433 1103 veterem
467 1069 582 1114 atque
613 1064 810 1114 antiquam
842 1076 924 1102 rem
958 1076 1095 1102 novam
1127 1063 1171 1102 ad
1204 1076 1272 1102 vos
1302 1064 1512 1114 proferam,

267 1138 475 1183 propterea
507 1138 668 1171 ornatus
698 1132 738 1170 iu
772 1144 910 1170 novom
942 1132 1085 1171 incessi
1116 1131 1288 1170 modum.

268 1212 356 1238 nam
388 1202 498 1238 meus
527 1206 640 1251 pater
670 1201 776 1238 intus
808 1201 916 1238 nunc
948 1205 1005 1238 est
1035 1211 1171 1238 eccum
1203 1198 1399 1251 Iuppiter-3

266 1267 306 1305 iu
338 1267 636 1318 Amphitruonis
664 1267 779 1305 vertit
809 1280 893 1306 sese
923 1267 1132 1318 imaginem

265 1346 482 1385 omnesque
513 1346 601 1373 eum
632 1346 716 1373 esse
747 1341 912 1372 censent
941 1334 1040 1372 servi
1071 1334 1138 1384 qui
1170 1333 1320 1372 vident:

262 1401 315 1440 ita
346 1401 586 1452 versipellem
618 1414 658 1440 se
690 1401 779 1439 facit
810 1402 965 1452 quaudo
997 1401 1117 1440 lubet.

265 1481 337 1520 ego
369 1469 467 1508 servi
498 1469 645 1521 sumpsi
677 1469 810 1508 Sosiae
841 1469 892 1507 mi
925 1469 1146 1520 imaginem,

264 1537 330 1589 qui
362 1549 449 1576 cum
481 1537 768 1588 Amphitruone
798 1536 891 1575 abiit
923 1536 1014 1575 hinc
1046 1537 1086 1575 in
1118 1537 1346 1583 exercitum,

261 1611 304 1643 ut
333 1605 574 1656 praeservire
606 1605 750 1643 amanti
781 1617 869 1643 meo
900 1617 1055 1656 possem
1087 1604 1186 1656 patri

261 1678 377 1723 atque
407 1679 452 1711 ut
481 1686 543 1721 ne,
576 1673 642 1723 qui
673 1685 810 1718 essem,
843 1672 1048 1711 familiares
1080 1677 1327 1723 quaererent,

260 1740 406 1779 versari
438 1740 576 1779 crebro
608 1741 670 1779 hic
701 1753 790 1779 cum
819 1740 997 1779 viderent
1027 1752 1089 1778 me
1121 1740 1247 1791 domi;

255 1820 378 1855 nunc,
409 1820 497 1847 cum
529 1822 612 1848 6556
641 1808 805 1847 credent
834 1821 985 1847 servom
1018 1814 1056 1846 et
1087 1819 1316 1846 conservom
1348 1820 1473 1854 suom,

259 1875 363 1914 haud
393 1876 598 1927 quisquam
631 1882 792 1927 quaeret
823 1876 889 1926 qui
918 1876 1014 1915 siem
1045 1882 1111 1915 aut
1142 1876 1233 1925 quid
1265 1875 1450 1914 venerim.

258 1950 370 1994 pater
402 1956 508 1982 nunc
537 1944 643 1983 intus
673 1957 744 1983 suo
777 1943 906 1982 auimo
940 1956 1088 1982 morem
1119 1944 1235 1994 gerii:

259 2011 376 2050 cubat
406 2012 633 2063 complexus
664 2012 775 2051 cuius
806 2012 971 2063 cupiens
1000 2012 1164 2050 maxime
1197 2018 1273 2059 est;

257 2090 356 2129 quae
387 2079 441 2118 illi
471 2079 518 2118 ad
548 2079 742 2130 legionem
776 2080 873 2118 facta
903 2085 996 2118 sunt
1026 2086 1216 2118 memorat
1246 2085 1358 2130 pater

169 2215 232 2249 105
256 2210 377 2258 ‘quam
401 2212 514 2247 multa
538 2213 713 2248 eiusmodi
735 2213 883 2248 licenter
906 2209 1012 2258 aqut'
1034 2211 1238 2248 Gronovius
1333 2215 1394 2247 106
1416 2213 1483 2247 siet
1575 2212 1617 2246 cle
1635 2222 1717 2246 con-

52 2269 251 2304 structione
274 2269 324 2313 cf.
349 2269 402 2302 34.
427 2271 491 2302 166
630 2271 692 2304 108
720 2270 848 2314 coepit,
872 2269 953 2303 item
980 2268 1122 2304 Nonius
1147 2270 1211 2303 231
1354 2272 1417 2304 114
1443 2270 1564 2314 (cum)
1589 2268 1715 2303 Linde-

52 2335 205 2360 mannus
296 2335 449 2369 quacum
474 2325 524 2370 ef.
543 2325 679 2361 Bacch.
704 2327 770 2360 851
796 2326 881 2361 Cist.
899 2327 965 2360 587
1061 2328 1236 2361 116—119
1260 2324 1330 2360 leuc
1354 2337 1426 2360 non
1447 2326 1630 2371 pertinent
1652 2336 1717 2359 neo

52 2392 132 2416 cum
162 2382 393 2427 sequentibus
423 2380 614 2416 cohaerent
624 2394 639 2422 ,·
677 2386 760 2416 unte
791 2383 1035 2417 narrationem
1068 2383 1274 2428 arqurnenti
1305 2382 1421 2417 locum
1453 2382 1601 2422 liabent,
1633 2393 1714 2417 nam

52 2440 150 2472 vetus
173 2443 283 2482 atque
299 2438 449 2482 antiqua
470 2448 540 2479 res,
564 2449 659 2483 quae
682 2449 775 2473 nova
797 2440 1004 2484 profertur,
1030 2443 1281 2485 myumentum
1305 2443 1368 2473 est.
1405 2443 1492 2484 post
1516 2450 1545 2473 υ.
1564 2439 1609 2472 92
1631 2443 1716 2473 ante

51 2504 82 2528 v.
100 2495 144 2528 97
169 2493 252 2529 olim
276 2494 529 2529 audiebantur.
577 2493 647 2529 leuc
679 2495 909 2541 transpositis
939 2495 1073 2530 adiecti
1092 2501 1179 2530 sunt
1203 2496 1278 2529 120.
1304 2496 1366 2529 12]
1386 2502 1475 2540 post
1500 2506 1530 2530 υ.
1550 2496 1624 2529 112.
1651 2497 1713 2529 115

50 2550 296 2586 intolerabiles
412 2553 475 2585 116
501 2555 666 2586 ornatum
691 2551 785 2586 hunc
801 2551 1013 2587 Priscianus
1038 2555 1067 2593 Ι,
1093 2554 1158 2586 199
1275 2555 1337 2586 117
1363 2552 1433 2586 huc
1456 2561 1520 2595 ego
1544 2554 1640 2595 (ergo
1658 2552 1714 2594 53)

51 2606 210 2650 processi
233 2617 313 2642 cum
338 2617 366 2642 s.
385 2617 412 2642 s.
435 2606 618 2643 Charisius
641 2608 687 2641 53
702 2614 736 2643 et
754 2610 818 2642 144
909 2609 1092 2653 praecessi
1116 2608 1213 2643 Noni
1225 2620 1264 2654 p.
1281 2609 1348 2641 ‘224
1366 2607 1481 2652 Luycl.
1500 2607 1624 2643 Harl.¹

51 2662 194 2697 schema
208 2666 385 2698 testantur
396 2664 625 2708 qrammatici
637 2663 744 2706 (adde
760 2663 875 2700 Probi
885 2664 978 2700 catlt.
992 2668 1014 2699 6
1032 2665 1193 2710 Pompei.
1211 2666 1297 2707 197),
1315 2665 1365 2709 cf.
1380 2664 1429 2698 acl
1440 2663 1543 2699 Pers.
1558 2665 1624 2698 463

55 2719 116 2752 120
136 2718 460 2763 proceleumaticus
483 2720 520 2754 in
545 2718 614 2754 Ιιασ
637 2720 720 2755 sede
742 2720 930 2765 frequens,
953 2721 1003 2765 cf.
1031 2732 1060 2756 v.
1077 2721 1154 2755 889.
1178 2721 1245 2754 947
1379 2722 1441 2755 123
1465 2720 1565 2755 iubet
1590 2718 1625 2754 E

54 2776 116 2809 125
133 2775 232 2817 abiit,
249 2776 299 2820 cf.
318 2775 484 2811 Donatus
501 2775 550 2810 ad
564 2775 633 2812 Ad.
652 2778 682 2819 l,
694 2778 754 2818 t‚2
860 2780 923 2812 120
943 2777 1090 2812 credens
1107 2776 1143 2811 Ε
1246 2778 1421 2812 131-139
1436 2781 1564 2822 postea
1581 2776 1714 2812 adiecti

51 2829 217 2864 videntur

1744 193 1796 225 105

1742 531 1795 563 110

1739 867 1793 899 115

1740 1205 1793 1238 120

1733 1882 1788 1915 130
