1998 3179
72 86 101 115 11
114 87 140 121 4,
160 87 255 121 38—-5,
273 88 308 116 10
761 86 1046 123 AVLVLARIA
1576 99 1578 101 ’
1650 87 1729 126 105

71 203 189 243 homo
220 203 266 242 ad
296 208 519 255 praetorem
550 201 818 254 plorabundus
848 202 1021 252 ‹levenit;

71 269 158 309 infit
186 269 241 309 ibi
271 270 469 322 postulare
498 269 672 321 plorans,
703 271 866 318 eiulans,

71 343 115 376 ut
143 336 217 377 sibi
245 337 380 376 liceret
408 337 566 377 miluom
598 328 784 377 vadarier.

70 410 247 444 sescenta
277 410 370 444 sunt
400 416 498 455 quae
528 417 755 453 memorem,
786 405 818 444 si
848 405 898 445 sit
929 405 1064 443 otium.
1739 409 1799 442 320

69 472 136 511 sed
167 478 257 512 uter
283 478 500 512 vestrorum
532 479 590 511 est
620 471 813 512 celerior?
843 485 1015 511 memora
1048 471 1155 510 mihi.

69 538 241 581 ANTHR.
289 539 385 591 Ego,
422 546 460 578 et
488 540 611 579 multo
641 540 792 579 melior.
849 540 986 580 PYTH.
1036 539 1182 578 Cocum
1213 550 1307 588 ego,
1328 551 1429 591 ,non
1460 539 1586 579 furem
1618 549 1728 588 rogo.

68 606 240 656 ANTHR.
271 606 415 647 Cocum
437 620 530 658 ergo
551 607 651 646 dico.
690 607 827 648 PYTH.
858 607 959 653 Quid
990 612 1032 645 tu
1063 604 1146 645 ais?
1186 605 1319 647 Com.
1358 606 1422 645 Sic
1442 618 1527 645 sum
1548 612 1592 646 ut
1611 606 1728 646 vides.

67 674 240 715 ANTHR.
290 674 416 714 Cocus
444 674 508 714 ille
540 675 802 723 nundinalest,
834 675 872 714 in
906 687 1057 713 nonum
1087 673 1188 713 diem

67 742 167 782 solet
194 743 252 781 ire
281 748 450 782 coctum.
508 742 643 783 CONG.
692 742 793 789 Tun,
826 743 941 781 trium
972 742 1188 781 litterarum
1217 741 1350 788 homo,
1740 747 1798 779 325

67 821 129 848 me
158 808 383 862 vituperas?
413 811 489 849 sur.
546 810 719 851 AJTHR.
768 810 895 849 Etiam
926 810 1001 858 sur,
1031 809 1259 848 trifurcifer.

66 877 202 919 PYTH.
244 877 346 917 Tace
378 879 563 917 nunciam
593 884 649 926 tu,
681 885 797 929 atque
829 890 973 928 agnum
1004 877 1096 916 hinc
1126 884 1214 915 uter
1244 883 1302 915 est
1331 876 1515 928 pinguior
1637 875 1683 914 Π
1704 877 1728 915 5

65 942 186 999 (cape
216 951 332 996 atque
362 945 425 985 abi
455 945 559 985 intro
581 947 627 985 ad
654 943 765 999 nos.)
819 944 992 985 mmm.
1041 945 1163 984 Licet.
1186 967 1239 972 —
1260 944 1396 985 me.
1440 943 1512 992 Tu,
1543 942 1729 995 Congrio,

65 1010 208 1066 <quem
237 1013 315 1053 illic
345 1013 505 1065 reliquit
533 1011 715 1067 agnum‚>
745 1026 835 1052 eum
866 1026 976 1053 sume
1006 1020 1122 1064 atque
1153 1013 1215 1051 abi
1717 1016 1796 1050 328²

70 1096 90 1116 *
125 1081 230 1120 intro
261 1081 367 1130 illuc,
399 1088 439 1121 et
467 1093 536 1121 vos
566 1082 676 1120 illum
706 1082 927 1132 sequimini.

66 1160 134 1187 vos
166 1147 285 1188 ceteri
316 1149 368 1188 ite
397 1149 475 1188 huc
505 1149 552 1188 ad
584 1162 669 1189 nos.
728 1148 862 1190 Com.
912 1149 1052 1188 Hercle
1083 1148 1225 1188 iniuria
1738 1152 1796 1185 330

65 1216 335 1268 dispertivisti:
366 1216 617 1268 pinguiorem
648 1228 789 1267 agnum
821 1216 883 1255 isti
913 1216 1074 1255 habent.

64 1284 201 1325 PYTH.
231 1284 280 1323 At
310 1296 418 1323 nunc
451 1284 519 1323 tibi
549 1283 706 1324 dabitur
734 1284 920 1336 pinguior
951 1283 1124 1322 tibicina.

66 1352 76 1390 i
107 1364 202 1391 sane
231 1364 322 1392 cum
351 1351 432 1399 illo,
462 1352 645 1403 Phrugia.
695 1358 754 1389 tu.
768 1358 910 1397 autem,
941 1351 1156 1397 EIeusium,

65 1419 142 1458 huc
173 1419 277 1458 intro
308 1418 369 1458 abi
401 1419 447 1457 ad
479 1432 564 1458 nos.
623 1419 757 1460 Com.
808 1419 839 1458 O
872 1418 1084 1470 Pythodice
1114 1417 1291 1464 subdole,

64 1486 209 1526 hucine
239 1487 403 1526 detrusti
434 1499 496 1525 me
525 1487 572 1526 ad
603 1498 738 1526 senem
770 1484 1072 1537 parcissimum?
1740 1489 1797 1520 335

64 1553 129 1592 ubi
162 1554 194 1592 si
226 1553 317 1604 quid
348 1566 519 1605 poscam,
552 1566 676 1605 usque
707 1554 752 1593 ad
784 1554 904 1592 ravim
936 1566 1095 1605 poscam
1127 1553 1235 1605 prius

177 1667 240 1699 317
273 1664 471 1710 plorandus
503 1667 649 1701 deuenit
673 1666 726 1708 B,
758 1666 858 1701 uenit
881 1666 1176 1710 deplorabundus
1200 1665 1343 1700 Ii'onius
1361 1666 1455 1707 509,
1490 1666 1554 1711 qui
1577 1670 1729 1717 testatur

63 1721 157 1766 depl.
272 1724 333 1756 321
360 1723 549 1758 memorari
571 1722 625 1764 Vl,
649 1723 797 1758 memori
822 1722 879 1764 V2,
903 1723 973 1757 mei
996 1733 1097 1757 mora
1120 1722 1154 1757 I)
1269 1725 1333 1757 322
1362 1722 1598 1767 Conqrionem
1622 1733 1729 1767 prae-

59 1778 144 1824 fiqit
166 1777 220 1820 B,
244 1789 340 1813 corr.
367 1778 525 1824 Pylades
662 1782 698 1814 et
721 1779 938 1814 Muellerus:
967 1782 1008 1814 ut
1145 1782 1209 1813 323
1235 1789 1319 1823 ergo
1344 1778 1550 1814 .-1ciclalius.·
1572 1788 1637 1823 ego

63 1836 130 1869 324
152 1835 370 1870 Anthracem
395 1835 555 1871 Sti-obito
581 1835 742 1870 codicum
765 1836 947 1871 substituit
970 1836 1146 1881 Anqelius
1282 1835 1496 1877 nun]dinale
1520 1837 1575 1870 est
1599 1835 1728 1870 Festus

60 1891 143 1933 173,
167 1891 374 1927 nundinalis
399 1894 455 1928 est
478 1892 604 1934 coclcl.;
632 1893 682 1937 cf.
708 1893 930 1933 nondimum)
961 1892 1051 1937 leqis
1076 1891 1273 1934 Bantinae,
1298 1896 1338 1927 ut
1363 1892 1479 1927 lusum
1502 1893 1638 1927 sentias

62 1949 126 1982 325
143 1950 220 1983 tum
233 1947 363 1983 B¹DV
450 1948 598 1984 Servius
618 1948 726 1995 Verq.
740 1949 803 1984 ecl.
818 1950 852 1991 3,
866 1950 913 1983 16
925 1945 1040 1984 ‘homo
1059 1959 1097 1984 es
1113 1949 1224 1984 trium
1247 1944 1464 1985 litterarum’
1491 1948 1514 1983 i.
1529 1958 1559 1982 e.
1578 1947 1638 1983 fur

62 2006 127 2038 326
151 2004 221 2039 fur.
245 2005 391 2039 ANTHR.
415 2005 610 2049 Anyettus:
638 2004 709 2039 fur.
736 2005 914 2040 Strobilus
1052 2005 1102 2050 cf.
1130 2006 1214 2040 633.
1238 2016 1303 2040 nee
1329 2006 1484 2051 Conyrio
1513 2004 1572 2040 fur
1595 2003 1728 2039 addere

55 2064 180 2105 potest
202 2071 268 2095 nec
291 2060 384 2095 alter
406 2061 550 2106 insequi
571 2060 642 2104 fur,
667 2061 775 2096 etiam
799 2061 867 2096 fur.
914 2063 1065 2107 yravius
1087 2061 1176 2097 haee
1200 2068 1374 2107 corrupta
1398 2066 1483 2096 sunt
1511 2065 1544 2096 et
1566 2061 1729 2106 fortasse

60 2116 187 2152 mutila
204 2121 243 2151 ut
265 2117 462 2162 sequentia.
488 2121 642 2163 expecto
674 2116 784 2151 talia.-
815 2128 872 2151 me
905 2118 1091 2163 uituperas
1102 2118 1161 2152 lh*
1185 2121 1189 2162 Ι
1210 2119 1254 2152 A.
1281 2119 1363 2153 Tun
1393 2118 1501 2153 etiam
1532 2116 1648 2152 furem
1670 2127 1727 2151 me

61 2183 184 2216 uocas,
207 2173 433 2209 trifurcifer?
458 2173 508 2218 ef.
529 2172 628 2208 Cure.
646 2173 714 2208 191
818 2184 932 2209 novae
955 2185 1108 2210 scaenae
1132 2174 1331 2209 inscribunt
1349 2174 1554 2209 Sernomnvs
1577 2183 1725 2208 SERVVS.

61 2239 218 2265 commo
248 2232 421 2270 (eouemo
452 2229 501 2273 B)
533 2240 645 2265 cocvs
671 2229 757 2271 BV,
789 2230 946 2275 spatium
977 2231 1149 2276 relinquit
1182 2230 1227 2266 D.
1264 2236 1419 2266 ceterum
1452 2230 1564 2264 multa
1596 2229 1652 2263 lu'c
1683 2227 1728 2263 de

62 2285 211 2321 obsonio
242 2286 357 2323 diviso
389 2285 613 2320 intercidisse
643 2285 818 2321 videntur.
850 2287 898 2331 cf.
926 2286 1107 2322 Dziatzlco
1140 2298 1230 2321 mus.
1263 2285 1375 2321 Rlzen.
1402 2287 1461 2328 37,
1485 2287 1564 2320 269
1582 2295 1634 2329 sq.

61 2344 240 2378 328—329
264 2342 479 2389 (praemisso
507 2341 623 2377 Cocus
650 2342 738 2378 BV>
771 2354 842 2378 uuo
871 2354 975 2379 versu
1010 2343 1051 2384 V,
1074 2343 1127 2378 sic
1150 2343 1243 2389 disp.
1269 2343 1327 2378 B.-
1350 2343 1436 2378 licet·
1459 2363 1501 2367 —
1528 2353 1627 2377 sume
1647 2342 1652 2385 Ι
1674 2343 1727 2376 at-

60 2409 129 2443 que
144 2419 188 2424 —
205 2399 404 2444 sequimini,
427 2399 480 2432 sie
497 2398 548 2434 D:
571 2399 658 2434 licet
673 2420 716 2425 —
735 2400 889 2445 Congrio
911 2402 915 2433 Ι
937 2410 1018 2435 eum
1035 2419 1078 2425 --
1095 2399 1296 2444 sequimini.
1336 2400 1443 2434 trium
1460 2409 1624 2434 versuum
1641 2397 1725 2432 reli-

61 2455 168 2500 que’as
197 2466 273 2491 esse
304 2455 475 2490 indicavit
503 2453 708 2501 Seyffertus
732 2455 833 2491 Berl.
862 2455 955 2502 plait.
989 2455 1232 2491 wochensottr.
1262 2456 1377 2497 1890,
1406 2456 1494 2490 309.
1542 2453 1728 2499 supptevt;

60 2522 90 2546 v.
108 2512 186 2546 329
203 2512 325 2558 possis
347 2512 473 2557 (etiam
495 2510 554 2555 tu>
668 2514 731 2546 330
757 2512 807 2548 ite
831 2513 903 2547 huc
929 2511 1109 2547 Kocliius:
1137 2513 1223 2548 illuc
1314 2508 1450 2547 ‘cocus'
1477 2508 1729 2554 loquiturBV

59 2568 143 2608 (om.
161 2567 221 2609 D),
248 2568 444 2613 Conqrz‘om·
469 2567 568 2602 dedit
590 2567 734 2603 Merula
826 2569 948 2604 hercle
971 2569 1105 2604 iniuria
1130 2575 1215 2604 ante
1235 2579 1417 2615 personae
1440 2577 1567 2602 nomen
1585 2566 1634 2600 B¹

62 2625 123 2658 331
150 2623 374 2669 pingulorem
488 2626 553 2658 332
578 2624 723 2659 dabitur
746 2625 813 2660 tibi
830 2625 865 2659 B
972 2626 1141 2670 pingulor
1256 2627 1320 2659 333
1346 2624 1463 2669 frugia.
1485 2623 1536 2659 D²
1629 2623 1724 2658 eleu-

61 2689 139 2713 sum
156 2679 191 2714 B
283 2683 348 2714 334
372 2680 589 2725 Pythodice:
616 2680 784 2724 Strobile,
810 2692 839 2716 v.
865 2692 892 2715 s.
987 2684 1052 2715 3352
1079 2681 1233 2716 huccine
1258 2680 1444 2716 detrusisti
1553 2682 1618 2715 336
1642 2689 1724 2724 pos-

61 2745 252 2780 camusque
275 2735 404 2772 Festus
426 2738 508 2772 2823
539 2740 579 2778 (s.
604 2747 696 2772 raua.
719 2748 810 2781 uox,
842 2737 894 2782 cf.
916 2739 1073 2783 21274),
1104 2747 1298 2783 poscamus
1324 2748 1415 2782 quae
1440 2736 1556 2779 codd„
1581 2736 1725 2771 Nonius

59 2791 143 2832 164,
167 2801 297 2836 poscas
320 2803 433 2837 usque
450 2791 594 2828 Nonius
611 2793 683 2829 374
774 2797 812 2830 at
834 2793 951 2829 rauim
976 2793 1117 2828 Nonius
1133 2794 1205 2828 164
1230 2794 1290 2835 (ad
1313 2793 1428 2829 rabim
1454 2791 1595 2828 Nonius
1620 2792 1724 2835 374).-

59 2847 236 2882 adarauin
328 2859 476 2893 poscam
499 2847 645 2883 Nonius
668 2849 881 2895 utrubique:
905 2860 1097 2894 poscamus
