1998 3179
111 82 141 109 11
158 85 184 116 3,
201 82 286 111 3—30
778 78 1101 115 CISTELLARIA
1684 75 1763 113 295

111 202 215 235 recte
246 195 433 234 audivisti.
491 195 630 235 PHAN.
681 193 781 240 Quid
812 194 893 245 agis
923 192 1015 233 hic?
1072 194 1212 234 LAMP.
1263 192 1377 238 Quod
1407 192 1585 243 gaudeas.
1776 199 1831 232 545

110 264 248 302 PHAN.
299 262 399 308 Quid
430 262 467 301 id
498 260 584 301 est?
641 262 780 301 LAMP.
831 261 932 300 Hinc
963 274 1010 300 ex
1039 261 1145 301 hisce
1176 260 1335 300 aedibus
1365 260 1480 311 paulo
1511 260 1619 311 prius

112 330 184 368 vidi
215 335 423 368 exeuntem
453 329 668 367 mulierem.
726 329 864 368 PHAN.
915 328 1021 367 Illam
1053 341 1151 380 quae
1183 340 1307 367 meam

109 403 264 447 gnatam
294 394 530 435 sustulerat?
588 396 728 436 LAMP.
778 395 875 434 Rem
905 401 1027 434 tenes.
1099 396 1237 435 PHAN.
1287 394 1386 441 Quid
1420 393 1580 447 postea?

106 463 245 502 LAMP.
296 463 392 501 Dico
424 463 479 510 ei,
512 475 588 513 quo
620 469 733 513 pacto
766 475 849 501 eam
880 462 927 501 ab
958 462 1218 514 hippodromo
1250 463 1411 502 viderim

108 529 239 568 erilem
272 535 445 568 nostram
475 529 591 568 filiam
622 529 838 569 sustollere.
1776 537 1831 568 550

108 596 282 635 extimuit
312 602 394 635 tum
425 597 499 636 illa.
559 597 670 635 MEL.
720 596 798 634 lam
830 596 966 634 horret
996 607 1151 647 corpus,
1183 608 1251 635 cor
1282 597 1378 636 salit.

109 675 196 702 nam
227 663 321 702 mihi
352 663 399 702 ab
432 663 692 715 hippodromo
724 662 882 701 memini
914 663 1056 702 adferri
1087 663 1282 714 parvolam

105 730 272 781 puellam
303 742 466 781 eamque
495 743 557 769 me
587 730 681 769 mihi
711 741 947 781 supponere.

105 797 243 837 PHAN.
293 797 373 849 Age
404 810 536 849 perge,
569 809 724 848 quaeso.
784 796 936 835 animus
967 796 1100 835 audire
1132 797 1274 848 expetit

107 870 150 903 ut
178 870 283 915 gesta
315 876 377 903 res
407 864 468 903 sit.
528 864 637 903 MEL.
690 864 845 903 Vtinam
876 863 1007 902 audire
1040 876 1119 902 non
1153 876 1283 914 queas.
1775 874 1830 905 555

101 1020 240 1061 LAMP.
294 1021 418 1072 Pergo
449 1018 574 1075 illa(m
607 1019 796 1074 onerare>
826 1021 958 1060 dictis:
986 1018 1113 1061 ‘illaec
1143 1022 1207 1061 ted
1239 1035 1336 1061 anus

103 1085 294 1140 fortu<nis
324 1101 370 1127 ex
400 1089 582 1128 secundis
613 1089 657 1127 ad
691 1087 874 1141 mi>seras
904 1096 1026 1128 vocat.

101 1166 190 1193 nam
222 1154 332 1194 illaec
363 1155 433 1194 tibi
465 1156 596 1195 nutrix
628 1162 698 1204 est,
731 1169 779 1195 ne
810 1162 972 1194 matrem
1004 1168 1178 1195 censeas.

104 1234 174 1273 ego
204 1228 244 1261 te
275 1222 420 1261 reduco
453 1230 490 1262 et
521 1235 661 1262 revoco
693 1223 739 1262 ad
768 1221 988 1277 (summas)
1018 1223 1140 1268 ditias,

100 1288 167 1327 ubi
197 1295 239 1327 tu
270 1289 400 1329 locere
431 1291 469 1329 in
501 1291 739 1330 luculentam
771 1290 965 1337 familiam,
1771 1313 1827 1346 560

99 1355 203 1394 unde
235 1356 305 1395 tibi
335 1358 480 1397 talenta
511 1370 652 1408 magna
682 1358 816 1409 viginti
848 1365 958 1409 pater

101 1422 165 1461 det
195 1423 314 1473 dotis3
347 1437 428 1463 non
460 1425 564 1464 enim
596 1425 670 1472 hic,
704 1425 770 1464 ubi
803 1437 848 1464 ex
879 1425 1007 1464 Tusco
1040 1424 1154 1463 modo

98 1495 180 1529 tute
211 1490 279 1529 tibi
310 1491 470 1543 indigne
501 1492 631 1531 dotem
662 1504 825 1543 quaeras
856 1504 1033 1543 corpore.

99 1557 237 1597 PHAN.
287 1559 360 1605 An,
392 1559 542 1606 amabo,
575 1560 760 1599 meretrix
791 1560 853 1598 illa
885 1567 944 1598 est
976 1572 1074 1610 quae
1107 1559 1206 1598 illam
1238 1558 1423 1599 sustulit?

96 1623 234 1665 LAMP.
286 1625 407 1665 Immo
440 1626 652 1679 [meretrix]
683 1628 774 1676 suit;
806 1627 873 1667 sed
906 1633 947 1665 ut
978 1627 1026 1666 sit
1057 1627 1103 1665 de
1135 1639 1177 1666 ea
1209 1638 1262 1666 re.
1295 1628 1465 1678 eloquar.
1770 1642 1826 1674 565

97 1692 172 1731 iam
203 1694 463 1744 perducebam
495 1694 598 1733 illam
628 1694 674 1733 ad
706 1707 766 1733 me
797 1694 952 1734 suadela
984 1707 1089 1734 mea:

97 1772 194 1800 anus
225 1761 259 1799 ei
289 1762 465 1813 amplexa
497 1768 554 1801 est
585 1774 724 1813 genua,
756 1762 928 1813 plorans,
961 1762 1185 1807 obsecrans,

99 1839 148 1866 ne
178 1828 330 1868 deserat
359 1841 418 1868 se:
452 1841 537 1868 eam
568 1842 678 1868 suam
710 1841 792 1868 esse
824 1829 954 1877 filiam,

95 1906 214 1945 seque
244 1907 327 1933 eam
358 1896 557 1948 peperisse
588 1903 721 1936 sancte
752 1896 951 1935 adiurabat
980 1897 1085 1936 mihi.

91 1955 232 2001 ‘istanc
264 1975 379 2013 quam
410 1960 582 2014 quaeris⁷
617 1964 745 2015 inquit
772 1959 862 2015 cego
895 1965 1039 2003 amicae
1071 1976 1177 2003 meae
1770 1982 1825 2013 570

93 2029 192 2075 dedi,
224 2042 323 2081 quae
354 2031 537 2070 educaret
567 2043 651 2070 eam
682 2044 754 2083 pro
786 2032 901 2070 filiola
933 2044 1021 2079 sua;

95 2101 132 2135 et
160 2092 266 2135 vivit'
303 2097 442 2148 inquit.
497 2093 583 2138 ‘ubi
616 2111 659 2137 ea
690 2092 792 2138 est?'
830 2099 990 2149 inquam
1022 2100 1260 2151 extempulo.

205 2220 268 2252 545
287 2218 422 2254 audisti
440 2219 474 2254 B
486 2218 517 2253 V
608 2222 672 2254 546
697 2220 784 2264 quid
808 2218 917 2254 estid
934 2222 989 2255 est
1008 2222 1050 2256 B¹
1143 2220 1286 2255 excisce
1379 2223 1441 2255 541
1468 2219 1551 2254 uide
1570 2219 1631 2259 13¹,
1658 2218 1755 2253 uidet

90 2272 146 2308 vel
166 2273 266 2309 iudei
299 2274 367 2309 VE
490 2278 554 2311 549
579 2276 792 2321 hipodromo
817 2278 906 2317 (·ma
938 2275 1016 2318 ΥΕ)
1141 2279 1205 2310 550
1230 2276 1339 2311 filiam
1363 2279 1534 2317 nostram,
1559 2285 1652 2309 corr.
1678 2274 1753 2311 Bo-

93 2327 187 2364 tkius
302 2334 362 2366 551
391 2342 452 2366 ΡΗ.
478 2333 749 2378 praemittitur,
782 2342 875 2367 corr.
907 2331 1064 2367 Pistoris
1178 2323 1243 2367 LE
1269 2333 1303 2373 (ε’.
1329 2344 1357 2367 e.
1382 2332 1476 2372 lena)
1501 2332 1573 2366 B2:
1598 2325 1664 2366 LX

90 2383 162 2420 iam
184 2396 252 2420 om.
278 2386 314 2421 B
417 2391 482 2422 552
506 2389 717 2434 hipodromo
744 2388 788 2430 E,
812 2389 1058 2434 hyppodromo
1093 2387 1123 2422 V
1226 2392 1291 2423 554
1316 2399 1427 2433 quoso
1460 2387 1530 2422 ΥΕ
1625 2389 1753 2436 (nam)

89 2441 228 2477 animus
252 2441 412 2488 Pylades
511 2448 575 2479 555
600 2455 658 2479 res
682 2448 795 2489 gesta,
821 2454 919 2479 corr.
946 2443 1094 2479 Gale-tus
1186 2437 1262 2487 LX,
1288 2455 1382 2480 corr.
1403 2444 1493 2479 Pius
1585 2444 1751 2479 lacunam

89 2497 230 2533 codices
260 2509 335 2533 non
366 2499 547 2542 indicant,
581 2501 617 2535 in
648 2511 721 2546 qna
751 2501 825 2544 fuit
849 2500 1133 2547 Lampadionem
1164 2512 1273 2535 anum
1303 2505 1530 2546 persecutum
1559 2501 1672 2545 filiam
1703 2501 1752 2537 vi-

89 2551 194 2595 disse,
218 2565 297 2589 eam
320 2554 426 2591 dictis
449 2555 661 2602 adqressum
685 2567 760 2591 esse
852 2560 927 2592 556.
954 2560 1017 2591 557
1043 2557 1162 2602 spatia
1187 2557 1336 2598 remla,-
1355 2560 1441 2602 post
1457 2556 1551 2592 alios
1572 2557 1753 2603 supplevit

91 2606 294 2645 Schoellius
384 2615 422 2647 te
514 2614 578 2646 558
604 2612 666 2647 illa
683 2613 775 2648 haec
869 2616 933 2648 559
950 2623 1054 2656 uocO‚
1080 2623 1176 2648 corr.
1194 2612 1355 2657 Pylades
1445 2612 1647 2658 (summas)
1664 2613 1750 2648 Bri-

89 2664 177 2699 xius
267 2666 414 2703 diuitias
508 2671 569 2703 561
603 2668 695 2705 later
729 2668 759 2702 V
760 2668 795 2703 E
887 2672 950 2703 563
982 2680 1086 2704 versu
1119 2670 1318 2704 orationem
1349 2668 1491 2711 claudi,
1524 2681 1596 2704 non
1620 2670 1751 2716 imper-

90 2719 223 2765 fectam
247 2722 465 2769 interrumpi
487 2729 655 2770 apparet.
696 2724 765 2760 Ιιοσ
788 2724 892 2760 dicit:
915 2723 1000 2760 ‘non
1018 2726 1191 2771 profecto
1217 2725 1274 2760 Ιιῖο
1296 2730 1405 2771 paler
1427 2724 1490 2760 tibi
1506 2725 1622 2761 dotem
1640 2726 1751 2768 dabit,

86 2775 152 2812 sed
166 2781 241 2813 tute
257 2775 436 2823 quaere-52
461 2779 723 2816 adversativam
747 2781 960 2815 sententiam
978 2781 1226 2816 subordinavit
1250 2782 1286 2815 in
1304 2780 1383 2816 loco
1409 2780 1560 2817 haerens
1585 2782 1705 2816 animo

90 2834 154 2867 565
179 2835 371 2876 [meretrix]
396 2834 554 2871 Botlzz'us
646 2839 709 2871 567
730 2837 762 2871 ei
779 2836 926 2881 (quom)
951 2837 1154 2883 Seyffertus
1246 2839 1311 2871 568
1328 2847 1400 2872 non
1424 2836 1494 2871 ΥΕ
