2018 3183
226 80 308 119 468
965 83 1146 120 PLAVTI
1646 90 1690 118 lv
1707 92 1733 123 4.
1746 93 1841 124 61—6.
1859 94 1891 122 11

227 195 374 241 iubeas,
405 196 437 234 si
467 195 605 246 sapias,
637 195 732 234 haec
763 196 867 235 intro
898 198 1108 238 auferrier:

225 263 358 302 eadem
389 262 521 302 licebit
550 275 640 302 mox
670 275 811 304 cenare
843 266 1000 305 rectius.
1021 288 1078 294 —

981 356 1135 397 SYRA
1778 363 1844 404 IV
1863 367 1887 406 5

224 419 301 458 Era
331 431 410 470 quo
441 432 503 459 me
534 420 649 468 misit,
681 421 726 460 ad
759 428 922 473 patrem,
956 437 1034 463 non
1068 431 1126 464 est
1156 426 1280 465 domi:

226 499 294 526 rus
323 486 464 527 abiisse
494 488 639 529 aibant.
700 502 807 529 nunc
840 491 1000 531 domum
1032 494 1231 532 renuntio.

899 581 1211 624 EVTYCHVS

223 643 406 684 Defessus
436 658 521 684 sum
554 645 693 686 urbem
723 654 843 687 totam
876 650 1146 700 pervenarier:
1889 664 1949 698 805

222 711 319 750 nihil
349 712 539 765 investigo
572 715 782 765 quicquam
813 717 859 756 de
890 717 953 756 illa
985 718 1160 758 muliere.

221 780 288 818 sed
319 786 443 819 mater
474 793 567 821 rure
597 783 724 832 rediit,
759 796 850 823 nam
880 785 991 824 video
1024 786 1160 838 Syram

222 854 347 886 astare
378 854 469 888 ante
499 850 616 889 aedis.
678 851 786 903 Syra.
846 852 946 893 SYR.
1000 853 1097 898 Quis
1128 861 1187 894 est
1218 855 1284 905 qui
1315 867 1376 894 me
1406 855 1546 897 vocat?

219 915 324 956 Ew.
373 916 476 956 Erus
505 924 620 969 atque
651 919 833 959 alumnus
863 926 952 960 tuos
983 933 1082 960 sum.
1142 922 1242 963 SYR.
1293 923 1415 972 Salve,
1447 924 1604 964 alumne
1634 923 1745 980 (mi).

218 982 323 1023 Ev'r.
374 983 452 1022 Iam
484 991 610 1024 mater
638 998 730 1025 rure
758 987 900 1027 rediit?
930 990 1127 1040 responde
1159 990 1264 1029 mihi.
1896 1003 1955 1036 810

218 1050 319 1091 SYR.
361 1051 438 1090 Sua
471 1053 626 1104 quidem
659 1055 781 1094 salute
813 1068 858 1095 ac
888 1057 1044 1096 familiai
1077 1070 1268 1097 maxuma.

217 1118 322 1159 Ev'r.
372 1119 473 1165 Quid
505 1121 606 1161 istuc
638 1122 836 1173 negotist?
894 1124 994 1165 Syn.
1046 1126 1152 1165 Tuos
1183 1133 1294 1178 pater
1324 1126 1572 1169 bellissumus

218 1187 380 1226 amicam
413 1188 571 1228 adduxit
601 1190 705 1229 intro
738 1191 778 1230 in
809 1192 927 1232 aedis.
987 1193 1092 1234 Ev'r.
1143 1194 1230 1241 Quo
1264 1194 1410 1235 modo?

216 1254 317 1295 SYR.
367 1256 589 1297 Adveniens
618 1257 743 1298 inater
773 1271 865 1300 rure
896 1273 979 1300 eam
1014 1261 1178 1301 offendit
1207 1263 1325 1302 domi.

215 1322 321 1363 EVT.
372 1324 441 1362 Pol
471 1324 574 1364 haud
604 1326 814 1366 censebam
847 1329 1008 1368 istarum
1040 1342 1124 1369 esse
1155 1343 1362 1382 operarum
1393 1337 1557 1383 patrem.
1897 1341 1954 1375 815

217 1390 330 1429 etiam
364 1404 472 1431 nnnc
504 1393 644 1432 mulier
674 1393 829 1434 intust?
888 1396 988 1438 SYR.
1041 1397 1180 1437 Etiam.
1239 1399 1344 1440 EvT.
1395 1399 1569 1451 Sequere
1599 1412 1673 1440 me.
1704 1423 1759 1429 —

215 1457 316 1500 SYR.
366 1458 529 1499 Ecastor
558 1460 642 1512 lege
673 1461 769 1502 dura
798 1463 931 1503 vivont
961 1465 1144 1505 mulieres
1772 1469 1838 1510 IV
1859 1472 1882 1511 6

215 1526 419 1578 multoque
449 1527 647 1579 iniquiore
677 1530 842 1570 miserae
873 1545 989 1582 quam
1021 1534 1103 1572 viri.

218 1605 306 1632 nam
339 1594 371 1634 si
400 1595 457 1634 vir
487 1602 661 1636 scortum
693 1598 933 1653 duxitlclam
965 1613 1128 1640 uxorem
1159 1615 1283 1650 suam,

213 1661 252 1700 id
282 1662 314 1718 si
344 1663 500 1702 rescivit
528 1677 639 1712 uxor,
670 1665 869 1717 impunest
898 1668 1001 1716 viro;
1893 1679 1951 1713 82⁰

213 1742 313 1768 uxor
341 1730 467 1770 virum
498 1731 531 1771 si
562 1732 659 1771 clam
691 1733 807 1773 domo
840 1747 995 1786 egressa
1025 1743 1084 1776 est
1113 1738 1228 1785 foras,

212 1797 294 1836 viro
325 1799 368 1837 fit
398 1811 525 1846 causa,
557 1801 725 1852 exigitur
755 1803 1018 1843 matrimonio.

213 1867 362 1905 utinam
394 1867 455 1906 lex
486 1874 588 1907 esset
618 1870 751 1908 eadem
783 1882 881 1921 quae
912 1872 1024 1911 uxori
1055 1878 1114 1912 est
1143 1873 1246 1922 viro;

213 1946 301 1973 nam
334 1947 433 1974 uxor
463 1943 648 1976 contenta
680 1943 748 1984 est,
779 1950 879 1989 quae
910 1939 1013 1978 bona
1045 1946 1114 1987 est,
1147 1953 1226 1979 uno
1257 1940 1360 1980 viro:

212 2003 278 2054 qui
310 2003 441 2043 minus
472 2004 527 2042 vir
559 2017 636 2044 una
667 2017 791 2045 uxore
822 2013 1033 2047 contentus
1063 2007 1165 2048 siet?
1892 2018 1949 2052 825

212 2076 367 2110 ecastor
396 2071 526 2119 faxim,
557 2073 588 2111 si
620 2073 753 2112 itidem
783 2074 1008 2125 plectantur
1037 2076 1121 2124 viri,

210 2138 242 2177 si
274 2138 360 2189 quis
390 2138 487 2178 clam
518 2151 681 2179 uxorem
713 2141 867 2181 duxerit
896 2149 1069 2183 scortum
1099 2156 1221 2192 suam,

323 2329 385 2361 801
413 2337 542 2372 sapeas
560 2327 595 2363 B
687 2329 782 2366 intro
805 2331 926 2376 (hinc)
949 2331 1110 2378 Pylades
1226 2335 1290 2368 803
1309 2343 1402 2368 snA
1425 2342 1595 2368 monam.
1614 2343 1766 2368 unove
1782 2343 1876 2370 mo-

207 2393 364 2418 Lsssonns
398 2386 494 2425 (Ano.
526 2389 561 2420 et
589 2396 652 2422 AD.
683 2397 752 2420 om.
787 2386 850 2429 D'2)
880 2387 999 2424 ΒΟΒ2
1111 2400 1218 2434 quom
1245 2389 1278 2424 B
1393 2393 1458 2425 804
1489 2390 1609 2425 abisse
1641 2388 1787 2426 aiebant

209 2452 274 2485 805
299 2449 463 2487 defessus
495 2463 538 2488 su
566 2452 607 2494 C,
638 2453 820 2489 defessum
845 2455 880 2490 B
973 2459 1037 2491 806
1061 2457 1253 2501 inuestigio
1281 2457 1322 2500 C,
1356 2457 1531 2492 inuenisti
1561 2467 1645 2501 ergo
1678 2440 1725 2502 (go)
1839 2458 1876 2495 B

210 2509 274 2541 809
299 2507 392 2552 (mi)
420 2507 579 2554 Pylades
695 2512 755 2545 811
785 2521 865 2546 cum
899 2512 1042 2557 quidem
1075 2513 1193 2548 salute
1223 2513 1385 2549 afamilia
1413 2523 1600 2557 maxuma,
1631 2525 1726 2550 corr.
1754 2514 1877 2552 Came-

208 2563 332 2597 rarius
449 2567 514 2600 812
548 2565 758 2602 bellisumus
789 2566 877 2602 BD¹
995 2570 1059 2602 816
1090 2569 1219 2604 mulier
1242 2579 1340 2605 nunc
1368 2569 1401 2604 B
1492 2570 1589 2605 intus
1615 2573 1671 2606 est
1762 2582 1877 2609 novae

207 2629 361 2655 scaenae
385 2620 600 2667 inscriptum
619 2632 713 2657 sm
806 2626 985 2660 817—829
1010 2635 1119 2670 quam
1138 2636 1261 2671 pravo
1285 2626 1421 2661 iudicio
1446 2626 1504 2662 vel
1517 2626 1693 2663 inducant
1715 2628 1772 2664 vel
1786 2635 1879 2676 post

207 2685 238 2710 v.
260 2676 337 2710 804
357 2683 502 2722 ponant
525 2677 668 2713 docebit
692 2677 884 2726 Euripidis
907 2680 1036 2716 Medea
1053 2682 1131 2716 244
1145 2692 1200 2727 sq.
1224 2682 1288 2726 (cf.
1308 2681 1366 2718 El.
1383 2683 1485 2717 1036
1500 2687 1568 2729 sq.)
1585 2689 1618 2719 et
1641 2685 1716 2720 184
1731 2696 1785 2731 sq.

209 2733 272 2765 817
299 2732 466 2769 uiuolunt
486 2733 518 2769 Β
542 2740 627 2770 ante
651 2745 747 2770 corr.
842 2739 903 2772 821
931 2738 1024 2782 uiro,
1049 2748 1144 2772 corr.
1169 2737 1323 2780 Parcus,
1349 2741 1399 2784 cf.
1424 2738 1620 2785 Lanqenus
1643 2740 1752 2787 symb.
1770 2742 1886 2784 230>

209 2787 301 2823 clam
321 2790 591 2835 postpositum,
617 2796 656 2825 ut
680 2791 753 2827 duo
777 2794 923 2828 nomina
947 2794 1054 2829 iuxta
1076 2799 1302 2840 ponerentur
1411 2799 1476 2831 822
1501 2797 1741 2834 matrumonio
1765 2798 1801 2834 1)
1823 2808 1875 2834 ex

207 2853 315 2885 corr,
343 2844 372 2879 C
482 2848 546 2880 823
573 2847 652 2883 uiro
677 2858 792 2894 usque
815 2849 864 2884 ad
887 2851 990 2893 (824)
1013 2850 1110 2886 bona
1133 2853 1189 2886 est
1212 2861 1278 2886 om.
1305 2850 1341 2885 B
