1998 3179
0 118 3 119 ⁷
47 79 78 107 11
88 80 114 114 1,
132 80 218 107 1-19
783 78 976 115 CAPTIVI
1625 80 1703 117 189

760 216 1002 257 LORARII
1613 217 1659 256 H
1682 220 1702 257 1

49 297 91 336 Si
121 296 159 335 di
189 295 428 336 Immortales
457 296 494 335 id
526 296 748 343 voluerunt,
779 299 847 335 vos
878 296 978 334 lianc
1009 307 1236 333 aerumnam
1267 294 1439 346 exsequi,
1720 304 1774 336 195

49 365 161 404 decet
189 364 227 403 id
258 364 337 415 pati
367 364 498 403 animo
529 366 673 415 aequo:
704 363 736 403 si
767 362 804 401 id
835 363 994 408 facietis,
1026 362 1146 401 levior
1176 362 1284 401 labos
1315 362 1399 401 erit.

161 431 265 470 domi
296 432 434 479 fuistis,
465 431 595 479 credo,
626 431 756 470 liberi:

49 511 158 539 nunc
187 499 351 538 servitus
381 499 412 538 si
443 499 582 546 evenit,
614 499 649 537 ei
677 511 746 537 vos
775 497 1006 547 morigerari
1037 509 1121 536 mos
1152 497 1298 537 bonust

49 573 88 606 et
116 566 199 605 erili
230 567 395 618 imperio
428 579 591 617 eamque
622 565 790 616 ingeniis
819 564 961 603 vostris
990 565 1119 602 lenem
1150 565 1324 604 reddere.

104 634 262 686 indigna
293 634 409 685 digna
440 633 617 673 habenda
647 638 752 680 sunt,
784 644 874 671 erus
905 644 1004 682 quae
1036 632 1138 671 facit.
1720 644 1776 675 200

765 733 998 774 CAPTIVI

752 812 811 851 Oh
844 812 893 851 oh
926 813 990 852 oh.
1702 822 1776 855 200α

46 882 152 922 LOR.
201 871 421 920 Eiulatione
451 880 551 919 haud
585 892 683 931 opus
714 886 786 926 est,
817 880 940 918 oculis
971 879 1070 919 haud
1103 879 1416 919 lacrimantibus:

103 951 144 989 in
175 951 218 988 re
248 949 347 987 mala
378 948 508 987 animo
540 950 572 986 si
602 947 707 986 bono
739 953 860 995 utare,
893 947 1057 986 adiuvat,

719 1048 1033 1089 TYNDARVS

47 1130 96 1169 At
127 1132 198 1168 nos
229 1129 361 1180 pudet,
393 1129 482 1179 quia
514 1131 602 1167 cum
634 1128 780 1167 catenis
809 1132 958 1167 sumus.
1058 1128 1163 1168 LOR.
1214 1129 1262 1167 At
1292 1128 1421 1180 pigeat
1452 1131 1586 1179 postea

162 1202 342 1236 nostrum
374 1209 496 1243 erum,
529 1197 560 1235 si
591 1209 658 1235 vos
773 1196 913 1235 eximat
944 1196 1122 1242 vinculis,

105 1267 172 1304 al'lt
200 1265 348 1303 solutos
379 1264 493 1311 sinat,
526 1267 624 1314 quos
653 1270 814 1315 argento
847 1264 997 1302 emerit.
1722 1275 1778 1307 205

103 1333 240 1372 hm).
287 1331 390 1377 Quid
419 1331 582 1370 anobis
612 1329 777 1370 metuit?
808 1333 952 1370 scimus
984 1343 1055 1369 nos

105 1403 282 1439 nostrum
313 1400 486 1438 officium
518 1400 620 1450 quod
654 1404 723 1446 est,
755 1402 786 1437 si
817 1399 965 1438 solutos
996 1399 1108 1438 sinat.

102 1467 207 1507 LOR.
258 1454 305 1506 Ᾰῐ
335 1468 463 1518 sugam
496 1467 663 1515 fingitis:
780 1467 906 1505 sentio
938 1478 1053 1517 quam
1087 1479 1169 1505 rem
1201 1466 1324 1517 agitis.

678 1567 1076 1608 PHILOCRATES

48 1648 127 1687 Nos
143 1645 367 1699 fugiamus?
385 1650 462 1698 quo
480 1645 704 1697 fugiamus?
734 1647 782 1687 L.
804 1647 846 1685 ln
866 1648 1041 1698 patriam.
1073 1647 1117 1686 P.
1140 1647 1284 1698 Apage,
1301 1646 1401 1685 haud
1421 1649 1492 1686 nos
1510 1647 1545 1685 id
1564 1648 1708 1693 deceat,

49 1715 230 1767 fugitivos
261 1715 415 1779 imitari.
477 1715 582 1755 Loss.
632 1715 753 1753 lmmo
787 1714 936 1766 edepol„
968 1715 999 1753 si
1030 1715 1103 1753 erit
1133 1715 1298 1761 occasio,
1328 1714 1432 1753 haud
1463 1715 1661 1753 dehortor.
1723 1731 1778 1762 210

103 1783 241 1823 TYND.
291 1782 418 1822 Vnum
451 1785 613 1822 exorare
642 1795 710 1822 vos
741 1783 856 1821 sinite
891 1795 973 1821 nos.
1031 1782 1137 1822 Lon.
1188 1782 1381 1828 Quidnam
1415 1782 1450 1820 id
1484 1781 1568 1821 est?

452 1851 589 1891 TYND.
639 1834 689 1889 s't
718 1850 802 1889 sine
832 1850 938 1889 hisce
969 1850 1125 1889 arbitris

161 1920 278 1969 atque
309 1917 419 1957 vobis
450 1919 563 1957 nobis
678 1919 776 1957 (letis
807 1918 934 1958 locum
967 1917 1166 1969 loquendi.

105 1985 211 2026 LOR.
262 1986 358 2025 Fiat.
404 1985 600 2025 abscedite
630 1986 744 2025 hinc:
778 1990 850 2025 nos
881 1986 1142 2025 concedamus
1172 1986 1259 2024 hue.

99 2054 173 2093 sed
203 2053 360 2092 brevem
393 2054 612 2092 orationem
728 2054 925 2104 incipisse.
1722 2069 1777 2101 215

161 2176 317 2211 Lomnn
329 2186 580 2211 PmLocRA'rEs
594 2176 737 2212 ‹Pn.1›is
755 2175 835 2219 ΓΕ)
847 2186 994 2210 CAP'HVI
1006 2179 1085 2217 (om.
1103 2176 1134 2210 V
1136 2175 1183 2218 E)
1196 2175 1430 2210 emnfflvsh‘
1442 2175 1517 2217 ΓΕ,
1532 2187 1598 2210 om.
1609 2176 1642 2210 D

51 2235 114 2267 196
136 2233 246 2268 liuiox·
279 2232 309 2267 V
310 2232 348 2266 E
439 2235 501 2268 199
527 2243 676 2277 eamque
701 2235 738 2267 et
760 2233 840 2268 erili
863 2233 1024 2277 imperio,
1049 2244 1144 2267 corr.
1165 2232 1426 2279 ss'ettleshipz'us
1447 2232 1524 2268 lect.
1549 2233 1622 2267 and
1645 2243 1711 2267 ess.

50 2290 135 2331 343,
151 2289 203 2335 ef.
221 2289 454 2335 Niemeyerus
469 2289 562 2323 stud.
580 2287 701 2323 Plaut.
724 2289 745 2322 6
761 2299 813 2334 sq.
901 2289 1028 2324 *ostris
1049 2289 1110 2330 13¹,
1127 2289 1260 2324 nostris
1278 2288 1328 2323 D¹
1413 2292 1586 2323 195-—200
1603 2289 1715 2324 iambe*

49 2346 306 2381 continuantur
324 2356 438 2391 usque
457 2345 506 2379 ad
528 2345 692 2388 reddere,
716 2345 900 2380 clauditur
922 2350 1080 2391 systema
1099 2346 1261 2380 trimetro
1278 2345 1339 2389 (cf.
1357 2347 1453 2385 202)
1548 2348 1628 2379 200³
1646 2346 1710 2380 ad·

50 2400 173 2437 haeret
197 2402 323 2448 priori
354 2404 436 2443 (oho
461 2403 566 2446 hoh)3
597 2401 706 2447 fletur
734 2407 842 2437 extra
867 2407 1018 2437 metrum
1156 2405 1217 2437 201
1251 2413 1342 2447 opus
1367 2405 1422 2437 est
1452 2402 1564 2437 multa
1597 2402 1711 2437 oculis

49 2457 162 2493 multa
189 2458 393 2498 miraclitis,
423 2459 588 2499 correxi,
621 2458 670 2503 cf.
694 2458 793 2493 Asin.
822 2459 922 2500 620,·
956 2458 1023 2494 Cle.
1047 2469 1117 2504 pro
1143 2458 1234 2493 Sest.
1258 2460 1330 2492 144
1354 2459 1461 2493 uideo
1485 2459 1581 2493 hunc
1605 2470 1712 2504 prae-

49 2516 226 2549 textatum
258 2514 336 2549 eius
366 2514 480 2549 filium
513 2514 626 2549 oculis
657 2514 928 2550 lacrimantibus
964 2525 1019 2550 me
1054 2515 1253 2550 intuentem
1284 2515 1410 2555 (multa
1439 2517 1575 2550 iniuria
1602 2526 1712 2561 prae-

50 2573 208 2615 ceptum,
234 2571 292 2616 ef.
323 2570 418 2606 vind.
444 2570 499 2605 Pl.
525 2572 572 2605 10
593 2581 659 2616 sq„
683 2570 732 2604 acl
757 2570 891 2606 Bacch.
918 2564 985 2610 551
1105 2573 1281 2605 203-214
1309 2572 1418 2606 ΟΑΡΤ.
1443 2583 1513 2618 pro
1541 2571 1712 2617 Tyndaro

50 2625 106 2660 vel
121 2625 326 2662 Philocrate
417 2629 481 2661 203
500 2627 677 2663 catenatis
695 2627 730 2661 B
822 2628 869 2661 ad
962 2630 1026 2661 204
1051 2627 1081 2661 si
1096 2627 1204 2672 <ille>
1223 2627 1390 2668 Reize'us;
1411 2628 1501 2672 fort.
1521 2629 1711 2663 transitum

49 2681 146 2726 facit
168 2682 191 2707 L
213 2695 241 2710 υ
266 2702 291 2706 -
318 2685 338 2707 L
361 2704 390 2709 -
528 2686 592 2718 205
619 2684 757 2719 solutor
790 2683 857 2718 VE
992 2683 1156 2728 sinatque
1180 2694 1268 2728 quos
1408 2687 1472 2718 206
1497 2684 1554 2719 vel
1575 2685 1620 2720 ab

52 2738 117 2772 208
146 2736 269 2780 fugitis
302 2737 368 2773 VE
388 2738 489 2783 (D¹?)
628 2742 693 2775 209
724 2740 763 2774 id
787 2739 842 2774 B:
872 2739 907 2773 di
1046 2742 1108 2774 210
1138 2740 1310 2774 dehortor
1339 2740 1388 2784 cf.
1413 2739 1524 2775 Poen.
1552 2742 1623 2776 674

52 2795 128 2828 211.
155 2795 220 2827 212
244 2803 316 2828 uno
341 2806 463 2838 versu,
493 2797 576 2831 item
600 2797 682 2831 214.
707 2798 800 2838 215,·
832 2798 928 2831 215⁰
951 2797 1025 2831 216
1153 2799 1215 2831 213
1242 2796 1475 2842 iclzyphallicz·
1495 2798 1624 2833 incerti

52 2851 116 2883 215
140 2848 321 2895 incipesse
