2018 3183
265 109 344 146 276
1007 107 1188 144 PLAVTI
1752 107 1766 135 1
1783 107 1923 139 1‚15-43

1016 222 1175 262 LENA

265 290 378 336 Qued
412 290 475 329 ille
506 290 612 336 dixit,
644 292 711 340 qui
741 289 915 328 secundo
949 291 1063 328 vento
1094 296 1228 329 vectus
1342 291 1400 328 est
1430 288 1641 340 tranquille
1672 289 1781 335 mari,

262 359 422 396 ventum
453 357 603 408 gaudeo
635 379 689 384 —
720 358 873 395 ecastor
902 355 950 394 ad
980 356 1065 403 ted,
1100 356 1150 395 ita
1182 356 1296 396 hodie
1412 356 1475 395 hic
1506 359 1687 407 acceptae
1717 368 1851 396 sumus
1957 363 1993 395 15

668 422 850 463 suavibus
880 422 1017 471 modis,

264 494 337 531 nec
371 491 443 530 nisi
475 490 679 542 disciplina
711 490 815 542 apud
844 497 881 529 tc
913 491 987 530 fuit
1017 491 1228 542 quicquam
1260 489 1312 528 ibi
1346 489 1440 540 quin
1472 489 1566 528 mihi
1600 490 1782 541 placeret.

264 559 358 599 SEL.
410 557 511 604 Quid
544 558 608 605 ita,
640 556 808 597 amabo?
872 558 1008 598 LENA.
1060 558 1163 597 Raro
1194 557 1357 596 nimium
1389 556 1504 596 dabat
1529 558 1633 609 quod
1663 556 1859 603 biberem,
1887 558 1923 597 id

1342 636 1493 663 merum
1526 624 1754 664 infuscabat.

434 692 580 733 GYMN.
621 692 783 739 Αηιίὼο,
805 692 936 732 hicine
953 692 1055 732 istud
1080 690 1221 731 decet?
1271 692 1408 732 LENA.
1444 692 1587 742 Iusque
1612 693 1746 743 sesque
1768 699 1845 732 est:
1906 699 1995 733 1920

437 772 552 798 nemo
583 759 734 799 alienus
764 760 827 799 hic
858 766 929 799 est.
989 760 1085 800 SEL.
1136 759 1274 798 Merite
1307 764 1436 797 vostro
1468 763 1554 799 ame
1586 772 1665 803 vos,

267 830 357 878 quia
391 839 451 866 me
483 827 608 867 colitis
640 834 680 866 et
710 827 838 878 magni
872 827 1008 866 facitis.
1068 827 1205 867 LENA.
1258 827 1377 866 Decet
1406 826 1484 877 pol,
1515 839 1599 866 mea
1631 827 1843 870 Selenium,

435 895 542 934 hunc
573 897 656 933 esse
689 895 867 933 ordinem
898 894 1168 934 benevolentis
1197 895 1300 933 inter
1330 906 1371 933 se

538 961 720 1012 beneque
750 961 915 1000 amicitia
946 962 1061 1009 ulier,

268 1029 335 1068 ubi
366 1030 457 1068 istas
488 1029 617 1068 videas
648 1032 801 1068 summe
834 1041 981 1079 genere
1014 1031 1136 1075 nates,
1169 1028 1370 1068 summatis
1401 1031 1610 1075 matronas,
1962 1038 1998 1070 25

266 1102 310 1135 ut
339 1096 548 1135 amicitiam
580 1096 717 1135 colunt
746 1099 863 1147 etque
894 1102 937 1135 ut
967 1108 1052 1135 eam
1085 1096 1257 1134 iunctzim
1288 1094 1390 1134 bene
1421 1095 1568 1135 habent
1597 1096 1700 1136 inter
1729 1109 1783 1136 se.

267 1163 298 1203 si
330 1163 432 1202 idem
464 1163 567 1202 isu'ld
599 1177 672 1203 nos
704 1164 901 1211 faciamlis,
933 1164 965 1202 si
997 1162 1097 1202 idem
1130 1163 1340 1211 imitemur,
1373 1162 1424 1202 ita
1455 1170 1583 1202 tamen
1614 1166 1676 1203 vix
1706 1164 1867 1204 vivimus

325 1243 414 1269 cum
446 1230 590 1270 invidia
620 1243 782 1281 summa.
843 1233 1005 1270 suerum
1036 1243 1155 1282 opum
1189 1243 1262 1269 nos
1292 1230 1427 1269 velunt
1458 1243 1543 1271 esse
1575 1231 1809 1283 indigentes.

439 1301 572 1337 nostre
602 1299 715 1350 copie
749 1298 802 1337 nil
832 1298 970 1338 volent
1001 1311 1074 1337 nos
1105 1300 1261 1350 potesse
1882 1304 1931 1338 29.
1962 1307 2001 1340 30

438 1369 578 1416 suique
609 1366 788 1405 omnium
819 1378 952 1404 rerum
985 1369 1057 1405 nes
1087 1366 1277 1417 indigere,

542 1436 584 1472 ut
613 1433 686 1473 sibi
718 1434 840 1473 simus
870 1433 1081 1485 supplices.

327 1503 390 1540 eas
421 1501 451 1539 si
483 1501 610 1548 Adeas,
642 1500 790 1540 abitum
822 1513 938 1552 quam
970 1501 1114 1539 aditum
1146 1501 1270 1547 malis,
1303 1500 1352 1539 ita
1386 1506 1522 1540 nostro
1555 1500 1683 1539 ordini

441 1569 567 1620 palem
599 1568 870 1610 blandiuntur,
903 1568 1014 1614 clam,
1047 1568 1078 1607 si
1111 1568 1264 1607 Occasio
1298 1580 1460 1619 usquam
1493 1574 1563 1614 est,

542 1638 681 1687 aquam
714 1635 893 1687 frigidam
925 1635 1088 1675 subdole
1120 1635 1367 1675 suffi'indunt.
1967 1645 2005 1678 35

440 1703 530 1742 viris
561 1715 649 1742 cum
682 1706 763 1742 suis
794 1703 1024 1755 praedicent
1055 1716 1129 1742 nos
1160 1703 1300 1750 solere,

439 1774 529 1810 sues
560 1771 728 1822 paelices
760 1783 844 1810 esse
876 1771 999 1817 aiunt,
1045 1776 1141 1809 eunt
1170 1771 1413 1821 depressum.

329 1838 418 1889 quia
451 1841 522 1878 nes
552 1838 758 1877 libertinae
789 1850 936 1885 sumus,
969 1845 1008 1877 et
1038 1850 1110 1889 ego
1143 1840 1181 1876 et
1209 1844 1274 1876 tua
1306 1844 1442 1884 mater,
1473 1837 1609 1876 Ambae

330 1906 558 1946 meretrices
589 1907 754 1945 suimus:
789 1906 851 1945 illa
883 1913 935 1954 te,
966 1919 1038 1958 ego
1070 1906 1173 1945 hanc
1202 1905 1297 1944 mihi
1329 1905 1487 1945 educavi

330 1986 376 2012 ex
408 1974 583 2024 patribus
614 1974 886 2013 conventiciis.
948 1986 1079 2025 neque
1111 1986 1183 2025 ego
1215 1974 1317 2012 hanc
1348 1973 1546 2024 superbiai
1970 1971 2009 2004 40

330 2052 446 2080 causa
475 2041 609 2093 pepuli
641 2041 687 2080 ad
719 2041 985 2080 meretricium
1019 2047 1239 2092 quaestum,
1273 2040 1345 2080 nisi
1377 2047 1419 2079 ut
1451 2053 1500 2079 ne
1532 2040 1734 2079 esurirem.

388 2143 431 2175 14
455 2150 513 2175 οἵ.
534 2151 676 2187 praem.
702 2140 749 2185 B,
774 2151 870 2176 LEGY
898 2140 938 2186 V,
962 2141 1031 2185 legi
1056 2140 1092 2175 Ε
1181 2141 1260 2175 ille:
1286 2141 1338 2175 ibi
1363 2139 1481 2174 Varro
1507 2139 1551 2175 de
1575 2140 1597 2174 l.
1616 2140 1638 2174 l.
1658 2141 1691 2182 5,
1713 2141 1758 2175 72
1849 2139 1940 2175 mari

282 2195 419 2239 Varro,
451 2200 603 2233 testatur
629 2196 815 2232 Charisius
843 2199 884 2232 61
913 2202 948 2232 et
971 2199 1046 2232 137
1066 2197 1143 2237 (sed
1165 2207 1264 2232 mare
1289 2198 1325 2232 in
1350 2196 1474 2231 codiee
1497 2196 1722 2242 utrubique).·
1751 2205 1850 2231 mare

275 2255 315 2289 15
340 2255 378 2288 te
468 2253 528 2288 hic
553 2264 621 2288 om.
647 2253 683 2288 B
760 2258 911 2288 metrum
939 2255 1029 2289 v.14
1055 2258 1090 2288 et
1113 2254 1160 2288 15
1182 2253 1290 2299 quale
1315 2252 1468 2299 Lysistr.
1497 2253 1583 2287 624.
1612 2253 1686 2287 646
1709 2254 1941 2299 καταλαβεῖν

272 2305 319 2346 τὰ
343 2305 517 2356 χρήμαθ’
541 2305 648 2356 ἡμῶν
674 2306 745 2346 τόν
768 2323 809 2346 τε
833 2313 976 2354 μισθον
1068 2306 1178 2346 ἔνθεν
1203 2307 1298 2354 ἔζων
1322 2306 1397 2356 ἐγώ
1514 2311 1555 2343 16
1580 2308 1745 2343 clausula
1769 2307 1942 2344 adhaeret

272 2367 395 2401 versui
415 2367 463 2401 15
589 2369 628 2400 17
660 2376 751 2402 naec
782 2365 859 2407 (sed
882 2376 907 2400 n
935 2376 984 2401 ex
1008 2367 1031 2400 h
1063 2370 1102 2400 ut
1133 2366 1219 2409 vid.)
1243 2365 1297 2409 B,
1329 2367 1420 2401 haec
1453 2364 1523 2400 VE
1647 2367 1749 2400 18.19
1780 2374 1864 2400 raro
1888 2374 1940 2410 sq.

273 2421 388 2464 lenae,
413 2422 541 2458 amabo
565 2433 619 2468 sq.
649 2422 842 2468 Gymnaslo
866 2421 964 2457 dedit
989 2421 1215 2456 Saracenas:
1239 2432 1297 2456 GY.
1313 2432 1468 2456 ——snme
1586 2423 1685 2456 1920
1710 2420 1853 2456 hiccine

273 2488 332 2513 LE.
360 2477 556 2514 Gruterus:
583 2479 869 2522 G1.B22·nras.,
885 2482 981 2524 spat.
1007 2477 1077 2513 VE
1167 2481 1207 2513 21
1234 2488 1331 2513 LEGY
1343 2488 1484 2524 praem.
1507 2476 1577 2513 VE
1666 2480 1709 2512 22
1733 2477 1895 2522 magnis*

274 2535 327 2579 cf.
353 2535 422 2569 516
516 2535 681 2570 silenium
706 2535 742 2570 B
833 2537 875 2570 23
902 2534 1142 2570 beniuolentis
1168 2533 1203 2569 B
1296 2537 1339 2568 24
1363 2533 1537 2569 adhaeret
1562 2534 1707 2580 priori,¹
1731 2533 1782 2578 ef.
1801 2533 1852 2568 32

276 2592 316 2625 27
342 2591 544 2633 imitamur,
570 2602 664 2627 corr.
693 2591 920 2627 Camerarius
1035 2590 1192 2625 uiuimus
1217 2589 1431 2636 bisyllabum
1549 2592 1601 2625 29.
1628 2592 1671 2624 30
1696 2589 1822 2635 nihilo,
1847 2600 1941 2625 corr.

274 2645 435 2693 Pylades
528 2650 570 2682 32
588 2647 762 2683 adhaeret
774 2648 900 2694 priori
990 2649 1030 2682 33
1050 2647 1080 2682 si
1097 2657 1159 2682 eas
1178 2646 1378 2681 Muellerus
1470 2648 1513 2680 34
1530 2649 1587 2682 est
1603 2656 1754 2692 usquam
1770 2648 1827 2682 est
1839 2645 1890 2681 B¹

276 2705 318 2738 35
343 2703 415 2739 duo
434 2703 581 2739 bacehei
595 2714 675 2738 eum
693 2703 873 2746 clausula;
894 2704 987 2749 fort.
1006 2703 1156 2739 subdole
1173 2702 1368 2748 (eaedem)
1460 2704 1501 2737 37
1528 2705 1618 2738 eunt
1633 2702 1686 2738 B:
1711 2713 1793 2738 eum
1818 2701 1849 2737 V
1849 2701 1888 2737 E

275 2762 319 2794 40
345 2764 546 2796 conuentus
565 2760 611 2802 B,
636 2760 800 2796 conticus
826 2759 903 2802 VE,
927 2770 1023 2795 corr.
1052 2759 1260 2795 Gulielmius
1352 2769 1417 2804 ego
1441 2770 1570 2804 neque,
1595 2769 1689 2794 corr.
1708 2771 1727 2796 ς
1817 2768 1943 2804 super-

274 2815 358 2850 biae
473 2820 511 2851 41
541 2826 653 2851 causa
682 2827 788 2852 versu
813 2817 1029 2863 diremptum
1053 2827 1076 2850 a
1100 2816 1244 2851 nomine
1271 2816 1350 2850 sine
1373 2815 1540 2862 exemplo
1550 2828 1565 2857 ;
1594 2815 1806 2862 comparari
1820 2819 1946 2861 potest

278 2870 379 2906 Cure.
405 2873 483 2908 490
573 2872 704 2918 repuli,
728 2883 824 2909 corr.
849 2872 1066 2919 Spenqele'us
