2018 3183
267 83 347 122 236
1003 83 1184 119 PLAVTI
1692 84 1721 112 11
1734 84 1761 117 2,
1779 84 1876 118 39-3,
1894 85 1929 114 20

264 199 440 239 CLEOST.
490 199 579 238 Mox
610 198 731 249 magis
762 210 852 238 cum
883 199 1003 237 otium
1037 199 1088 237 mi
1120 205 1158 238 et
1188 198 1258 238 tibi
1289 198 1373 245 erit,
1404 199 1522 250 igitur
1858 205 1926 238 214.
1940 205 1997 239 215

378 271 508 308 tectim
540 267 690 318 loquar.
723 279 832 306 nunc
862 266 956 305 vale.
1016 266 1163 306 an.
1213 266 1358 306 Valeas.
1380 289 1436 294 —

930 356 1267 397 LYSIDAMVS
1838 357 1883 396 ΙΙ
1904 359 1928 397 3

264 426 456 466 Omnibus
487 425 606 464 rebus
637 437 708 476 ego
739 436 914 463 amorem
945 425 1062 463 credo
1093 432 1132 463 et
1163 424 1356 464 nitoribus
1388 424 1518 464 nitidis
1549 424 1787 471 antevenire,

264 505 338 532 nec
369 494 471 545 potis
502 493 712 543 quicquam
744 492 1041 532 commemorari
1073 493 1176 543 quod
1207 492 1296 544 plus
1320 492 1409 532 salis
1440 492 1607 544 plusque
1638 492 1784 544 leporis
1814 491 1929 532 hodie

262 561 422 610 habeat3
454 572 571 600 cocos
601 560 780 612 equidem
814 561 928 600 nimis
960 561 1144 607 demiror,
1173 559 1277 615 (tot)
1307 561 1375 612 qui
1404 566 1573 599 utuntur
1603 560 1877 608 condimentis,

263 641 330 667 eos
361 641 407 667 eo
440 629 693 667 condimento
725 641 805 668 uno
836 625 965 682 <non>
995 629 1109 675 utier,
1143 628 1326 668 omnibus
1357 628 1460 680 quod
1492 635 1672 680 praestat.
1942 632 1998 666 220

264 708 352 735 nam
383 696 450 736 ubi
481 709 591 736 amor
622 696 917 735 condimentum
951 697 1079 743 inerit,
1112 696 1233 735 cuivis
1264 697 1493 748 placituram
1523 693 1700 750 (escam)
1730 696 1867 744 cred03

262 776 391 815 neque
407 763 551 804 salsum
571 776 699 815 neque
715 776 830 803 suave
852 766 936 803 esse
959 770 1090 815 potest
1111 764 1332 815 quicquam,
1354 764 1420 803 nbi
1442 775 1551 803 amor
1572 777 1653 803 non
1676 764 1928 804 admiscetur:

261 831 312 870 sel
343 833 446 882 quod
478 838 711 879 amarumst.,
743 832 779 870 id
812 831 890 870 mel
922 832 1047 879 saciet,
1079 832 1278 871 hominem
1311 834 1356 870 ex
1387 832 1487 871 tristi
1518 832 1689 883 lepidum
1722 834 1757 871 et
1787 831 1929 870 lenem.

260 899 362 938 hanc
393 902 464 950 ego
497 899 543 939 de
575 912 637 938 me
669 900 935 939 coniecturam
966 900 1070 938 domi
1103 900 1201 938 facio
1232 900 1355 951 magis
1385 911 1500 951 quam
1532 913 1578 939 ex
1610 899 1770 948 anditis3

261 967 327 1017 qui
359 970 477 1018 quom
508 979 594 1006 amo
628 967 818 1013 Casinam,
850 967 972 1018 magis
1004 968 1122 1015 niteo,
1154 968 1359 1007 munditiis
1389 968 1619 1007 munditiam
1651 967 1828 1007 antideo:
1943 972 1999 1006 225

259 1035 481 1086 myropolas
514 1047 650 1074 omnes
682 1035 872 1081 sollicito,
907 1034 1146 1086 ubicumque
1177 1042 1235 1074 est
1265 1035 1436 1086 lepidum
1467 1038 1728 1086 unguentum,
1760 1047 1930 1086 unguor,

259 1109 302 1141 ut
333 1103 387 1141 illi
419 1103 613 1154 placeam;
646 1109 683 1141 et
714 1102 861 1154 placeo,
895 1104 937 1141 1'1t
968 1103 1114 1141 videor.
1147 1102 1212 1141 sed
1244 1107 1343 1142 uxor
1374 1115 1436 1141 me
1468 1103 1677 1150 excruciat,
1708 1106 1798 1154 quia
1831 1103 1930 1141 vivit.

259 1171 410 1209 tristem
441 1173 567 1210 astare
598 1170 758 1221 aspicio.
792 1170 933 1209 blande
965 1170 1060 1209 haec
1091 1170 1184 1209 mihi
1217 1171 1313 1209 mala
1345 1183 1407 1210 res
1437 1170 1667 1223 appellanda
1699 1177 1768 1210 est.

316 1242 414 1277 uxor
430 1251 515 1277 mea
539 1250 702 1289 meaque
725 1239 951 1284 amoenitas,
976 1238 1069 1289 quid
1091 1245 1132 1277 tu
1153 1236 1264 1288 agis?
1295 1237 1337 1278 C.
1355 1238 1426 1277 Abi
1448 1245 1564 1289 atque
1586 1238 1737 1278 abstine
1759 1250 1930 1277 manum.

257 1306 360 1347 LYS.
410 1306 518 1353 Heia,
552 1318 636 1365 mea
669 1306 781 1353 luno,
814 1309 893 1345 non
927 1306 1039 1345 decet
1071 1319 1154 1345 esse
1184 1308 1221 1345 te
1252 1312 1329 1345 tam
1361 1307 1510 1345 tristem
1541 1309 1608 1346 tuo
1640 1306 1731 1346 Iovi.
1943 1307 2018 1342 230.

259 1386 336 1424 quo
351 1372 580 1413 nnncabis'?
598 1373 640 1414 C.
660 1374 766 1413 Mitte
779 1386 853 1413 me.
871 1374 918 1414 L.
938 1374 1064 1413 Mane.
1087 1374 1130 1414 C.
1147 1374 1231 1413 Non
1253 1377 1404 1413 miineo.
1421 1374 1469 1414 L.
1487 1375 1534 1413 At
1551 1374 1618 1426 pol
1634 1386 1706 1425 ego
1722 1376 1759 1413 te
1775 1385 1929 1424 sequar.

315 1440 490 1481 CLEOST.
542 1429 728 1489 Obsecro,
759 1454 884 1481 sanun
919 1441 1003 1482 est?
1061 1442 1161 1482 LYS.
1212 1443 1339 1482 Sanus
1372 1455 1488 1493 quom
1523 1442 1586 1481 ted
1617 1454 1717 1481 amo.

315 1509 490 1549 CLEOST.
536 1510 634 1549 Nolo
666 1523 784 1550 ames.
845 1511 944 1550 LYs.
994 1510 1079 1549 Non
1114 1517 1226 1562 potes
1258 1514 1479 1562 impetrare.
1540 1510 1716 1550 CLEOST.
1765 1499 1929 1549 Enecas.

313 1577 413 1616 LYS.
466 1577 561 1617 Vera
593 1577 699 1618 dicas
728 1578 854 1617 velim.
916 1578 1091 1618 CLEOST.
1141 1577 1266 1617 Credo
1300 1591 1370 1630 ego
1403 1578 1504 1617 istuc
1534 1577 1616 1617 tibi.
2015 1621 2018 1626 ,

314 1645 414 1684 LYs.
464 1645 642 1697 Respice,
675 1659 697 1685 o
730 1646 780 1684 mi
811 1646 934 1698 lepos.
994 1646 1170 1685 CLEOST.
1221 1646 1369 1697 Nempe
1399 1646 1448 1684 ita
1483 1653 1525 1685 ut
1555 1649 1596 1685 td
1627 1645 1722 1685 mihi
1754 1658 1807 1685 es.
1942 1645 2018 1688 2353

258 1713 363 1752 unde
394 1714 470 1760 hic,
501 1713 651 1761 amabo,
684 1718 886 1766 unguenta
919 1713 1055 1753 olent?
1114 1714 1213 1754 LYS.
1266 1714 1325 1753 Oh
1356 1714 1467 1766 perii,
1498 1714 1720 1754 manufesto
1755 1713 1874 1753 miser

315 1783 464 1820 teneor.
498 1785 607 1821 cesso
639 1789 756 1834 caput
870 1782 986 1834 pallio
1019 1780 1250 1833 detergere?

257 2000 335 2035 nire
353 2001 403 2045 cf.
423 1999 553 2035 Pseud.
573 2001 645 2035 417
736 2004 799 2036 219
818 2001 968 2036 habeat:
997 2004 1036 2036 at
1051 2011 1070 2035 e
1087 2011 1182 2036 corr.
1201 2000 1235 2035 B
1329 2011 1436 2036 cocos
1460 2003 1607 2046 (coquos
1627 2000 1679 2043 E)
1695 2000 1747 2046 cf.
1770 2002 1839 2036 764

256 2056 362 2091 nimis
387 2057 544 2092 demiror
569 2056 621 2100 cs.
647 2056 777 2102 Amph.
807 2058 877 2091 765
997 2056 1091 2102 <tot>
1115 2056 1286 2102 Pylades,
1318 2055 1467 2092 Guietus
1590 2059 1654 2092 220
1678 2056 1796 2100 <non>
1822 2068 1840 2093 ς

257 2118 413 2148 ceterum
438 2123 468 2147 v.
491 2114 692 2148 217-220
716 2114 918 2149 emendatio
943 2113 1034 2148 nihil
1050 2114 1238 2160 profecit,
1269 2124 1384 2159 neque
1407 2118 1461 2149 est
1478 2117 1630 2160 praeter
1659 2117 1810 2150 metrum
1834 2113 1933 2160 quod

259 2170 434 2215 offendat.
461 2171 615 2205 omnium
635 2171 778 2205 minime
803 2170 954 2206 abiciam
972 2170 1152 2206 nitoribus
1170 2170 1307 2206 nitidis.
1348 2170 1392 2205 de
1408 2171 1621 2217 anapaestis
1637 2175 1791 2213 constat,
1815 2175 1929 2216 syste-

257 2239 314 2263 ma
339 2227 523 2262 indicatur
545 2227 696 2274 syllabis
719 2227 1011 2263 excrescentibus
1115 2229 1175 2261 221
1204 2238 1358 2272 namque
1385 2227 1616 2263 Camerarius
1716 2227 1840 2263 inierit

256 2283 424 2328 (escam)
453 2282 658 2329 Seyffertas
693 2286 795 2329 (post
819 2294 920 2326 nam3
947 2288 1035 2329 post
1066 2283 1282 2328 placituram
1314 2282 1485 2318 Klotzius
1519 2284 1557 2318 in
1586 2283 1813 2319 Fleckeisem·
1841 2295 1925 2319 ann.

256 2341 338 2382 143,
365 2340 474 2385 837),·
497 2340 716 2384 placiturum
740 2352 758 2376 ς
862 2342 926 2374 222
952 2341 1093 2375 saluum
1119 2340 1170 2374 B¹
1274 2343 1340 2375 224
1364 2340 1416 2385 cf.
1444 2340 1526 2376 cist.
1551 2341 1632 2374 204
1731 2342 1796 2375 225
1821 2350 1928 2385 quom

258 2397 422 2432 Reizius:
447 2407 551 2441 quam
645 2397 743 2432 niteo
771 2395 999 2431 Gulielmius:
1023 2396 1132 2432 inicio
1158 2398 1240 2437 (-ti0
1270 2396 1354 2440 VE)
1447 2397 1506 2441 qui
1532 2398 1638 2441 quam
1662 2407 1741 2432 amo
1760 2396 1927 2432 Casinam

255 2452 384 2497 magis,
416 2455 519 2488 tanto
546 2452 750 2499 Seyffertus
773 2452 873 2488 Berl.
896 2452 958 2499 pla.
985 2464 1026 2487 w.
1053 2454 1166 2494 1891,
1197 2455 1276 2488 110.
1323 2453 1388 2488 sed
1411 2452 1629 2488 Munditiam
1652 2463 1691 2487 se
1715 2453 1865 2494 anteire,
1889 2452 1929 2488 id
1997 2474 2002 2484 .

255 2510 345 2544 satis
369 2509 664 2555 amplificationis
688 2514 740 2545 est
843 2510 1076 2545 munditianti
1101 2511 1180 2554 deo,
1205 2521 1300 2545 corr.
1328 2510 1558 2546 Camerarius
1661 2511 1726 2545 226
1751 2509 1841 2545 miro
1864 2509 1926 2555 pol
1991 2543 2010 2558 κ’,

256 2567 321 2600 has
415 2576 453 2600 es
548 2569 608 2601 227
637 2567 781 2612 placeat
798 2569 835 2602 et
927 2569 992 2601 228
1016 2577 1092 2602 res:
1117 2577 1211 2602 mers
1232 2567 1388 2602 Brixius
1481 2568 1545 2600 229
1570 2576 1715 2601 manum
1734 2566 1795 2601 abi
1816 2568 1926 2611 atque
1992 2560 2002 2565 ²

256 2621 397 2657 abstine
422 2621 628 2667 Seyffertus
657 2628 700 2658 st.
732 2623 788 2657 Pl.
816 2625 838 2657 9
863 2623 956 2664 (Αιιί.
980 2625 1059 2658 270
1085 2623 1162 2658 Ter.
1188 2623 1253 2658 Aa.
1283 2624 1362 2665 917,
1396 2622 1578 2658 Valilenus
1609 2622 1681 2658 iud.
1707 2623 1786 2659 lect.
1808 2624 1924 2666 1880,
1995 2638 2004 2650 π

256 2679 314 2716 16)
408 2681 472 2714 230
497 2690 576 2715 esse
600 2681 650 2725 cf.
675 2679 779 2716 Pers.
803 2681 884 2715 260
989 2682 1054 2715 232
1077 2691 1130 2726 sq.
1156 2680 1266 2726 desp..-
1291 2679 1448 2716 Obsecro
1468 2699 1508 2704 —
1525 2690 1599 2715 non
1619 2681 1625 2723 Ι
1645 2679 1753 2716 Potes
1768 2700 1815 2706 —
1830 2691 1896 2726 ego
1916 2684 1922 2725 Ι

256 2735 355 2770 Istuc
370 2756 414 2761 —-
431 2746 468 2772 es
490 2739 494 2777 Ι
515 2737 620 2772 Vnde
636 2758 682 2762 —
698 2737 791 2782 perii
811 2740 816 2781 Ι
838 2737 1045 2773 Manufesto
1063 2757 1106 2762 —
1124 2737 1309 2781 detergere
1403 2739 1467 2771 232
1492 2747 1598 2782 quam
1688 2739 1725 2772 te
1748 2737 1854 2772 damo
1870 2735 1927 2772 vel
1997 2742 2000 2746 ’

258 2791 372 2827 clamo
392 2793 454 2835 B¹,
478 2795 514 2828 te
539 2794 654 2829 clamo
680 2793 748 2828 VE
838 2796 901 2829 233
929 2804 1059 2839 enegas
1153 2796 1218 2828 235
1244 2794 1290 2829 oh
1385 2795 1448 2828 236
1475 2795 1634 2838 unguent
1657 2792 1805 2828 adolent
1829 2791 1862 2827 V
1862 2791 1924 2834 E¹‚

257 2852 441 2893 unguenta
465 2850 610 2886 adolent
635 2850 670 2885 B
764 2854 826 2886 237
854 2851 904 2895 cf.
932 2852 1020 2893 628,
1045 2861 1133 2886 mus.
1158 2849 1272 2885 Rlzen.
1299 2851 1362 2892 40,
1386 2851 1457 2885 176

372 1947 435 1978 217
462 1954 632 1979 STALITIO
659 1944 811 1985 (Stalino
838 1943 923 1985 ΓΕ)
949 1955 1065 1990 smum
1088 1954 1231 1979 mvmmz
1255 1954 1367 1979 eLEos
1385 1943 1462 1979 BV
1464 1944 1498 1978 E
1588 1943 1687 1980 itidis
1780 1946 1930 1980 anteue-
1990 1902 2018 2465 ἰ

1992 2511 2008 2538 ἒ

1991 2571 2011 2629 Ξ
