2003 3188
211 101 263 138 38
948 102 1129 137 PLAVTI
1669 104 1713 132 111
1724 105 1750 138 2,
1770 105 1870 134 ιε’-48

296 215 473 253 inimicos
503 227 657 266 semper
687 227 752 254 osa
783 228 868 254 sum
901 216 1111 267 optuerier.

294 282 408 322 Ivrr.
462 282 553 321 Heia
584 288 711 320 autem
744 281 951 322 inimicos?
1009 283 1112 323 ΑΜ).
1164 283 1228 322 Sic
1259 290 1338 330 est,
1369 296 1458 323 vera
1488 285 1693 336 praedieo;

298 350 368 388 nisi
401 350 515 388 etiam
546 349 621 387 hoc
651 349 745 388 salso
777 349 851 388 dici
883 350 1178 390 insimulaturus
1209 364 1262 390 es.

293 417 407 458 vap.
446 417 567 455 Nimis
598 417 782 455 iracunda
814 430 867 457 es.
919 418 1023 458 ALC.
1066 418 1179 457 Potin
1211 425 1253 458 ut
1283 418 1477 458 abstineas
1507 419 1696 459 manum?

294 497 381 522 nam
414 490 536 530 certo,
568 483 598 522 si
630 484 681 522 sis
711 496 830 523 sanus
861 492 927 523 aut
956 485 1082 537 sapias
1113 486 1216 533 satis,

294 563 408 601 quam
440 558 481 589 tu
512 551 746 602 impudicam
779 565 863 591 esse
895 552 1085 592 arbitrere
1117 560 1154 592 et
1186 553 1397 605 praedices,

292 630 378 656 eum
411 630 452 655 ea
485 621 527 657 tu
557 631 779 658 sermonem
813 633 886 659 nec
917 621 1003 660 ioco
1036 633 1109 660 nec
1140 622 1242 660 serio

293 685 361 723 tibi
393 684 545 733 habeas,
578 687 653 726 nisi
684 687 736 726 sis
766 688 921 727 stultior
950 688 1190 728 stultissimo.

290 752 404 793 vap.
457 753 494 792 Si
527 753 616 800 dixi,
651 755 771 794 nihilo
804 756 924 807 magis
955 769 1008 802 es,
1041 768 1171 807 neque
1202 768 1274 808 ego
1306 769 1389 796 esse
1422 756 1603 804 arbitror,

290 827 327 858 et
357 821 393 859 id
425 821 501 860 huc
533 823 675 862 revorti
709 823 762 862 uti
797 836 858 862 me
889 836 1099 875 purgarem
1131 824 1212 863 tibi.

292 900 379 927 nam
412 901 626 940 numquam
658 891 867 942 quicquam
899 904 986 931 meo
1018 892 1147 931 animo
1180 892 1252 931 fuit
1281 892 1447 943 aegrius,

291 969 405 1006 quam
437 963 642 1008 postquam
675 959 800 998 audivi
834 959 896 998 ted
928 973 1012 999 esse
1044 960 1179 999 iratam
1211 960 1317 999 milii.

290 1036 361 1062 cur
390 1023 550 1064 dixisti?
580 1026 747 1077 inquies.
800 1040 874 1078 ego
907 1028 1108 1079 expediam
1141 1027 1222 1066 tibi.

290 1104 368 1130 non
402 1092 541 1143 edepol
573 1106 650 1144 quo
681 1100 719 1133 te
750 1107 835 1134 esse
866 1095 1100 1146 impudicam
1133 1095 1351 1143 crederem;

287 1171 418 1198 verum
452 1160 692 1210 periclitatus
724 1165 811 1201 sum
842 1163 1017 1202 animum
1046 1169 1168 1210 tuom,

288 1227 378 1278 quid
411 1228 558 1268 faceres
589 1235 626 1268 et
658 1242 734 1280 quo
766 1237 879 1282 pacto
911 1231 946 1269 id
979 1231 1082 1270 serre
1115 1231 1334 1271 induceres.

287 1295 467 1346 equidem
498 1297 584 1336 ioco
617 1297 680 1336 illa
711 1298 883 1337 dixeram
915 1299 1062 1338 dudum
1093 1298 1176 1346 tibi,

287 1362 439 1402 ridiculi
470 1375 596 1402 eausa.
645 1364 705 1403 vel
735 1364 841 1403 hunc
873 1371 1008 1416 rogato
1041 1365 1203 1404 Sosiam.

287 1431 388 1470 ALC.
439 1430 542 1477 Quin
574 1431 650 1471 huc
680 1431 840 1471 adducis
870 1445 999 1472 meum
1033 1439 1242 1484 cognatum
1275 1432 1522 1481 Naucratem,

288 1505 426 1538 testem
458 1511 575 1550 quem
607 1500 753 1538 dudum
784 1506 823 1539 te
854 1501 1112 1540 adducturum
1143 1501 1307 1546 dixeras,

287 1571 325 1604 te
356 1566 432 1605 huc
464 1580 544 1605 non
576 1566 757 1607 venisse?
815 1568 931 1608 vap.
982 1569 1019 1608 Si
1053 1569 1146 1619 quid
1177 1570 1323 1608 dictum
1356 1575 1411 1608 est
1444 1582 1514 1620 per
1545 1568 1686 1615 iocum,

289 1646 369 1673 non
400 1647 567 1685 aequom
600 1642 657 1675 est
688 1636 723 1674 id
754 1642 792 1674 te
823 1637 925 1675 serio
956 1637 1211 1688 praevortier.

286 1701 389 1742 ALC.
440 1702 522 1753 Ego
554 1703 647 1742 illud
679 1704 760 1743 scio
792 1716 907 1754 quam
939 1704 1109 1743 doluerit
1139 1704 1246 1744 cordi
1277 1717 1378 1744 meo.

286 1769 399 1810 vap.
452 1770 527 1809 Per
557 1770 753 1810 dexteram
785 1778 890 1810 tuam
922 1779 972 1820 te,
1004 1772 1231 1820 Alcumena,
1264 1785 1332 1812 oro
1365 1772 1542 1819 obsecre,

287 1837 334 1875 da
366 1838 459 1876 mihi
489 1838 592 1878 lianc
622 1840 786 1887 veniam,
820 1840 993 1891 ignosce,
1025 1840 1122 1879 irata
1154 1853 1203 1879 ne
1234 1840 1324 1880 sies.

284 1903 387 1945 Am.
437 1905 520 1957 Ego
551 1906 668 1946 istaec
700 1907 773 1946 feci
803 1907 919 1946 verba
951 1907 1092 1947 virtute
1123 1908 1252 1956 irrita3

286 1984 405 2019 nunc,
437 1974 592 2024 quando
625 1975 734 2014 sactis
765 1987 826 2013 me
858 1975 1064 2026 impudicis
1095 1975 1250 2021 abstini,

285 2039 331 2077 ab
362 2040 569 2091 impudicis
600 2042 711 2082 dictis
742 2044 864 2082 avorti
894 2043 994 2082 volo.

287 2107 423 2155 valeas,
454 2109 523 2147 tibi
556 2109 698 2149 habeas
728 2123 791 2150 res
821 2117 917 2158 tuas,
949 2110 1087 2150 reddas
1119 2123 1236 2150 meas.

284 2175 401 2215 iuben
432 2177 485 2215 mi
516 2179 572 2216 ire
606 2176 797 2217 comites?
855 2179 974 2219 IVPP.
1026 2179 1155 2218 Sanan
1189 2177 1259 2218 es?
1317 2177 1421 2219 ALC.
1471 2178 1511 2218 Si
1544 2191 1624 2218 non
1656 2178 1779 2226 iubes,

311 2300 377 2332 902
402 2298 468 2334 diti
494 2298 528 2333 B
620 2299 882 2335 insimilaturus
907 2311 959 2335 es:
987 2300 1262 2336 insimulaturus
1287 2303 1343 2336 est
1362 2300 1502 2336 Nonius
1517 2301 1590 2335 183
1683 2302 1746 2335 903
1765 2311 1866 2336 uere-

198 2355 318 2390 cunda
349 2355 470 2396 codd„
503 2355 601 2400 quod
636 2360 790 2391 leslalur
820 2356 987 2398 Nonius‚·
1022 2367 1116 2392 corr.
1148 2357 1345 2392 Lambinus
1480 2357 1584 2402 potin
1621 2356 1868 2393 Camerarius.-

196 2411 300 2456 potin
324 2422 362 2446 es
388 2411 433 2453 B,
457 2412 580 2456 potine
605 2414 638 2447 st
663 2412 704 2455 D,
729 2413 833 2457 potui
858 2416 913 2448 est
939 2413 975 2448 E
1110 2417 1177 2449 906
1202 2424 1283 2449 cum
1307 2413 1398 2458 fatu,
1423 2424 1518 2449 corr.
1547 2411 1777 2448 Camerarius

196 2468 275 2504 loco
302 2467 430 2503 BD¹E
531 2471 594 2503 9οῖ
620 2469 691 2504 nisi
715 2468 972 2505 Londinensz's:
995 2470 1065 2506 nisi
1092 2471 1122 2506 si
1237 2473 1302 2506 909
1328 2473 1369 2506 ut
1484 2473 1545 2505 911
1573 2469 1716 2505 audiuit
1741 2469 1776 2505 B

197 2523 360 2569 loquitur
387 2525 493 2570 quasi
523 2524 708 2572 Iuppiter,
741 2537 812 2560 non
844 2527 1060 2573 Amphitryo
1094 2527 1304 2573 (Lanqenus
1332 2526 1427 2562 stud.
1457 2526 1513 2562 Pl.
1541 2527 1600 2570 94)
1738 2529 1775 2562 te

197 2583 262 2614 916
287 2583 323 2616 et
346 2581 490 2626 quidem
517 2580 551 2615 E
686 2584 750 2616 917
785 2583 881 2618 hunc
910 2594 1050 2619 servum
1083 2584 1119 2618 in
1145 2583 1297 2619 aedibus
1329 2587 1527 2619 versantem
1552 2594 1626 2618 non
1651 2583 1758 2629 quasi
1781 2593 1866 2618 erus

196 2636 284 2672 dicit
421 2640 497 2673 916.
529 2641 593 2673 917
625 2638 910 2684 dittoqraphiam
942 2639 991 2675 ad
1022 2642 1211 2675 919—915
1238 2651 1314 2676 esse
1344 2651 1481 2675 censeo.
1529 2650 1623 2686 quae
1647 2650 1721 2686 per
1748 2639 1865 2675 iocum

197 2693 316 2736 (920),
340 2705 412 2728 non
436 2694 583 2729 ridiculi
605 2705 718 2730 causa
735 2694 833 2730 dioeit
923 2700 988 2732 919
1006 2697 1139 2732 dixeris
1158 2696 1207 2732 D¹
1224 2702 1259 2732 et
1276 2702 1314 2732 ut
1338 2696 1420 2739 vid„
1444 2695 1492 2731 E*
1586 2697 1652 2730 922
1675 2695 1776 2731 illum

196 2750 261 2783 923
287 2750 450 2786 dextram
475 2751 546 2785 BD
683 2754 749 2787 924
777 2753 872 2788 hanc
897 2753 985 2788 mihi
1009 2754 1055 2789 da
1079 2753 1352 2796 Fleclceisenus,
1376 2753 1427 2798 cs.
1454 2751 1667 2798 Kaempfius
1690 2752 1734 2787 de
1755 2763 1864 2799 pron.

194 2815 292 2850 pers.
317 2808 370 2840 :38
470 2810 534 2841 926
558 2807 738 2854 abstines,
774 2819 870 2844 corr.
905 2809 1084 2845 Luclasc'us
1122 2810 1321 2854 (abstinei);
1359 2810 1410 2855 cf.
1445 2808 1494 2844 acl
1528 2810 1614 2853 690,
1644 2809 1744 2844 Asin.
1779 2811 1866 2844 582.

197 2862 266 2896 414
359 2865 424 2898 929
450 2874 588 2899 sannan
613 2876 651 2900 es
677 2865 724 2908 B,
749 2876 837 2902 sane
861 2877 900 2902 es
925 2866 958 2902 D

1882 227 1938 260 900

1882 565 1938 598 905

1882 903 1938 936 910

1881 1240 1938 1274 915

1881 1579 1937 1613 920

1878 1917 1935 1951 925
