<?xml version="1.0" encoding="UTF-8"?>
<!DOCTYPE html PUBLIC "-//W3C//DTD XHTML 1.0 Transitional//EN"
    "http://www.w3.org/TR/xhtml1/DTD/xhtml1-transitional.dtd">
<html xmlns="http://www.w3.org/1999/xhtml" xml:lang="en" lang="en">
 <head>
  <title>
</title>
<meta http-equiv="Content-Type" content="text/html;charset=utf-8" />
  <meta name='ocr-system' content='tesseract 3.04.00' />
  <meta name='ocr-capabilities' content='ocr_page ocr_carea ocr_par ocr_line ocrx_word'/>
</head>
<body>
  <div class='ocr_page' id='page_1' title='image "./comoediaerecensu01plauuoft_0293.png"; bbox 0 0 1998 3179; ppageno 0'>
   <div class='ocr_carea' id='block_1_1' title="bbox 80 65 237 100">
    <p class='ocr_par' dir='ltr' id='par_1_1' title="bbox 80 65 237 100">
     <span class='ocr_line' id='line_1_1' title="bbox 80 65 237 100; baseline 0 -5"><span class='ocrx_word' id='word_1_1' title='bbox 80 65 95 95; x_wconf 91' lang='lat'>1</span> <span class='ocrx_word' id='word_1_2' title='bbox 110 67 138 100; x_wconf 85' lang='lat'>3,</span> <span class='ocrx_word' id='word_1_3' title='bbox 151 67 237 95; x_wconf 88' lang='lat'>1-32</span> 
     </span>
    </p>
   </div>
   <div class='ocr_carea' id='block_1_2' title="bbox 88 2455 275 2544">
    <p class='ocr_par' dir='ltr' id='par_1_2' title="bbox 88 2455 275 2544">
     <span class='ocr_line' id='line_1_2' title="bbox 201 2455 264 2487; baseline 0 0"><span class='ocrx_word' id='word_1_4' title='bbox 201 2455 264 2487; x_wconf 84' lang='lat'>150</span> 
     </span>
     <span class='ocr_line' id='line_1_3' title="bbox 88 2507 275 2544; baseline 0 -1"><span class='ocrx_word' id='word_1_5' title='bbox 88 2510 182 2544; x_wconf 80' lang='lat' dir='ltr'>esset</span> <span class='ocrx_word' id='word_1_6' title='bbox 205 2507 237 2542; x_wconf 92' lang='lat' dir='ltr'><em>V</em></span> <span class='ocrx_word' id='word_1_7' title='bbox 237 2507 275 2543; x_wconf 84' lang='lat' dir='ltr'><em>E</em></span> 
     </span>
    </p>
   </div>
   <div class='ocr_carea' id='block_1_3' title="bbox 91 2619 459 2656">
    <p class='ocr_par' dir='ltr' id='par_1_3' title="bbox 91 2619 459 2656">
     <span class='ocr_line' id='line_1_4' title="bbox 91 2619 459 2656; baseline 0.003 -1"><span class='ocrx_word' id='word_1_8' title='bbox 91 2621 151 2655; x_wconf 85' lang='grc'>161</span> <span class='ocrx_word' id='word_1_9' title='bbox 187 2619 356 2656; x_wconf 79' lang='lat' dir='ltr'>Iomnium</span> <span class='ocrx_word' id='word_1_10' title='bbox 389 2621 459 2656; x_wconf 84' lang='lat' dir='ltr'>VE</span> 
     </span>
    </p>
   </div>
   <div class='ocr_carea' id='block_1_4' title="bbox 745 67 1070 104">
    <p class='ocr_par' dir='ltr' id='par_1_4' title="bbox 745 67 1070 104">
     <span class='ocr_line' id='line_1_5' title="bbox 745 67 1070 104; baseline -0.003 -1"><span class='ocrx_word' id='word_1_11' title='bbox 745 67 1070 104; x_wconf 84' lang='lat' dir='ltr'><strong>CISTELLARIA</strong></span> 
     </span>
    </p>
   </div>
   <div class='ocr_carea' id='block_1_5' title="bbox 760 182 1060 223">
    <p class='ocr_par' dir='ltr' id='par_1_5' title="bbox 760 182 1060 223">
     <span class='ocr_line' id='line_1_6' title="bbox 760 182 1060 223; baseline 0 -1"><span class='ocrx_word' id='word_1_12' title='bbox 760 182 1060 223; x_wconf 87' lang='lat' dir='ltr'><strong>AVXILIVM</strong></span> 
     </span>
    </p>
   </div>
   <div class='ocr_carea' id='block_1_6' title="bbox 287 249 1508 301">
    <p class='ocr_par' dir='ltr' id='par_1_6' title="bbox 287 249 1508 301">
     <span class='ocr_line' id='line_1_7' title="bbox 287 249 1508 301; baseline 0.002 -14"><span class='ocrx_word' id='word_1_13' title='bbox 287 249 501 301; x_wconf 88' lang='lat' dir='ltr'>Vtrumque</span> <span class='ocrx_word' id='word_1_14' title='bbox 531 250 639 298; x_wconf 89' lang='lat' dir='ltr'>haec,</span> <span class='ocrx_word' id='word_1_15' title='bbox 670 257 709 290; x_wconf 86' lang='lat' dir='ltr'>et</span> <span class='ocrx_word' id='word_1_16' title='bbox 738 251 966 301; x_wconf 89' lang='lat' dir='ltr'>multiloqua</span> <span class='ocrx_word' id='word_1_17' title='bbox 997 257 1035 289; x_wconf 87' lang='lat' dir='ltr'>et</span> <span class='ocrx_word' id='word_1_18' title='bbox 1065 249 1279 298; x_wconf 80' lang='lat' dir='ltr'>multibiba,</span> <span class='ocrx_word' id='word_1_19' title='bbox 1311 257 1369 290; x_wconf 89' lang='lat' dir='ltr'>est</span> <span class='ocrx_word' id='word_1_20' title='bbox 1398 262 1508 290; x_wconf 91' lang='lat' dir='ltr'>anus.</span> 
     </span>
    </p>
   </div>
   <div class='ocr_carea' id='block_1_7' title="bbox 283 317 1452 2385">
    <p class='ocr_par' dir='ltr' id='par_1_7' title="bbox 285 317 1278 369">
     <span class='ocr_line' id='line_1_8' title="bbox 285 317 1278 369; baseline 0 -13"><span class='ocrx_word' id='word_1_21' title='bbox 285 317 384 356; x_wconf 87' lang='lat' dir='ltr'>satin</span> <span class='ocrx_word' id='word_1_22' title='bbox 415 320 475 356; x_wconf 86' lang='lat' dir='ltr'>vix</span> <span class='ocrx_word' id='word_1_23' title='bbox 505 318 664 368; x_wconf 87' lang='lat' dir='ltr'>reliquit</span> <span class='ocrx_word' id='word_1_24' title='bbox 694 318 765 357; x_wconf 90' lang='lat' dir='ltr'>deo</span> <span class='ocrx_word' id='word_1_25' title='bbox 797 318 901 369; x_wconf 91' lang='lat' dir='ltr'>quod</span> <span class='ocrx_word' id='word_1_26' title='bbox 931 318 1160 369; x_wconf 88' lang='lat' dir='ltr'>loqueretur</span> <span class='ocrx_word' id='word_1_27' title='bbox 1189 317 1278 364; x_wconf 91' lang='lat' dir='ltr'>loci,</span> 
     </span>
    </p>

    <p class='ocr_par' dir='ltr' id='par_1_8' title="bbox 286 384 1059 437">
     <span class='ocr_line' id='line_1_9' title="bbox 286 384 1059 437; baseline 0.001 -15"><span class='ocrx_word' id='word_1_28' title='bbox 286 384 338 423; x_wconf 77' lang='grc'>113</span> <span class='ocrx_word' id='word_1_29' title='bbox 368 386 591 437; x_wconf 85' lang='lat' dir='ltr'>properavit</span> <span class='ocrx_word' id='word_1_30' title='bbox 619 384 667 423; x_wconf 89' lang='lat' dir='ltr'>de</span> <span class='ocrx_word' id='word_1_31' title='bbox 697 385 847 436; x_wconf 88' lang='lat' dir='ltr'>puellae</span> <span class='ocrx_word' id='word_1_32' title='bbox 877 385 1059 436; x_wconf 90' lang='lat' dir='ltr'>proloqui</span> 
     </span>
    </p>

    <p class='ocr_par' dir='ltr' id='par_1_9' title="bbox 287 451 1178 503">
     <span class='ocr_line' id='line_1_10' title="bbox 287 451 1178 503; baseline -0.001 -12"><span class='ocrx_word' id='word_1_33' title='bbox 287 452 568 503; x_wconf 83' lang='lat' dir='ltr'><strong>suppositione.</strong></span> <span class='ocrx_word' id='word_1_34' title='bbox 628 452 731 503; x_wconf 89' lang='lat' dir='ltr'>quod</span> <span class='ocrx_word' id='word_1_35' title='bbox 762 452 793 491; x_wconf 90' lang='lat' dir='ltr'>si</span> <span class='ocrx_word' id='word_1_36' title='bbox 823 451 1017 499; x_wconf 82' lang='lat' dir='ltr'>tacuisset,</span> <span class='ocrx_word' id='word_1_37' title='bbox 1049 458 1178 490; x_wconf 89' lang='lat' dir='ltr'>tamen</span> 
     </span>
    </p>

    <p class='ocr_par' dir='ltr' id='par_1_10' title="bbox 284 518 1452 771">
     <span class='ocr_line' id='line_1_11' title="bbox 287 518 1353 570; baseline 0 -13"><span class='ocrx_word' id='word_1_38' title='bbox 287 530 358 569; x_wconf 86' lang='lat' dir='ltr'>ego</span> <span class='ocrx_word' id='word_1_39' title='bbox 390 531 495 558; x_wconf 89' lang='lat' dir='ltr'>eram</span> <span class='ocrx_word' id='word_1_40' title='bbox 526 519 712 566; x_wconf 88' lang='lat' dir='ltr'>dicturus,</span> <span class='ocrx_word' id='word_1_41' title='bbox 744 519 851 566; x_wconf 91' lang='lat' dir='ltr'>deus,</span> <span class='ocrx_word' id='word_1_42' title='bbox 883 519 950 569; x_wconf 88' lang='lat' dir='ltr'>qui</span> <span class='ocrx_word' id='word_1_43' title='bbox 980 524 1155 570; x_wconf 88' lang='lat' dir='ltr'>poteram</span> <span class='ocrx_word' id='word_1_44' title='bbox 1187 518 1353 569; x_wconf 89' lang='lat' dir='ltr'>planius.</span> 
     </span>
     <span class='ocr_line' id='line_1_12' title="bbox 288 586 1452 636; baseline 0 -11"><span class='ocrx_word' id='word_1_45' title='bbox 288 598 377 625; x_wconf 92' lang='lat' dir='ltr'>nam</span> <span class='ocrx_word' id='word_1_46' title='bbox 408 586 502 625; x_wconf 89' lang='lat' dir='ltr'>mihi</span> <span class='ocrx_word' id='word_1_47' title='bbox 533 586 684 625; x_wconf 81' lang='lat' dir='ltr'>Auxilio</span> <span class='ocrx_word' id='word_1_48' title='bbox 715 592 774 625; x_wconf 88' lang='lat' dir='ltr'>est</span> <span class='ocrx_word' id='word_1_49' title='bbox 804 598 964 624; x_wconf 89' lang='lat' dir='ltr'>nomen.</span> <span class='ocrx_word' id='word_1_50' title='bbox 1024 597 1131 624; x_wconf 90' lang='lat' dir='ltr'>nunc</span> <span class='ocrx_word' id='word_1_51' title='bbox 1163 597 1320 636; x_wconf 82' lang='lat' dir='ltr'>operam</span> <span class='ocrx_word' id='word_1_52' title='bbox 1352 586 1452 633; x_wconf 91' lang='lat' dir='ltr'>date,</span> 
     </span>
     <span class='ocr_line' id='line_1_13' title="bbox 286 652 1375 705; baseline -0.001 -13"><span class='ocrx_word' id='word_1_53' title='bbox 286 659 329 692; x_wconf 90' lang='lat' dir='ltr'>ut</span> <span class='ocrx_word' id='word_1_54' title='bbox 359 666 430 705; x_wconf 88' lang='lat' dir='ltr'>ego</span> <span class='ocrx_word' id='word_1_55' title='bbox 461 659 736 703; x_wconf 82' lang='lat' dir='ltr'><strong>argumentum</strong></span> <span class='ocrx_word' id='word_1_56' title='bbox 767 653 841 691; x_wconf 88' lang='lat' dir='ltr'>hoc</span> <span class='ocrx_word' id='word_1_57' title='bbox 872 652 980 691; x_wconf 87' lang='lat' dir='ltr'>vobis</span> <span class='ocrx_word' id='word_1_58' title='bbox 1011 652 1125 703; x_wconf 88' lang='lat' dir='ltr'>plane</span> <span class='ocrx_word' id='word_1_59' title='bbox 1156 658 1375 704; x_wconf 89' lang='lat' dir='ltr'>perputem.</span> 
     </span>
     <span class='ocr_line' id='line_1_14' title="bbox 284 719 1012 771; baseline -0.001 -13"><span class='ocrx_word' id='word_1_60' title='bbox 284 720 394 758; x_wconf 75' lang='lat' dir='ltr'>suere</span> <span class='ocrx_word' id='word_1_61' title='bbox 425 719 583 771; x_wconf 82' lang='lat' dir='ltr'>Sicyoni</span> <span class='ocrx_word' id='word_1_62' title='bbox 614 719 689 758; x_wconf 88' lang='lat' dir='ltr'>iam</span> <span class='ocrx_word' id='word_1_63' title='bbox 719 719 785 758; x_wconf 91' lang='lat' dir='ltr'>diu</span> <span class='ocrx_word' id='word_1_64' title='bbox 816 719 1012 771; x_wconf 84' lang='lat' dir='ltr'>Dionysia.</span> 
     </span>
    </p>

    <p class='ocr_par' dir='ltr' id='par_1_11' title="bbox 287 786 1172 834">
     <span class='ocr_line' id='line_1_15' title="bbox 287 786 1172 834; baseline 0 -8"><span class='ocrx_word' id='word_1_65' title='bbox 287 792 481 826; x_wconf 89' lang='lat' dir='ltr'>mercator</span> <span class='ocrx_word' id='word_1_66' title='bbox 510 786 615 825; x_wconf 89' lang='lat' dir='ltr'>venit</span> <span class='ocrx_word' id='word_1_67' title='bbox 644 786 722 825; x_wconf 90' lang='lat' dir='ltr'>huc</span> <span class='ocrx_word' id='word_1_68' title='bbox 752 786 797 825; x_wconf 91' lang='lat' dir='ltr'>ad</span> <span class='ocrx_word' id='word_1_69' title='bbox 829 786 942 826; x_wconf 89' lang='lat' dir='ltr'>ludos</span> <span class='ocrx_word' id='word_1_70' title='bbox 971 786 1172 834; x_wconf 88' lang='lat' dir='ltr'>Lemnius,</span> 
     </span>
    </p>

    <p class='ocr_par' dir='ltr' id='par_1_12' title="bbox 284 853 1350 974">
     <span class='ocr_line' id='line_1_16' title="bbox 288 853 1350 905; baseline 0.001 -13"><span class='ocrx_word' id='word_1_71' title='bbox 288 854 398 904; x_wconf 86' lang='lat' dir='ltr'>isque</span> <span class='ocrx_word' id='word_1_72' title='bbox 429 854 492 893; x_wconf 87' lang='lat' dir='ltr'>hic</span> <span class='ocrx_word' id='word_1_73' title='bbox 523 854 756 905; x_wconf 83' lang='lat' dir='ltr'>compressit</span> <span class='ocrx_word' id='word_1_74' title='bbox 784 854 987 905; x_wconf 83' lang='lat' dir='ltr'>virginem,</span> <span class='ocrx_word' id='word_1_75' title='bbox 1019 853 1350 901; x_wconf 86' lang='lat' dir='ltr'>adulescentulus,</span> 
     </span>
     <span class='ocr_line' id='line_1_17' title="bbox 284 919 1102 974; baseline 0.002 -16"><span class='ocrx_word' id='word_1_76' title='bbox 284 919 377 974; x_wconf 79' lang='lat' dir='ltr'>(vi),</span> <span class='ocrx_word' id='word_1_77' title='bbox 410 921 632 960; x_wconf 84' lang='lat' dir='ltr'>vinulentus</span> <span class='ocrx_word' id='word_1_78' title='bbox 662 921 781 959; x_wconf 83' lang='lat' dir='ltr'>multa</span> <span class='ocrx_word' id='word_1_79' title='bbox 814 927 930 960; x_wconf 88' lang='lat' dir='ltr'>nocte</span> <span class='ocrx_word' id='word_1_80' title='bbox 961 921 1000 960; x_wconf 92' lang='lat' dir='ltr'>in</span> <span class='ocrx_word' id='word_1_81' title='bbox 1034 921 1102 960; x_wconf 92' lang='lat' dir='ltr'>via.</span> 
     </span>
    </p>

    <p class='ocr_par' dir='ltr' id='par_1_13' title="bbox 285 987 1388 1377">
     <span class='ocr_line' id='line_1_18' title="bbox 286 987 1224 1042; baseline 0 -15"><span class='ocrx_word' id='word_1_82' title='bbox 286 989 316 1028; x_wconf 90' lang='lat' dir='ltr'>is</span> <span class='ocrx_word' id='word_1_83' title='bbox 346 987 414 1027; x_wconf 91' lang='lat' dir='ltr'>ubi</span> <span class='ocrx_word' id='word_1_84' title='bbox 444 988 583 1027; x_wconf 89' lang='lat' dir='ltr'>malam</span> <span class='ocrx_word' id='word_1_85' title='bbox 614 1000 694 1027; x_wconf 91' lang='lat' dir='ltr'>rem</span> <span class='ocrx_word' id='word_1_86' title='bbox 727 989 800 1027; x_wconf 89' lang='lat' dir='ltr'>scit</span> <span class='ocrx_word' id='word_1_87' title='bbox 830 1001 871 1028; x_wconf 90' lang='lat' dir='ltr'>se</span> <span class='ocrx_word' id='word_1_88' title='bbox 902 989 1105 1042; x_wconf 84' lang='lat' dir='ltr'>meruisse,</span> <span class='ocrx_word' id='word_1_89' title='bbox 1136 989 1224 1028; x_wconf 90' lang='lat' dir='ltr'>ilico</span> 
     </span>
     <span class='ocr_line' id='line_1_19' title="bbox 285 1055 1388 1108; baseline 0.001 -14"><span class='ocrx_word' id='word_1_90' title='bbox 285 1055 449 1107; x_wconf 88' lang='lat' dir='ltr'>pedibus</span> <span class='ocrx_word' id='word_1_91' title='bbox 480 1056 702 1107; x_wconf 80' lang='lat' dir='ltr'>perfugium</span> <span class='ocrx_word' id='word_1_92' title='bbox 734 1057 899 1107; x_wconf 81' lang='lat' dir='ltr'>peperit,</span> <span class='ocrx_word' id='word_1_93' title='bbox 931 1057 970 1095; x_wconf 90' lang='grc'>111</span> <span class='ocrx_word' id='word_1_94' title='bbox 1003 1056 1197 1095; x_wconf 88' lang='lat' dir='ltr'>Lemnum</span> <span class='ocrx_word' id='word_1_95' title='bbox 1227 1056 1388 1108; x_wconf 86' lang='lat' dir='ltr'>aufugit,</span> 
     </span>
     <span class='ocr_line' id='line_1_20' title="bbox 286 1122 1296 1175; baseline 0.002 -14"><span class='ocrx_word' id='word_1_96' title='bbox 286 1123 352 1162; x_wconf 90' lang='lat' dir='ltr'>ubi</span> <span class='ocrx_word' id='word_1_97' title='bbox 382 1122 581 1162; x_wconf 79' lang='lat' dir='ltr'>habitabat</span> <span class='ocrx_word' id='word_1_98' title='bbox 610 1130 706 1164; x_wconf 90' lang='lat' dir='ltr'>tum.</span> <span class='ocrx_word' id='word_1_99' title='bbox 768 1123 829 1162; x_wconf 89' lang='lat' dir='ltr'>illa</span> <span class='ocrx_word' id='word_1_100' title='bbox 862 1136 977 1174; x_wconf 91' lang='lat' dir='ltr'>quam</span> <span class='ocrx_word' id='word_1_101' title='bbox 1009 1130 1296 1175; x_wconf 83' lang='lat' dir='ltr'>compresserat</span> 
     </span>
     <span class='ocr_line' id='line_1_21' title="bbox 287 1191 1334 1243; baseline 0.001 -14"><span class='ocrx_word' id='word_1_102' title='bbox 287 1191 451 1230; x_wconf 89' lang='lat' dir='ltr'>decumo</span> <span class='ocrx_word' id='word_1_103' title='bbox 482 1197 571 1243; x_wconf 89' lang='lat' dir='ltr'>post</span> <span class='ocrx_word' id='word_1_104' title='bbox 601 1203 734 1230; x_wconf 91' lang='lat' dir='ltr'>mense</span> <span class='ocrx_word' id='word_1_105' title='bbox 764 1199 897 1231; x_wconf 83' lang='lat' dir='ltr'>exacto</span> <span class='ocrx_word' id='word_1_106' title='bbox 929 1191 992 1230; x_wconf 90' lang='lat' dir='ltr'>hic</span> <span class='ocrx_word' id='word_1_107' title='bbox 1024 1191 1176 1242; x_wconf 86' lang='lat' dir='ltr'>peperit</span> <span class='ocrx_word' id='word_1_108' title='bbox 1206 1191 1334 1230; x_wconf 89' lang='lat' dir='ltr'>filiam.</span> 
     </span>
     <span class='ocr_line' id='line_1_22' title="bbox 286 1258 1220 1309; baseline 0.001 -13"><span class='ocrx_word' id='word_1_109' title='bbox 286 1258 475 1308; x_wconf 87' lang='lat' dir='ltr'>quoniam</span> <span class='ocrx_word' id='word_1_110' title='bbox 504 1270 616 1297; x_wconf 90' lang='lat' dir='ltr'>reum</span> <span class='ocrx_word' id='word_1_111' title='bbox 647 1258 730 1297; x_wconf 84' lang='lat' dir='ltr'>eius</span> <span class='ocrx_word' id='word_1_112' title='bbox 761 1259 850 1297; x_wconf 83' lang='lat' dir='ltr'>facti</span> <span class='ocrx_word' id='word_1_113' title='bbox 883 1259 1007 1298; x_wconf 88' lang='lat' dir='ltr'>nescit</span> <span class='ocrx_word' id='word_1_114' title='bbox 1037 1259 1103 1309; x_wconf 84' lang='lat' dir='ltr'>qui</span> <span class='ocrx_word' id='word_1_115' title='bbox 1135 1258 1220 1304; x_wconf 86' lang='lat' dir='ltr'>siet,</span> 
     </span>
     <span class='ocr_line' id='line_1_23' title="bbox 286 1326 1183 1377; baseline 0.001 -14"><span class='ocrx_word' id='word_1_116' title='bbox 286 1331 491 1376; x_wconf 85' lang='lat' dir='ltr'>paternum</span> <span class='ocrx_word' id='word_1_117' title='bbox 521 1337 672 1365; x_wconf 89' lang='lat' dir='ltr'>servom</span> <span class='ocrx_word' id='word_1_118' title='bbox 705 1326 764 1364; x_wconf 89' lang='lat' dir='ltr'>sui</span> <span class='ocrx_word' id='word_1_119' title='bbox 794 1326 1002 1377; x_wconf 82' lang='lat' dir='ltr'>participat</span> <span class='ocrx_word' id='word_1_120' title='bbox 1032 1326 1183 1371; x_wconf 82' lang='lat' dir='ltr'>consili,</span> 
     </span>
    </p>

    <p class='ocr_par' dir='ltr' id='par_1_14' title="bbox 287 1392 1435 1511">
     <span class='ocr_line' id='line_1_24' title="bbox 287 1392 1435 1444; baseline 0.002 -14"><span class='ocrx_word' id='word_1_121' title='bbox 287 1392 351 1431; x_wconf 89' lang='lat' dir='ltr'>dat</span> <span class='ocrx_word' id='word_1_122' title='bbox 381 1405 463 1431; x_wconf 91' lang='lat' dir='ltr'>eam</span> <span class='ocrx_word' id='word_1_123' title='bbox 495 1393 663 1444; x_wconf 85' lang='lat' dir='ltr'>puellam</span> <span class='ocrx_word' id='word_1_124' title='bbox 694 1393 728 1431; x_wconf 90' lang='lat' dir='ltr'>ei</span> <span class='ocrx_word' id='word_1_125' title='bbox 759 1405 870 1432; x_wconf 86' lang='lat' dir='ltr'>servo</span> <span class='ocrx_word' id='word_1_126' title='bbox 902 1392 1175 1444; x_wconf 81' lang='lat' dir='ltr'>exponendam</span> <span class='ocrx_word' id='word_1_127' title='bbox 1207 1393 1252 1432; x_wconf 85' lang='lat' dir='ltr'>ad</span> <span class='ocrx_word' id='word_1_128' title='bbox 1286 1405 1435 1432; x_wconf 85' lang='lat' dir='ltr'>necem.</span> 
     </span>
     <span class='ocr_line' id='line_1_25' title="bbox 287 1460 1198 1511; baseline 0.001 -13"><span class='ocrx_word' id='word_1_129' title='bbox 287 1461 318 1499; x_wconf 90' lang='lat' dir='ltr'>is</span> <span class='ocrx_word' id='word_1_130' title='bbox 349 1471 432 1498; x_wconf 91' lang='lat' dir='ltr'>eam</span> <span class='ocrx_word' id='word_1_131' title='bbox 465 1460 641 1511; x_wconf 83' lang='lat' dir='ltr'>proiecit.</span> <span class='ocrx_word' id='word_1_132' title='bbox 705 1460 798 1499; x_wconf 86' lang='lat' dir='ltr'>haec</span> <span class='ocrx_word' id='word_1_133' title='bbox 829 1460 996 1511; x_wconf 92' lang='lat' dir='ltr'>puellam</span> <span class='ocrx_word' id='word_1_134' title='bbox 1029 1460 1198 1499; x_wconf 89' lang='lat' dir='ltr'>sustulit.</span> 
     </span>
    </p>

    <p class='ocr_par' dir='ltr' id='par_1_15' title="bbox 287 1524 1400 1647">
     <span class='ocr_line' id='line_1_26' title="bbox 287 1524 1400 1581; baseline 0 -15"><span class='ocrx_word' id='word_1_135' title='bbox 287 1527 350 1566; x_wconf 91' lang='lat' dir='ltr'>ille</span> <span class='ocrx_word' id='word_1_136' title='bbox 381 1526 478 1565; x_wconf 87' lang='lat' dir='ltr'>clam</span> <span class='ocrx_word' id='word_1_137' title='bbox 514 1526 729 1566; x_wconf 84' lang='lat' dir='ltr'>observavit</span> <span class='ocrx_word' id='word_1_138' title='bbox 758 1539 890 1567; x_wconf 89' lang='lat' dir='ltr'>servos</span> <span class='ocrx_word' id='word_1_139' title='bbox 921 1527 1010 1581; x_wconf 87' lang='lat' dir='ltr'>&lt;qui</span> <span class='ocrx_word' id='word_1_140' title='bbox 1042 1540 1126 1567; x_wconf 89' lang='lat' dir='ltr'>eam</span> <span class='ocrx_word' id='word_1_141' title='bbox 1157 1524 1400 1580; x_wconf 84' lang='lat' dir='ltr'>proiecerat)</span> 
     </span>
     <span class='ocr_line' id='line_1_27' title="bbox 288 1594 1310 1647; baseline 0.002 -15"><span class='ocrx_word' id='word_1_142' title='bbox 288 1607 365 1645; x_wconf 85' lang='lat' dir='ltr'>quo</span> <span class='ocrx_word' id='word_1_143' title='bbox 397 1600 462 1633; x_wconf 89' lang='lat' dir='ltr'>aut</span> <span class='ocrx_word' id='word_1_144' title='bbox 492 1606 588 1645; x_wconf 85' lang='lat' dir='ltr'>quas</span> <span class='ocrx_word' id='word_1_145' title='bbox 618 1595 657 1633; x_wconf 94' lang='lat' dir='ltr'>in</span> <span class='ocrx_word' id='word_1_146' title='bbox 690 1594 794 1634; x_wconf 83' lang='lat' dir='ltr'>aedis</span> <span class='ocrx_word' id='word_1_147' title='bbox 824 1595 920 1634; x_wconf 87' lang='lat' dir='ltr'>haec</span> <span class='ocrx_word' id='word_1_148' title='bbox 951 1596 1118 1647; x_wconf 87' lang='lat' dir='ltr'>puellam</span> <span class='ocrx_word' id='word_1_149' title='bbox 1150 1595 1310 1634; x_wconf 80' lang='lat' dir='ltr'>deferat.</span> 
     </span>
    </p>

    <p class='ocr_par' dir='ltr' id='par_1_16' title="bbox 288 1662 1069 1714">
     <span class='ocr_line' id='line_1_28' title="bbox 288 1662 1069 1714; baseline 0.001 -14"><span class='ocrx_word' id='word_1_150' title='bbox 288 1668 329 1700; x_wconf 90' lang='lat' dir='ltr'>ut</span> <span class='ocrx_word' id='word_1_151' title='bbox 359 1674 515 1714; x_wconf 87' lang='lat' dir='ltr'>eampse</span> <span class='ocrx_word' id='word_1_152' title='bbox 543 1675 611 1702; x_wconf 90' lang='lat' dir='ltr'>vos</span> <span class='ocrx_word' id='word_1_153' title='bbox 642 1662 801 1702; x_wconf 76' lang='lat' dir='ltr'>audistis</span> <span class='ocrx_word' id='word_1_154' title='bbox 832 1664 1069 1709; x_wconf 73' lang='lat' dir='ltr'>confiterier,</span> 
     </span>
    </p>

    <p class='ocr_par' dir='ltr' id='par_1_17' title="bbox 287 1729 1138 1781">
     <span class='ocr_line' id='line_1_29' title="bbox 287 1729 1138 1781; baseline 0.001 -13"><span class='ocrx_word' id='word_1_155' title='bbox 287 1729 351 1768; x_wconf 90' lang='lat' dir='ltr'>dat</span> <span class='ocrx_word' id='word_1_156' title='bbox 380 1742 464 1768; x_wconf 88' lang='lat' dir='ltr'>eam</span> <span class='ocrx_word' id='word_1_157' title='bbox 496 1730 662 1781; x_wconf 85' lang='lat' dir='ltr'>puellam</span> <span class='ocrx_word' id='word_1_158' title='bbox 695 1731 890 1769; x_wconf 82' lang='lat' dir='ltr'>meretrici</span> <span class='ocrx_word' id='word_1_159' title='bbox 921 1730 1138 1777; x_wconf 84' lang='lat' dir='ltr'>Melaenidi,</span> 
     </span>
    </p>

    <p class='ocr_par' dir='ltr' id='par_1_18' title="bbox 288 1796 1046 1848">
     <span class='ocr_line' id='line_1_30' title="bbox 288 1796 1046 1848; baseline 0.001 -12"><span class='ocrx_word' id='word_1_160' title='bbox 288 1808 411 1847; x_wconf 85' lang='lat' dir='ltr'>eaque</span> <span class='ocrx_word' id='word_1_161' title='bbox 442 1797 618 1836; x_wconf 87' lang='lat' dir='ltr'>educavit</span> <span class='ocrx_word' id='word_1_162' title='bbox 648 1809 730 1836; x_wconf 92' lang='lat' dir='ltr'>eam</span> <span class='ocrx_word' id='word_1_163' title='bbox 763 1796 836 1836; x_wconf 90' lang='lat' dir='ltr'>sibi</span> <span class='ocrx_word' id='word_1_164' title='bbox 868 1810 939 1848; x_wconf 86' lang='lat' dir='ltr'>pro</span> <span class='ocrx_word' id='word_1_165' title='bbox 972 1799 1046 1837; x_wconf 83' lang='grc'><strong>11113</strong></span> 
     </span>
    </p>

    <p class='ocr_par' dir='ltr' id='par_1_19' title="bbox 283 1864 1281 1984">
     <span class='ocr_line' id='line_1_31' title="bbox 287 1864 1281 1915; baseline 0 -12"><span class='ocrx_word' id='word_1_166' title='bbox 287 1864 390 1904; x_wconf 89' lang='lat' dir='ltr'>bene</span> <span class='ocrx_word' id='word_1_167' title='bbox 420 1876 465 1903; x_wconf 91' lang='lat' dir='ltr'>ac</span> <span class='ocrx_word' id='word_1_168' title='bbox 496 1864 650 1915; x_wconf 76' lang='lat' dir='ltr'>pudice,</span> <span class='ocrx_word' id='word_1_169' title='bbox 711 1871 794 1904; x_wconf 93' lang='lat' dir='ltr'>tum</span> <span class='ocrx_word' id='word_1_170' title='bbox 826 1865 902 1904; x_wconf 89' lang='lat' dir='ltr'>illic</span> <span class='ocrx_word' id='word_1_171' title='bbox 934 1872 1063 1905; x_wconf 86' lang='lat' dir='ltr'>autem</span> <span class='ocrx_word' id='word_1_172' title='bbox 1095 1865 1281 1905; x_wconf 90' lang='lat' dir='ltr'>Lemnius</span> 
     </span>
     <span class='ocr_line' id='line_1_32' title="bbox 283 1932 1279 1984; baseline 0 -14"><span class='ocrx_word' id='word_1_173' title='bbox 283 1932 545 1983; x_wconf 89' lang='lat' dir='ltr'>propinquam</span> <span class='ocrx_word' id='word_1_174' title='bbox 578 1945 738 1971; x_wconf 88' lang='lat' dir='ltr'>uxorem</span> <span class='ocrx_word' id='word_1_175' title='bbox 770 1933 891 1978; x_wconf 86' lang='lat' dir='ltr'>duxit,</span> <span class='ocrx_word' id='word_1_176' title='bbox 923 1940 1126 1984; x_wconf 87' lang='lat' dir='ltr'>cognatam</span> <span class='ocrx_word' id='word_1_177' title='bbox 1158 1944 1279 1972; x_wconf 90' lang='lat' dir='ltr'>suam.</span> 
     </span>
    </p>

    <p class='ocr_par' dir='ltr' id='par_1_20' title="bbox 287 1999 1314 2121">
     <span class='ocr_line' id='line_1_33' title="bbox 287 1999 1314 2051; baseline 0.002 -14"><span class='ocrx_word' id='word_1_178' title='bbox 287 2011 329 2038; x_wconf 84' lang='lat' dir='ltr'>ea</span> <span class='ocrx_word' id='word_1_179' title='bbox 361 1999 461 2038; x_wconf 91' lang='lat' dir='ltr'>diem</span> <span class='ocrx_word' id='word_1_180' title='bbox 492 2012 604 2038; x_wconf 92' lang='lat' dir='ltr'>suom</span> <span class='ocrx_word' id='word_1_181' title='bbox 636 1999 744 2047; x_wconf 90' lang='lat' dir='ltr'>obiit,</span> <span class='ocrx_word' id='word_1_182' title='bbox 776 2001 874 2039; x_wconf 84' lang='lat' dir='ltr'>facta</span> <span class='ocrx_word' id='word_1_183' title='bbox 904 2000 1100 2051; x_wconf 82' lang='lat' dir='ltr'>morigera</span> <span class='ocrx_word' id='word_1_184' title='bbox 1132 2007 1190 2039; x_wconf 89' lang='lat' dir='ltr'>est</span> <span class='ocrx_word' id='word_1_185' title='bbox 1220 2000 1314 2039; x_wconf 87' lang='lat' dir='ltr'>viro.</span> 
     </span>
     <span class='ocr_line' id='line_1_34' title="bbox 287 2064 1160 2121; baseline 0.001 -16"><span class='ocrx_word' id='word_1_186' title='bbox 287 2064 541 2121; x_wconf 81' lang='lat' dir='ltr'>post&lt;quam&gt;</span> <span class='ocrx_word' id='word_1_187' title='bbox 571 2067 633 2105; x_wconf 92' lang='lat' dir='ltr'>ille</span> <span class='ocrx_word' id='word_1_188' title='bbox 667 2067 778 2106; x_wconf 82' lang='lat' dir='ltr'>uxori</span> <span class='ocrx_word' id='word_1_189' title='bbox 810 2068 908 2107; x_wconf 88' lang='lat' dir='ltr'>iusta</span> <span class='ocrx_word' id='word_1_190' title='bbox 938 2068 1040 2115; x_wconf 81' lang='lat' dir='ltr'>fecit,</span> <span class='ocrx_word' id='word_1_191' title='bbox 1072 2068 1160 2106; x_wconf 89' lang='lat' dir='ltr'>ilico</span> 
     </span>
    </p>

    <p class='ocr_par' dir='ltr' id='par_1_21' title="bbox 288 2134 1362 2321">
     <span class='ocr_line' id='line_1_35' title="bbox 288 2134 1213 2185; baseline 0.002 -13"><span class='ocrx_word' id='word_1_192' title='bbox 288 2134 364 2174; x_wconf 87' lang='lat' dir='ltr'>huc</span> <span class='ocrx_word' id='word_1_193' title='bbox 396 2134 683 2185; x_wconf 84' lang='lat' dir='ltr'>commigravit;</span> <span class='ocrx_word' id='word_1_194' title='bbox 714 2134 823 2173; x_wconf 84' lang='lat' dir='ltr'>duxit</span> <span class='ocrx_word' id='word_1_195' title='bbox 854 2147 1016 2174; x_wconf 80' lang='lat' dir='ltr'>uxorem</span> <span class='ocrx_word' id='word_1_196' title='bbox 1047 2135 1110 2174; x_wconf 88' lang='lat' dir='ltr'>hic</span> <span class='ocrx_word' id='word_1_197' title='bbox 1140 2134 1213 2174; x_wconf 88' lang='lat' dir='ltr'>sibi</span> 
     </span>
     <span class='ocr_line' id='line_1_36' title="bbox 288 2202 1362 2254; baseline 0 -14"><span class='ocrx_word' id='word_1_198' title='bbox 288 2202 452 2241; x_wconf 86' lang='lat' dir='ltr'>eandem</span> <span class='ocrx_word' id='word_1_199' title='bbox 483 2214 599 2253; x_wconf 87' lang='lat' dir='ltr'>quam</span> <span class='ocrx_word' id='word_1_200' title='bbox 630 2202 722 2240; x_wconf 91' lang='lat' dir='ltr'>olim</span> <span class='ocrx_word' id='word_1_201' title='bbox 754 2202 941 2253; x_wconf 87' lang='lat' dir='ltr'>virginem</span> <span class='ocrx_word' id='word_1_202' title='bbox 972 2203 1034 2242; x_wconf 89' lang='grc'><strong>1116</strong></span> <span class='ocrx_word' id='word_1_203' title='bbox 1065 2207 1362 2254; x_wconf 85' lang='lat' dir='ltr'>compresserat,</span> 
     </span>
     <span class='ocr_line' id='line_1_37' title="bbox 289 2269 1290 2321; baseline 0.001 -13"><span class='ocrx_word' id='word_1_204' title='bbox 289 2276 326 2308; x_wconf 84' lang='lat' dir='ltr'>et</span> <span class='ocrx_word' id='word_1_205' title='bbox 357 2281 440 2308; x_wconf 89' lang='lat' dir='ltr'>eam</span> <span class='ocrx_word' id='word_1_206' title='bbox 472 2269 675 2320; x_wconf 85' lang='lat' dir='ltr'>cognoscit</span> <span class='ocrx_word' id='word_1_207' title='bbox 707 2282 803 2317; x_wconf 82' lang='lat' dir='ltr'>esse,</span> <span class='ocrx_word' id='word_1_208' title='bbox 837 2282 953 2320; x_wconf 87' lang='lat' dir='ltr'>quam</span> <span class='ocrx_word' id='word_1_209' title='bbox 985 2277 1290 2321; x_wconf 86' lang='lat' dir='ltr'>compresserat;</span> 
     </span>
    </p>

    <p class='ocr_par' dir='ltr' id='par_1_22' title="bbox 288 2337 1005 2385">
     <span class='ocr_line' id='line_1_38' title="bbox 288 2337 1005 2385; baseline 0.001 -10"><span class='ocrx_word' id='word_1_210' title='bbox 288 2337 350 2376; x_wconf 93' lang='lat' dir='ltr'>illa</span> <span class='ocrx_word' id='word_1_211' title='bbox 381 2337 434 2376; x_wconf 89' lang='lat' dir='ltr'>illi</span> <span class='ocrx_word' id='word_1_212' title='bbox 466 2337 571 2385; x_wconf 80' lang='lat' dir='ltr'>dicit,</span> <span class='ocrx_word' id='word_1_213' title='bbox 603 2337 685 2376; x_wconf 92' lang='lat' dir='ltr'>eius</span> <span class='ocrx_word' id='word_1_214' title='bbox 716 2350 756 2376; x_wconf 90' lang='lat' dir='ltr'>se</span> <span class='ocrx_word' id='word_1_215' title='bbox 788 2349 834 2376; x_wconf 85' lang='lat' dir='ltr'>ex</span> <span class='ocrx_word' id='word_1_216' title='bbox 865 2337 1005 2376; x_wconf 89' lang='lat' dir='ltr'>iniuria</span> 
     </span>
    </p>
   </div>
   <div class='ocr_carea' id='block_1_8' title="bbox 643 2416 1648 2418">
    <p class='ocr_par' dir='ltr' id='par_1_23' title="bbox 643 2416 1648 2418">
     <span class='ocr_line' id='line_1_39' title="bbox 643 2416 1648 2418; baseline 0 0"><span class='ocrx_word' id='word_1_217' title='bbox 643 2416 1648 2418; x_wconf 95' lang='lat' dir='ltr'> </span> 
     </span>
    </p>
   </div>
   <div class='ocr_carea' id='block_1_9' title="bbox 88 2451 1748 2723">
    <p class='ocr_par' dir='ltr' id='par_1_24' title="bbox 289 2451 1748 2553">
     <span class='ocr_line' id='line_1_40' title="bbox 289 2451 1745 2500; baseline 0 -12"><span class='ocrx_word' id='word_1_218' title='bbox 289 2453 406 2488; x_wconf 83' lang='lat' dir='ltr'>satine</span> <span class='ocrx_word' id='word_1_219' title='bbox 474 2452 545 2488; x_wconf 90' lang='lat' dir='ltr'>Ioci</span> <span class='ocrx_word' id='word_1_220' title='bbox 570 2453 759 2500; x_wconf 78' lang='grc' dir='ltr'><strong><em>παρέλκει,</em></strong></span> <span class='ocrx_word' id='word_1_221' title='bbox 778 2453 917 2499; x_wconf 80' lang='lat' dir='ltr'>pendet</span> <span class='ocrx_word' id='word_1_222' title='bbox 941 2464 963 2488; x_wconf 84' lang='lat' dir='ltr'><em>a</em></span> <span class='ocrx_word' id='word_1_223' title='bbox 988 2453 1084 2497; x_wconf 89' lang='lat' dir='ltr'>quod</span> <span class='ocrx_word' id='word_1_224' title='bbox 1202 2456 1264 2487; x_wconf 81' lang='lat'>152</span> <span class='ocrx_word' id='word_1_225' title='bbox 1290 2452 1496 2488; x_wconf 81' lang='lat' dir='ltr'>sitacuisset</span> <span class='ocrx_word' id='word_1_226' title='bbox 1520 2451 1575 2486; x_wconf 82' lang='lat' dir='ltr'>B:</span> <span class='ocrx_word' id='word_1_227' title='bbox 1602 2451 1745 2488; x_wconf 81' lang='lat' dir='ltr'>sitatius</span> 
     </span>
     <span class='ocr_line' id='line_1_41' title="bbox 366 2508 1748 2553; baseline 0.001 -10"><span class='ocrx_word' id='word_1_228' title='bbox 366 2512 430 2544; x_wconf 76' lang='lat'>154</span> <span class='ocrx_word' id='word_1_229' title='bbox 455 2512 510 2544; x_wconf 83' lang='lat' dir='ltr'>est</span> <span class='ocrx_word' id='word_1_230' title='bbox 532 2509 678 2545; x_wconf 75' lang='lat' dir='ltr'>Auxilio</span> <span class='ocrx_word' id='word_1_231' title='bbox 705 2509 935 2544; x_wconf 77' lang='lat' dir='ltr'>Camerarius</span> <span class='ocrx_word' id='word_1_232' title='bbox 1031 2511 1091 2543; x_wconf 82' lang='lat'>155</span> <span class='ocrx_word' id='word_1_233' title='bbox 1117 2512 1377 2553; x_wconf 85' lang='lat' dir='ltr'>argumentum,</span> <span class='ocrx_word' id='word_1_234' title='bbox 1402 2508 1466 2543; x_wconf 82' lang='lat' dir='ltr'>sed</span> <span class='ocrx_word' id='word_1_235' title='bbox 1488 2511 1671 2544; x_wconf 87' lang='lat' dir='ltr'>umentum</span> <span class='ocrx_word' id='word_1_236' title='bbox 1695 2508 1748 2544; x_wconf 71' lang='grc' dir='ltr'>Β2</span> 
     </span>
    </p>

    <p class='ocr_par' dir='ltr' id='par_1_25' title="bbox 88 2563 1656 2611">
     <span class='ocr_line' id='line_1_42' title="bbox 88 2563 1656 2611; baseline 0.001 -13"><span class='ocrx_word' id='word_1_237' title='bbox 88 2563 126 2598; x_wconf 76' lang='lat' dir='ltr'>in</span> <span class='ocrx_word' id='word_1_238' title='bbox 149 2574 234 2606; x_wconf 65' lang='lat' dir='ltr'>ras„</span> <span class='ocrx_word' id='word_1_239' title='bbox 259 2564 313 2606; x_wconf 88' lang='lat' dir='ltr'>B&#39;,</span> <span class='ocrx_word' id='word_1_240' title='bbox 337 2568 524 2610; x_wconf 84' lang='lat' dir='ltr'>argentum</span> <span class='ocrx_word' id='word_1_241' title='bbox 551 2565 586 2600; x_wconf 87' lang='lat' dir='ltr'><em>E</em></span> <span class='ocrx_word' id='word_1_242' title='bbox 700 2569 762 2601; x_wconf 85' lang='lat'>156</span> <span class='ocrx_word' id='word_1_243' title='bbox 787 2565 925 2611; x_wconf 83' lang='lat' dir='ltr'>sycioni</span> <span class='ocrx_word' id='word_1_244' title='bbox 950 2564 984 2599; x_wconf 89' lang='lat' dir='ltr'><em>B</em></span> <span class='ocrx_word' id='word_1_245' title='bbox 1077 2564 1232 2600; x_wconf 87' lang='lat' dir='ltr'>dionisia.</span> <span class='ocrx_word' id='word_1_246' title='bbox 1327 2568 1388 2599; x_wconf 84' lang='grc'>159</span> <span class='ocrx_word' id='word_1_247' title='bbox 1413 2565 1490 2608; x_wconf 87' lang='lat' dir='ltr'>&lt;vi&gt;</span> <span class='ocrx_word' id='word_1_248' title='bbox 1515 2563 1656 2600; x_wconf 81' lang='lat' dir='ltr'>Pareus</span> 
     </span>
    </p>

    <p class='ocr_par' dir='ltr' id='par_1_26' title="bbox 588 2619 1747 2667">
     <span class='ocr_line' id='line_1_43' title="bbox 588 2619 1747 2667; baseline -0.002 -11"><span class='ocrx_word' id='word_1_249' title='bbox 588 2623 650 2656; x_wconf 82' lang='lat'>162</span> <span class='ocrx_word' id='word_1_250' title='bbox 682 2623 757 2657; x_wconf 85' lang='lat' dir='ltr'>tum</span> <span class='ocrx_word' id='word_1_251' title='bbox 781 2621 971 2657; x_wconf 83' lang='lat' dir='ltr'>habitabat</span> <span class='ocrx_word' id='word_1_252' title='bbox 1003 2619 1172 2662; x_wconf 73' lang='lat' dir='ltr'>Guietus,·</span> <span class='ocrx_word' id='word_1_253' title='bbox 1202 2620 1385 2667; x_wconf 80' lang='lat' dir='ltr'>spondeus</span> <span class='ocrx_word' id='word_1_254' title='bbox 1415 2631 1488 2655; x_wconf 81' lang='lat' dir='ltr'>non</span> <span class='ocrx_word' id='word_1_255' title='bbox 1513 2620 1662 2656; x_wconf 74' lang='lat' dir='ltr'>vitiosus</span> <span class='ocrx_word' id='word_1_256' title='bbox 1684 2625 1747 2656; x_wconf 80' lang='lat' dir='ltr'>est.</span> 
     </span>
    </p>

    <p class='ocr_par' dir='ltr' id='par_1_27' title="bbox 91 2673 1747 2723">
     <span class='ocr_line' id='line_1_44' title="bbox 91 2673 1747 2723; baseline 0.001 -12"><span class='ocrx_word' id='word_1_257' title='bbox 91 2673 226 2712; x_wconf 81' lang='lat' dir='ltr'>Gellius</span> <span class='ocrx_word' id='word_1_258' title='bbox 251 2677 285 2719; x_wconf 90' lang='lat'>3,</span> <span class='ocrx_word' id='word_1_259' title='bbox 310 2678 368 2719; x_wconf 86' lang='lat'>16,</span> <span class='ocrx_word' id='word_1_260' title='bbox 393 2679 420 2712; x_wconf 80' lang='lat'><strong><em>2</em></strong></span> <span class='ocrx_word' id='word_1_261' title='bbox 445 2677 596 2719; x_wconf 82' lang='lat' dir='ltr'>(decimo</span> <span class='ocrx_word' id='word_1_262' title='bbox 620 2688 739 2712; x_wconf 81' lang='lat' dir='ltr'>mense</span> <span class='ocrx_word' id='word_1_263' title='bbox 763 2681 895 2713; x_wconf 74' lang='lat' dir='ltr'>exacto</span> <span class='ocrx_word' id='word_1_264' title='bbox 919 2676 1096 2712; x_wconf 75' lang='lat' dir='ltr'>hominem</span> <span class='ocrx_word' id='word_1_265' title='bbox 1120 2677 1236 2723; x_wconf 73' lang='lat' dir='ltr'>qiqm’)</span> <span class='ocrx_word' id='word_1_266' title='bbox 1261 2676 1368 2712; x_wconf 80' lang='lat' dir='ltr'>verba</span> <span class='ocrx_word' id='word_1_267' title='bbox 1393 2676 1517 2722; x_wconf 83' lang='lat' dir='ltr'>adfert</span> <span class='ocrx_word' id='word_1_268' title='bbox 1539 2688 1562 2711; x_wconf 85' lang='grc' dir='ltr'><em>α</em></span> <span class='ocrx_word' id='word_1_269' title='bbox 1586 2680 1663 2712; x_wconf 88' lang='lat' dir='ltr'>tum</span> <span class='ocrx_word' id='word_1_270' title='bbox 1685 2677 1747 2713; x_wconf 85' lang='lat' dir='ltr'>illa</span> 
     </span>
    </p>
   </div>
   <div class='ocr_carea' id='block_1_10' title="bbox 1659 69 1736 106">
    <p class='ocr_par' dir='ltr' id='par_1_28' title="bbox 1659 69 1736 106">
     <span class='ocr_line' id='line_1_45' title="bbox 1659 69 1736 106; baseline 0.013 -1"><span class='ocrx_word' id='word_1_271' title='bbox 1659 69 1736 106; x_wconf 83' lang='lat'>281</span> 
     </span>
    </p>
   </div>
   <div class='ocr_carea' id='block_1_11' title="bbox 1663 183 1740 223">
    <p class='ocr_par' dir='ltr' id='par_1_29' title="bbox 1663 183 1740 223">
     <span class='ocr_line' id='line_1_46' title="bbox 1663 183 1740 223; baseline 0.013 -1"><span class='ocrx_word' id='word_1_272' title='bbox 1663 183 1740 223; x_wconf 85' lang='lat'>13</span> 
     </span>
    </p>
   </div>
   <div class='ocr_carea' id='block_1_12' title="bbox 88 2730 1678 2779">
    <p class='ocr_par' dir='ltr' id='par_1_30' title="bbox 88 2730 1678 2779">
     <span class='ocr_line' id='line_1_47' title="bbox 88 2730 1678 2779; baseline 0.001 -13"><span class='ocrx_word' id='word_1_273' title='bbox 88 2730 283 2778; x_wconf 77' lang='lat' dir='ltr'>incipiens,</span> <span class='ocrx_word' id='word_1_274' title='bbox 320 2744 395 2768; x_wconf 77' lang='lat' dir='ltr'>non</span> <span class='ocrx_word' id='word_1_275' title='bbox 430 2738 527 2770; x_wconf 83' lang='lat' dir='ltr'>recte</span> <span class='ocrx_word' id='word_1_276' title='bbox 644 2736 706 2768; x_wconf 85' lang='lat'>168</span> <span class='ocrx_word' id='word_1_277' title='bbox 739 2733 920 2779; x_wconf 78' lang='lat' dir='ltr'>supplevit</span> <span class='ocrx_word' id='word_1_278' title='bbox 949 2733 1176 2768; x_wconf 78' lang='lat' dir='ltr'>Camerarius</span> <span class='ocrx_word' id='word_1_279' title='bbox 1294 2734 1356 2767; x_wconf 88' lang='lat'>169</span> <span class='ocrx_word' id='word_1_280' title='bbox 1388 2743 1475 2777; x_wconf 90' lang='lat' dir='ltr'>quo:</span> <span class='ocrx_word' id='word_1_281' title='bbox 1509 2733 1604 2777; x_wconf 87' lang='lat' dir='ltr'>quod</span> <span class='ocrx_word' id='word_1_282' title='bbox 1629 2733 1678 2768; x_wconf 90' lang='lat' dir='ltr'>B¹</span> 
     </span>
    </p>
   </div>
   <div class='ocr_carea' id='block_1_13' title="bbox 92 2788 459 2834">
    <p class='ocr_par' dir='ltr' id='par_1_31' title="bbox 92 2788 459 2834">
     <span class='ocr_line' id='line_1_48' title="bbox 92 2788 459 2834; baseline 0.008 -13"><span class='ocrx_word' id='word_1_283' title='bbox 92 2790 153 2822; x_wconf 81' lang='lat'>170</span> <span class='ocrx_word' id='word_1_284' title='bbox 177 2798 257 2824; x_wconf 85' lang='lat' dir='ltr'>eam</span> <span class='ocrx_word' id='word_1_285' title='bbox 279 2789 358 2834; x_wconf 86' lang='lat' dir='ltr'>ipse</span> <span class='ocrx_word' id='word_1_286' title='bbox 389 2788 459 2824; x_wconf 80' lang='lat' dir='ltr'>VE</span> 
     </span>
    </p>
   </div>
   <div class='ocr_carea' id='block_1_14' title="bbox 88 2844 458 2890">
    <p class='ocr_par' dir='ltr' id='par_1_32' title="bbox 88 2844 458 2890">
     <span class='ocr_line' id='line_1_49' title="bbox 88 2844 458 2890; baseline 0 -11"><span class='ocrx_word' id='word_1_287' title='bbox 88 2844 206 2880; x_wconf 80' lang='lat' dir='ltr'>nescio</span> <span class='ocrx_word' id='word_1_288' title='bbox 232 2855 338 2890; x_wconf 79' lang='lat' dir='ltr'>quam</span> <span class='ocrx_word' id='word_1_289' title='bbox 363 2848 458 2881; x_wconf 82' lang='lat' dir='ltr'>recte</span> 
     </span>
    </p>
   </div>
   <div class='ocr_carea' id='block_1_15' title="bbox 574 2787 1746 2835">
    <p class='ocr_par' dir='ltr' id='par_1_33' title="bbox 574 2787 1746 2835">
     <span class='ocr_line' id='line_1_50' title="bbox 574 2787 1746 2835; baseline 0.001 -10"><span class='ocrx_word' id='word_1_290' title='bbox 574 2793 636 2825; x_wconf 74' lang='lat'>176</span> <span class='ocrx_word' id='word_1_291' title='bbox 659 2791 810 2835; x_wconf 82' lang='lat' dir='ltr'>(quam)</span> <span class='ocrx_word' id='word_1_292' title='bbox 835 2802 852 2826; x_wconf 81' lang='grc' dir='ltr'><em>ς</em></span> <span class='ocrx_word' id='word_1_293' title='bbox 971 2792 1029 2823; x_wconf 74' lang='grc'>177</span> <span class='ocrx_word' id='word_1_294' title='bbox 1057 2788 1149 2823; x_wconf 81' lang='lat' dir='ltr'>dixit</span> <span class='ocrx_word' id='word_1_295' title='bbox 1181 2787 1250 2823; x_wconf 90' lang='lat' dir='ltr'>VE</span> <span class='ocrx_word' id='word_1_296' title='bbox 1340 2791 1402 2822; x_wconf 79' lang='lat'>179</span> <span class='ocrx_word' id='word_1_297' title='bbox 1428 2791 1481 2824; x_wconf 85' lang='lat' dir='ltr'>et:</span> <span class='ocrx_word' id='word_1_298' title='bbox 1506 2792 1547 2825; x_wconf 82' lang='lat' dir='ltr'>ut</span> <span class='ocrx_word' id='word_1_299' title='bbox 1580 2789 1746 2832; x_wconf 75' lang='lat' dir='ltr'>Weisius,</span> 
     </span>
    </p>
   </div>
   <div class='ocr_carea' id='block_1_16' title="bbox 1757 327 1811 360">
    <p class='ocr_par' dir='ltr' id='par_1_34' title="bbox 1757 327 1811 360">
     <span class='ocr_line' id='line_1_51' title="bbox 1757 327 1811 360; baseline 0.037 -2"><span class='ocrx_word' id='word_1_300' title='bbox 1757 327 1811 360; x_wconf 85' lang='lat'>150</span> 
     </span>
    </p>
   </div>
   <div class='ocr_carea' id='block_1_17' title="bbox 1757 664 1811 696">
    <p class='ocr_par' dir='ltr' id='par_1_35' title="bbox 1757 664 1811 696">
     <span class='ocr_line' id='line_1_52' title="bbox 1757 664 1811 696; baseline 0 0"><span class='ocrx_word' id='word_1_301' title='bbox 1757 664 1811 696; x_wconf 80' lang='lat'>¹55</span> 
     </span>
    </p>
   </div>
   <div class='ocr_carea' id='block_1_18' title="bbox 1756 1001 1812 1034">
    <p class='ocr_par' dir='ltr' id='par_1_36' title="bbox 1756 1001 1812 1034">
     <span class='ocr_line' id='line_1_53' title="bbox 1756 1001 1812 1034; baseline -0.018 0"><span class='ocrx_word' id='word_1_302' title='bbox 1756 1001 1812 1034; x_wconf 83' lang='lat'>160</span> 
     </span>
    </p>
   </div>
   <div class='ocr_carea' id='block_1_19' title="bbox 1757 1339 1811 1371">
    <p class='ocr_par' dir='ltr' id='par_1_37' title="bbox 1757 1339 1811 1371">
     <span class='ocr_line' id='line_1_54' title="bbox 1757 1339 1811 1371; baseline 0 0"><span class='ocrx_word' id='word_1_303' title='bbox 1757 1339 1811 1371; x_wconf 83' lang='lat'>165</span> 
     </span>
    </p>
   </div>
   <div class='ocr_carea' id='block_1_20' title="bbox 1758 1676 1812 1708">
    <p class='ocr_par' dir='ltr' id='par_1_38' title="bbox 1758 1676 1812 1708">
     <span class='ocr_line' id='line_1_55' title="bbox 1758 1676 1812 1708; baseline 0 0"><span class='ocrx_word' id='word_1_304' title='bbox 1758 1676 1812 1708; x_wconf 80' lang='lat'>170</span> 
     </span>
    </p>
   </div>
   <div class='ocr_carea' id='block_1_21' title="bbox 1758 2015 1812 2046">
    <p class='ocr_par' dir='ltr' id='par_1_39' title="bbox 1758 2015 1812 2046">
     <span class='ocr_line' id='line_1_56' title="bbox 1758 2015 1812 2046; baseline -0.019 0"><span class='ocrx_word' id='word_1_305' title='bbox 1758 2015 1812 2046; x_wconf 81' lang='lat'>175</span> 
     </span>
    </p>
   </div>
   <div class='ocr_carea' id='block_1_22' title="bbox 1759 2351 1813 2385">
    <p class='ocr_par' dir='ltr' id='par_1_40' title="bbox 1759 2351 1813 2385">
     <span class='ocr_line' id='line_1_57' title="bbox 1759 2351 1813 2385; baseline 0 0"><span class='ocrx_word' id='word_1_306' title='bbox 1759 2351 1813 2385; x_wconf 87' lang='lat'>180</span> 
     </span>
    </p>
   </div>
  </div>
 </body>
</html>
