2003 3188
201 107 252 143 22
934 105 1115 142 PLAVTI
1698 107 1712 135 1
1727 107 1754 141 2,
1774 107 1858 136 1-25

1778 222 1800 261 I
1831 224 1855 261 2

310 287 448 327 Mimo.
498 287 603 325 Bene
634 291 822 338 prospere
854 288 927 326 hoc
958 286 1072 325 hodie
1105 285 1234 336 operis
1262 285 1453 337 processit
1483 286 1595 325 mihi:

310 356 433 394 amovi
465 367 484 392 a
516 354 666 393 foribus
698 355 901 392 maximam
936 353 1171 401 molestiam,-

310 422 408 472 patri
443 429 482 460 ut
512 422 645 460 liceret
675 428 759 460 tuto
793 421 892 459 illam
925 419 1194 471 amplexarier.

310 489 381 527 iam
414 488 474 526 ille
505 488 594 526 illuc
625 488 669 526 ad
702 500 810 526 erum
843 500 931 526 cum
963 487 1287 538 Amphitruonem
1317 487 1528 534 advenerit,

310 555 479 593 narrabit
509 567 660 594 servom
692 555 784 594 hinc
815 567 899 594 sese
931 567 950 592 a
981 554 1130 593 foribus
1161 554 1309 594 Sosiam

308 623 512 670 amovisse;
545 623 607 661 illc
637 623 732 661 adeo
764 623 870 661 illum
902 622 1058 661 mentiri
1089 621 1163 661 sibi

308 690 450 736 credet,
482 702 609 741 neque
641 690 773 729 credet
803 691 879 728 huc
908 690 1142 741 profectum,
1174 695 1216 728 ut
1244 690 1420 729 iusserat.

307 758 451 796 erroris
480 757 593 796 ambo
626 770 698 809 ego
729 758 814 797 illos
845 764 883 796 et
912 757 1131 796 dementiae

307 825 511 877 complebo
544 833 658 876 atque
691 838 846 864 omnem
878 825 1176 877 Amphitruonis
1206 825 1403 869 familiam,

308 893 402 932 adeo
436 906 572 944 usque,
604 894 816 933 satietatem
849 894 939 932 dum
972 893 1099 944 capiet
1131 900 1241 944 pater

308 961 407 1000 illius
439 964 553 1011 quam
583 968 696 1000 amat.
757 962 874 1012 igitur
905 962 1060 1000 demum
1093 973 1231 1001 omnes
1261 962 1387 1001 scient

307 1041 404 1079 quae
435 1029 545 1067 sacta.
605 1029 774 1079 denique
805 1029 1059 1068 Alcumenam
1092 1029 1267 1080 Iuppiter

306 1096 453 1146 rediget
483 1096 680 1147 antiquam
712 1097 869 1147 coniugi
901 1097 940 1135 in
973 1097 1240 1136 concordiam.

307 1175 392 1201 nam
427 1164 658 1214 Amphitruo
690 1170 864 1203 actutum
895 1165 1007 1203 uxori
1039 1163 1176 1204 turbas
1207 1165 1361 1204 conciet

306 1238 422 1281 atque
455 1231 693 1270 insimulabit
723 1244 806 1270 eam
840 1232 998 1283 probri;
1029 1238 1110 1271 tum
1143 1244 1254 1272 meus
1284 1239 1394 1284 pater

305 1310 386 1336 eam
419 1298 648 1337 seditionem
681 1299 732 1338 illi
765 1300 804 1338 in
838 1299 1091 1351 tranquillum
1124 1301 1314 1340 conferet.

305 1378 412 1404 nunc
443 1367 489 1405 de
520 1367 731 1406 Alcumena
764 1367 908 1407 dudum
941 1368 1046 1419 quod
1079 1368 1158 1407 dixi
1188 1369 1330 1414 minus,

305 1433 417 1472 hodie
448 1433 509 1472 illa
540 1435 663 1485 pariet
693 1435 792 1475 filios
821 1436 1000 1486 geminos
1029 1436 1128 1476 duos

304 1501 400 1539 aller
429 1501 594 1541 decumo
626 1509 715 1554 post
744 1516 879 1543 mense
911 1511 1096 1544 nascetur
1126 1517 1224 1556 puer

307 1580 421 1619 quam
453 1570 692 1616 seminatust,
725 1571 822 1610 alter
853 1584 988 1611 mense
1018 1579 1221 1624 septumo;

305 1648 440 1676 eorum
472 1626 767 1689 Amphitruonis
798 1639 895 1678 alter
925 1646 994 1686 est,
1027 1640 1124 1679 alter
1155 1640 1274 1680 lovis:

306 1716 437 1743 verum
470 1706 610 1745 minori
643 1719 764 1758 puero
795 1707 920 1746 maior
950 1715 1009 1748 est
1039 1715 1162 1760 pater,

306 1772 435 1811 minor
466 1774 614 1812 maiori.
676 1775 803 1814 iamne
835 1776 909 1815 hoc
939 1776 1046 1815 scitis
1077 1776 1169 1828 quid
1200 1774 1301 1816 siet?

305 1840 370 1879 sed
402 1841 638 1880 Alcumenae
669 1842 783 1882 huius
815 1844 978 1884 honoris
1008 1845 1130 1895 gratia

304 1914 414 1959 pater
444 1909 589 1947 curavit
618 1922 698 1949 uno
729 1917 772 1950 ut
801 1912 879 1950 fetu
911 1913 1035 1959 fieret,

305 1988 384 2015 uno
415 1983 457 2015 ut
488 1976 619 2016 labore
651 1978 822 2018 absolvat
851 1992 1059 2019 aerumnas
1090 1980 1198 2019 duas.

303 2078 367 2110 463
391 2087 600 2112 achvmvs
626 2078 707 2121 BE,
732 2090 798 2113 om.
827 2080 857 2114 I)
989 2091 1250 2125 prospereque;
1276 2091 1372 2115 corr.
1397 2079 1606 2121 Acidalius;
1629 2091 1694 2125 pro
1719 2091 1854 2126 speque

200 2129 376 2166 Vseuerus
400 2132 471 2167 incl.
500 2132 700 2179 Gryplu'sm.
730 2137 834 2178 1566,
870 2138 931 2177 16,·
959 2137 1008 2182 cf.
1034 2136 1164 2171 Pseud.
1190 2138 1257 2171 574
1281 2135 1388 2171 Most.
1417 2137 1481 2171 734
1617 2139 1684 2171 466
1707 2139 1855 2183 amphy-

190 2187 307 2223 trione
322 2187 359 2222 E
446 2192 510 2224 467
528 2192 689 2226 narravit
702 2191 751 2225 B¹
844 2196 905 2227 471
927 2193 1202 2238 Amphitruonis
1216 2203 1355 2228 omnem
1368 2192 1622 2228 Fleckeisenus
1713 2197 1754 2228 47
1759 2198 1778 2229 5
1791 2204 1854 2230 an-

189 2243 326 2288 tiquam
349 2245 386 2279 in
412 2247 640 2282 concordiam
669 2248 849 2293 coniugis,
881 2261 974 2284 corr.
1001 2249 1271 2285 Litzclcmamzus
1408 2244 1560 2285 breviter
1583 2260 1658 2284 rem
1681 2250 1834 2286 absolvit
1841 2264 1856 2293 ;

190 2300 260 2334 iam
290 2300 415 2335 ultima
447 2302 554 2337 verba
586 2303 728 2339 discidii
751 2306 842 2340 inter
867 2306 1040 2352 coniuqes
1071 2318 1150 2341 eum
1175 2305 1389 2348 admouent,
1422 2305 1610 2341 discidium
1637 2312 1771 2352 partus
1801 2308 1854 2343 in·

189 2357 342 2398 stantis;
371 2358 474 2392 cuius
497 2369 626 2394 causas
650 2371 727 2395 cum
746 2359 914 2408 Iuppiter
938 2368 1133 2409 aperturus
1155 2364 1215 2404 sit,
1239 2374 1284 2398 ne
1306 2363 1359 2397 sic
1383 2362 1526 2408 quidem
1540 2361 1733 2398 Alcmenae
1748 2374 1854 2399 noce-

190 2410 250 2453 bit,
276 2417 309 2446 et
332 2415 509 2450 constabit
531 2416 736 2452 concordia.
762 2418 811 2462 cf.
837 2418 885 2453 acl
909 2420 983 2453 479.
1002 2420 1077 2453 489.
1103 2421 1169 2454 861
1182 2429 1236 2464 sq.
1329 2421 1396 2454 476
1417 2418 1555 2454 contiet
1581 2417 1614 2453 B
1637 2423 1672 2455 et
1695 2430 1745 2455 ea·
1769 2430 1853 2456 con-

188 2467 280 2503 tinet
304 2469 337 2504 D
451 2475 514 2506 477
535 2472 759 2509 insimulauit
864 2475 987 2520 probri
1011 2479 1087 2510 tum
1111 2475 1273 2511 Merula:
1296 2475 1482 2521 probrium
1508 2475 1544 2510 B
1567 2478 1651 2510 ante
1673 2486 1782 2518 corr„
1808 2475 1852 2519 E,

187 2525 373 2570 proprium
401 2527 433 2562 Β
457 2538 565 2571 corr.,
590 2528 623 2563 D
716 2532 780 2564 478
804 2530 875 2565 iam
903 2530 973 2566 DE
1083 2535 1148 2567 479
1173 2543 1245 2578 sq.:
1271 2532 1308 2567 in
1332 2532 1414 2578 ipsa
1435 2531 1568 2576 fabula
1590 2542 1664 2567 non
1687 2531 1854 2567 audimus

189 2579 308 2616 Iovem
340 2583 409 2617 iam
442 2592 525 2619 ante
556 2585 650 2620 lianc
679 2592 815 2620 noctem
848 2598 925 2621 cum
950 2588 1121 2623 Alcmena
1143 2588 1274 2634 fuisse,
1298 2588 1404 2623 immo
1429 2588 1652 2623 contrarium
1675 2588 1852 2635 intelleqi·

189 2648 268 2671 mus
296 2639 358 2683 (cf.
389 2639 582 2685 Lanqenus
610 2642 703 2676 stud.
734 2641 790 2678 Pl.
815 2644 918 2685 235)‚·
954 2650 1069 2679 tamen
1107 2643 1175 2680 hac
1210 2648 1314 2680 nocte
1348 2644 1429 2691 ipsa
1466 2642 1642 2679 Hercules
1670 2645 1854 2686 namnum

188 2705 295 2739 quam
325 2705 444 2730 rerum
476 2696 756 2744 discrepantiam
785 2699 841 2734 leis
873 2700 988 2735 verbis
1019 2700 1158 2736 solvere
1189 2700 1343 2736 voluisse
1373 2699 1515 2736 videtur
1650 2703 1716 2736 482
1749 2701 1853 2736 semi-

187 2752 295 2785 natus
410 2755 475 2787 486
494 2753 710 2790 Alcumenas
727 2755 954 2798 Ribbeck-ius,
980 2757 1029 2801 cf.
1049 2769 1127 2803 (ιι-ῃ.
1145 2758 1178 2801 2,
1204 2760 1222 2792 1
1232 2770 1246 2799 ,·
1269 2757 1337 2791 872
1450 2759 1516 2792 488
1533 2767 1604 2792 uno
1623 2759 1683 2792 ut:
1708 2767 1780 2792 uno
1798 2757 1855 2792 vel

188 2812 230 2842 ut
253 2807 393 2843 Nonius
417 2811 483 2850 57,·
502 2811 609 2856 prins
633 2814 674 2847 ut
697 2814 790 2854 (487)
817 2813 931 2857 finale
962 2819 1030 2855 est,
1062 2812 1215 2849 alterum
1240 2813 1505 2849 consecutivum
1648 2813 1854 2849 exsolueret

189 2862 330 2898 Nonius
353 2866 400 2906 (et
424 2871 530 2900 amca
555 2867 591 2900 in
617 2867 934 2914 interpretatione:
963 2870 1058 2914 quod
1082 2871 1238 2906 uinculis
1262 2890 1306 2896 —
1330 2869 1467 2906 fuerint
1489 2869 1671 2911 exolutae)

1867 432 1924 465 465

1867 769 1923 802 470

1867 1108 1923 1141 475

1865 1446 1924 1480 480

1866 1783 1923 1817 485
