2003 3188
199 75 249 112 10
929 68 1108 104 PLAVTI
1598 65 1667 100 proi.
1682 65 1781 94 lai-1
1793 66 1818 96 1,
1832 66 1848 93 τ

397 199 505 226 meus
534 186 786 225 Alcumenae:
819 184 881 223 illa
912 184 1020 223 illum
1051 188 1184 222 censet
1215 181 1336 220 virum

397 267 506 295 suom
538 267 635 300 esse,
667 265 765 304 quae
797 264 886 291 cum
916 251 1079 290 moecho
1110 255 1179 288 est.
1241 248 1292 287 ibi
1324 260 1431 287 nunc
1461 259 1572 287 meus
1603 254 1712 300 pater
1862 253 1917 286 135

398 328 595 368 memorat,
626 320 799 370 legiones
830 319 998 358 hostium
1030 324 1071 357 ut
1102 316 1300 367 fugaverit,

399 402 475 440 quo
507 394 619 439 pacto
650 387 699 426 sit
728 386 842 424 (lonis
872 386 1039 424 donatus
1068 383 1258 435 plurimis.

397 469 439 496 ea
470 456 584 501 dona,
615 466 713 505 quae
744 453 820 492 illic
850 452 1126 504 Amphitruoni
1157 457 1249 491 sunt
1278 450 1375 497 data,

398 523 644 562 abstulimus:
679 521 786 559 facile
817 532 926 559 meus
957 526 1066 571 pater
1096 519 1199 570 quod
1231 519 1309 557 volt
1339 519 1440 558 facit.

400 602 505 629 nunc
534 589 648 628 hodie
679 587 909 638 Amphitruo
941 587 1069 625 veniet
1099 587 1174 625 huc
1205 586 1251 624 ab
1283 586 1453 625 exercitu
1866 591 1920 623 110

399 664 436 696 et
464 669 606 703 servos,
638 655 748 694 cuius
778 668 849 706 ego
880 655 980 693 hanc
1011 654 1092 692 sero
1123 654 1343 704 imaginem.

401 738 505 764 nunc
537 724 756 763 internosse
788 730 829 761 ut
861 735 932 761 nos
963 722 1119 774 possitis
1151 722 1312 767 facilius,

400 805 470 842 ego
503 792 570 831 has
600 790 752 830 habebo
786 794 909 841 usque
940 790 978 828 in
1011 795 1143 841 petaso
1176 789 1379 840 pinnulas;

400 867 480 899 tum
513 872 598 898 meo
630 859 727 910 patri
759 864 884 896 autem
918 857 1069 896 torulus
1098 857 1216 896 inerit
1245 869 1386 896 aureus

397 928 469 968 sub
502 933 652 978 petaso:
685 927 720 965 id
751 927 905 975 signum
937 925 1213 976 Amphitruoni
1246 938 1324 963 non
1359 925 1441 964 erit.
1867 929 1922 962 145

401 1009 442 1035 ea
474 996 583 1046 signa
616 1007 730 1033 nemo
762 994 900 1033 horum
931 993 1175 1032 familiarium

400 1064 526 1103 videre
557 1062 720 1114 poterit:
753 1074 884 1100 verum
914 1074 982 1101 vos
1013 1061 1202 1100 videbitis.

398 1131 464 1171 sed
495 1130 791 1182 Amphitruonis
821 1130 897 1168 illic
929 1135 986 1169 est
1015 1141 1147 1169 servos
1179 1129 1308 1168 Sosia:

400 1213 418 1238 a
451 1205 566 1251 portu
598 1198 675 1237 illic
707 1210 812 1236 nunc
844 1210 931 1237 cuni
964 1197 1141 1236 lanterna
1173 1197 1339 1236 advenit.

399 1266 548 1318 abigam
580 1267 652 1305 iam
685 1278 756 1316 ego
788 1265 894 1304 illum
927 1265 1195 1304 advenientem
1227 1264 1274 1303 ab
1305 1264 1476 1303 aedibus.
1869 1268 1925 1302 150
1986 1311 1990 1315 .

400 1335 549 1374 adeste:
584 1333 656 1372 erit
688 1345 829 1384 operae
860 1333 1028 1384 pretium
1060 1333 1123 1371 hic
1153 1332 1419 1384 spectantibus

402 1403 528 1442 lovem
560 1408 597 1441 et
627 1401 861 1440 Mercurium
894 1402 1019 1439 facere
1051 1401 1305 1440 histrioniam.

943 1591 1105 1632 SOSIA
1790 1591 1810 1629 I
1836 1594 1850 1630 1

201 1695 274 1740 Qui
308 1707 368 1733 me
398 1694 495 1732 alter
525 1699 583 1732 est
612 1692 794 1732 audacior
911 1693 1027 1732 homo
1058 1695 1125 1731 aut
1155 1693 1221 1744 qui
1253 1693 1524 1739 confidentior,

201 1761 409 1800 iuventutis
440 1773 568 1800 mores
600 1761 664 1812 qui
696 1761 826 1807 sciam,
943 1761 1008 1811 qui
1041 1760 1115 1799 lioc
1147 1761 1273 1799 noctis
1303 1761 1408 1800 solus
1438 1759 1664 1800 ambulem?

201 1830 291 1880 quid
328 1829 460 1867 faciam
494 1841 612 1875 nunc,
644 1829 674 1868 si
706 1835 784 1868 tres
814 1828 883 1866 viri
1001 1841 1060 1867 me
1092 1828 1129 1867 in
1163 1841 1357 1867 carcerem
1390 1827 1687 1880 compegerint‘?
1871 1835 1925 1868 155

202 1897 291 1936 inde
322 1900 406 1936 cras
437 1896 545 1947 quasi
576 1909 596 1934 e
627 1897 865 1947 promptaria
982 1896 1074 1935 cella
1107 1896 1316 1947 depromar
1344 1897 1388 1935 ad
1421 1897 1597 1947 flagrum,

203 1977 275 2003 nec
307 1975 458 2003 causam
491 1963 603 2002 liceat
632 1963 761 2002 dicere
877 1964 982 2010 mihi,
1016 1966 1143 2014 neque
1175 1964 1212 2002 in
1245 1976 1313 2003 ero
1346 1964 1552 2015 quicquam
1586 1964 1701 2003 auxili

205 2044 275 2070 nec
308 2031 509 2082 quisquam
540 2031 588 2070 sit
619 2031 711 2081 quin
747 2043 805 2070 me
836 2029 983 2085 <malo>
1014 2045 1150 2070 omnes
1181 2044 1265 2070 esse
1295 2032 1455 2083 (lignum
1488 2032 1688 2083 deputent.

260 2102 307 2137 ita
340 2099 448 2150 quasi
480 2098 658 2138 incudem
691 2111 752 2137 me
783 2099 967 2138 miserum
1000 2100 1176 2139 homines
1208 2107 1294 2138 octo
1327 2099 1438 2138 validi
1471 2100 1654 2139 caedant:
1792 2105 1928 2140 159.160

317 2267 380 2299 134
413 2266 534 2299 censet
562 2264 623 2298 illa
653 2264 928 2306 Fleclceisenus;
963 2266 1045 2300 ilem
1082 2276 1247 2300 versuum
1285 2267 1359 2302 111.
1388 2267 1462 2300 12²3.
1491 2268 1564 2300 146.
1593 2267 1666 2300 149.
1695 2268 1768 2299 151.
1798 2266 1861 2300 152

201 2320 321 2355 hiatus
348 2320 458 2364 sacili
492 2331 603 2366 opera
640 2321 836 2363 tolluntur,
870 2321 934 2355 secl
962 2332 1140 2367 nusquam
1166 2327 1320 2367 praeter
1355 2321 1491 2356 hiatum
1531 2322 1682 2367 offensio
1719 2327 1772 2357 esc

206 2380 264 2411 137
292 2377 393 2412 donis
410 2377 456 2412 sit
473 2376 674 2412 Salmasius
768 2380 828 2411 139
847 2381 933 2422 quot
951 2377 1077 2413 B¹DE
1168 2381 1228 2413 140
1246 2389 1299 2423 sq.
1317 2379 1367 2423 cf.
1387 2378 1584 2414 Francius
1598 2379 1641 2415 de
1658 2379 1863 2414 comoediae

201 2434 339 2469 Alte'cae
359 2433 526 2479 proloqis
550 2434 594 2467 40
688 2436 749 2468 143
778 2434 951 2478 impetaso
976 2433 1063 2468 B¹D
1154 2435 1294 2479 pinulas
1313 2434 1437 2470 B¹DE
1528 2438 1590 2470 144
1613 2435 1771 2471 torrulus

205 2493 266 2525 145
281 2492 486 2534 suppetam,
504 2490 554 2535 cf.
573 2491 648 2524 143.
663 2491 752 2531 256,·
765 2490 857 2535 fort.
876 2500 940 2525 suo
954 2491 989 2525 in
1003 2495 1128 2536 petaso
1192 2494 1253 2526 149
1267 2492 1406 2527 laterna
1421 2491 1454 2526 B
1518 2496 1576 2527 150
1594 2491 1648 2527 vel
1662 2491 1773 2527 illunc

206 2549 263 2580 151
289 2546 391 2581 adest
414 2540 513 2587 ferit,
539 2556 634 2581 corr.
664 2545 864 2581 Palmerius
1015 2556 1124 2582 sosm
1155 2557 1378 2584 Mancumus
1405 2548 1497 2589 BE‚·
1529 2549 1655 2584 te'tulos
1677 2559 1792 2595 usque
1815 2548 1864 2584 ad

204 2613 232 2636 υ.
253 2603 339 2636 1053
363 2613 430 2638 om.
455 2603 577 2648 spatio
601 2602 728 2637 relicto
753 2603 786 2638 D
905 2607 968 2639 156
993 2604 1095 2648 quasi
1118 2604 1407 2650 suprascriptum
1433 2604 1506 2639 13²:
1533 2616 1601 2640 om.
1720 2616 1863 2651 promp-

202 2658 320 2693 tuaria
342 2663 583 2694 correxerunt
607 2670 656 2694 ex
679 2659 833 2705 Apuleio
858 2660 970 2706 (apol.
994 2662 1039 2694 54
1063 2666 1136 2696 ext.
1163 2672 1182 2696 e
1207 2661 1299 2696 cella
1323 2662 1595 2707 promptuaria),
1617 2662 1682 2697 secl
1707 2662 1792 2698 Cato
1818 2662 1862 2698 de

202 2713 284 2759 aqi-i
313 2714 397 2750 cult.
425 2726 462 2760 p.
486 2716 547 2758 25,
573 2717 593 2749 7
618 2714 662 2750 K.
693 2716 886 2752 armarium
913 2718 1193 2762 promptarium,
1226 2722 1266 2753 ut
1297 2719 1333 2753 in
1367 2729 1469 2754 versu
1501 2720 1686 2754 Ausonius
1711 2731 1751 2766 p.
1786 2722 1861 2762 183,

203 2771 247 2802 46
271 2769 352 2805 Sola.
463 2774 524 2806 157
549 2772 658 2806 auxili
681 2771 721 2806 L.
734 2785 744 2806 .·
769 2772 893 2808 auxilii
917 2774 984 2809 siet
1079 2776 1140 2809 158
1169 2774 1308 2820 (malo>
1332 2774 1530 2810 Muellerus
1621 2777 1714 2811 incer
1742 2779 1804 2811 160
1828 2781 1863 2812 et

206 2828 264 2860 161
291 2826 513 2873 anticipatur
537 2839 565 2863 v.
586 2829 659 2869 173,
686 2829 748 2874 qui
771 2829 874 2875 infra
899 2830 1075 2876 repetitur
