2018 3183
231 102 311 139 294
967 100 1148 136 PLAVTI
1683 103 1711 130 11
1729 105 1755 136 1,
1769 104 1862 137 45-3.
1875 102 1893 129 2

232 219 308 258 iam
339 218 432 256 scio.
483 217 615 262 immo,
647 215 799 261 mulier,
830 215 933 263 audi,
965 227 1091 255 meam
1124 220 1167 254 ut
1196 215 1295 254 scias
1325 216 1573 255 sententiam.

233 286 270 325 di
301 297 363 324 me
395 296 544 329 omnes,
575 282 706 333 magni
739 282 892 330 minuti,
925 285 962 321 et
992 283 1107 322 etiam
1137 282 1323 335 patellarii

234 353 369 397 faxint,
403 364 450 389 ne
481 362 553 400 ego
583 347 695 403 <dem
728 346 857 402 vivae>
888 350 992 390 vivos
1022 350 1170 390 savium
1202 349 1373 396 Selenio,

234 419 306 459 nisi
339 430 411 469 ego
443 424 560 468 teque
591 424 777 468 tuamque
809 426 834 459 -ι-
866 417 984 456 filiam
1016 429 1157 469 meque
1188 416 1303 456 hodie
1334 416 1633 465 obtruncavero,

231 493 343 539 poste
374 490 501 524 autem
533 496 623 523 cum
653 484 780 536 primo
812 485 889 524 luci
920 497 1005 524 cras
1037 485 1111 524 nisi
1141 483 1256 523 ambo
1289 484 1482 532 occidero,
1906 495 1963 527 525

235 560 271 593 et
302 553 480 604 equidem
513 552 644 592 hercle
677 552 750 592 nisi
782 552 925 604 pedatu
957 553 1072 591 tertio
1106 561 1131 593 -1-
1165 552 1292 592 omnis
1324 552 1509 598 efssixero,

233 621 307 660 nisi
338 627 380 659 tu
412 620 514 659 illam
546 620 711 659 remittis
741 619 787 658 ad
820 631 893 661 me.
954 619 1030 658 dixi
1062 632 1161 671 quae
1194 619 1309 659 volui.
1367 619 1462 658 vale.
1494 643 1549 648 —

238 689 350 728 MEL.
398 687 504 726 Abiit
534 687 638 726 intro
669 687 805 726 iratus.
867 687 957 739 quid
990 699 1061 738 ego
1095 700 1202 727 nunc
1233 685 1371 738 agam?
1403 687 1433 726 si
1467 687 1627 726 redierit

234 756 296 795 illa
328 756 373 795 ad
404 756 524 803 hunc,
556 754 699 794 ibidem
731 754 805 794 loci
837 766 900 794 res
931 755 1019 794 erit:
1055 754 1121 794 ubi
1153 755 1286 794 odium
1319 754 1530 806 occeperit,

234 824 338 863 illam
370 822 562 870 extrudet,
594 830 676 862 tum
708 823 810 861 hauc
842 834 1003 861 uxorem
1036 821 1236 860 Lemniam
1268 822 1385 861 ducet
1415 822 1585 860 domum.
1909 831 1966 864 530

232 891 298 931 sed
330 898 457 930 tamen
490 889 555 929 ibo
587 896 626 929 et
657 901 889 941 persequar:
923 901 1059 928 amens
1090 902 1140 928 ne
1172 890 1262 940 quid
1294 890 1418 936 faciat,
1451 896 1564 929 cauto
1596 896 1725 941 opust.

233 964 445 1011 postremo,
477 958 634 1008 quando
666 969 789 1008 aequa
819 957 904 1007 lege
935 957 1098 1008 pauperi
1129 969 1219 996 cum
1251 957 1365 996 divite

236 1039 317 1066 non
350 1026 451 1073 licet,
483 1025 643 1076 perdam
675 1037 835 1076 operam
866 1025 998 1076 potius
1030 1036 1146 1075 quam
1178 1023 1320 1063 carebo
1352 1024 1440 1063 filia.

233 1094 298 1133 sed
331 1094 418 1145 quis
448 1093 510 1132 hic
541 1099 599 1132 est
629 1092 696 1144 qui
726 1099 831 1131 recta
862 1092 989 1144 platea
1021 1104 1179 1131 cursum
1211 1092 1289 1131 huc
1320 1092 1523 1131 contendit
1553 1090 1694 1131 suom?

234 1168 271 1200 et
302 1161 394 1200 illud
427 1173 546 1213 paveo
579 1167 617 1199 et
648 1160 721 1198 boc
753 1160 932 1207 formido,
965 1160 1015 1198 ita
1047 1165 1127 1198 tota
1159 1172 1244 1199 sum
1276 1159 1417 1199 misera
1448 1160 1487 1199 in
1520 1165 1638 1199 metu.
1911 1169 1967 1202 535

916 1249 1221 1288 LAMPADIO
1807 1249 1852 1288 II
1874 1251 1897 1288 2

439 1321 566 1358 Anum
599 1325 771 1358 sectatus
802 1331 888 1357 sum
920 1318 1090 1357 clamore
1122 1329 1191 1368 per
1224 1317 1312 1364 vias,

437 1387 710 1427 miserrumam
741 1386 874 1426 habui.
935 1392 978 1425 ut
1008 1385 1117 1424 illaec
1147 1384 1264 1424 hodie
1295 1391 1391 1436 quot
1421 1384 1546 1424 modis

435 1455 671 1494 moderatrix
701 1451 906 1507 (linguae)
937 1453 1010 1492 fuit
1040 1460 1157 1503 atque
1188 1451 1519 1492 immemorabilis.

437 1529 534 1574 quot
563 1522 618 1561 illi
648 1521 866 1569 blanditias,
898 1521 990 1572 quid
1022 1520 1074 1559 illi
1107 1520 1267 1571 promisi
1299 1519 1406 1568 boni,

437 1596 533 1640 quot
563 1589 779 1629 admoenivi
812 1588 988 1636 fabricas,
1021 1593 1117 1640 quot
1146 1587 1312 1627 fallacias
1911 1597 1970 1630 540

438 1657 478 1696 in
510 1657 752 1708 quaestione.
813 1657 874 1695 vix
905 1656 1078 1707 exculpsi
1109 1662 1151 1694 ut
1182 1655 1340 1701 diceret,

438 1725 525 1775 quia
557 1725 591 1764 ei
623 1723 784 1776 promisi
816 1723 962 1762 dolium
993 1722 1073 1762 vini
1104 1723 1208 1761 dare.

851 1813 1287 1854 PHANOSTRATA.
1811 1812 1856 1852 H
1878 1814 1902 1852 3

438 1883 581 1922 Audire
611 1894 744 1921 vocem
777 1883 855 1922 visa
886 1894 973 1921 sum
1004 1889 1095 1921 ante
1126 1881 1231 1921 aedis
1263 1881 1378 1921 modo

439 1951 514 1989 mei
547 1950 791 2002 Lampadisci
821 1951 935 1990 servi.
995 1950 1136 1990 LAMP.
1187 1950 1272 1988 Non
1305 1949 1421 1989 surda
1453 1961 1505 1994 es,
1538 1960 1620 1987 era:

348 2075 413 2108 522
437 2072 566 2108 minuti
598 2075 634 2107 et
658 2073 766 2108 etiam
791 2074 839 2108 A:
871 2072 1071 2117 minutique
1104 2074 1141 2107 et
1167 2071 1198 2106 P
1288 2070 1462 2116 deficit
1496 2071 1529 2105 A
1644 2072 1709 2106 523
1734 2069 1902 2106 lacunam

233 2129 352 2176 spatio
391 2134 494 2164 notat
522 2129 573 2170 B,
598 2129 724 2173 (dem)
748 2133 791 2171 ς,
822 2128 965 2173 (uiuae)
997 2127 1171 2169 Botlu'us,
1202 2127 1378 2168 Benoz'st;
1413 2126 1652 2172 (oppingam>
1687 2125 1902 2169 Schoenitas,

232 2186 376 2222 verbum
394 2189 518 2230 aptum
537 2185 639 2220 Cure.
662 2186 722 2226 60,
740 2184 797 2219 hic
814 2196 887 2220 uon
904 2185 987 2220 item
1073 2185 1172 2220 senio
1266 2186 1332 2219 524
1348 2183 1575 2220 scribendum
1591 2193 1716 2219 censeo
1733 2185 1904 2228 tuamque

232 2253 370 2287 meque,
394 2241 446 2286 cf.
476 2242 557 2283 763,
582 2241 664 2276 Aul.
693 2242 772 2276 744.
799 2241 863 2276 alii
887 2240 1062 2275 inducunt
1084 2251 1223 2285 meque,
1248 2240 1285 2275 in
1310 2251 1382 2286 quo
1407 2244 1483 2276 tota
1508 2241 1561 2276 vis
1583 2239 1760 2276 sermonis
1781 2240 1903 2286 posita

234 2304 287 2334 est
403 2301 467 2333 525
492 2300 631 2343 postea,
656 2308 750 2332 corr.
775 2297 993 2333 Rz'cscloeelc'us
1084 2296 1189 2332 ambo
1207 2296 1307 2331 illam
1331 2308 1468 2342 meque,
1492 2297 1609 2343 maqis
1625 2296 1777 2332 ridicule
1793 2307 1903 2342 quam

233 2356 264 2390 si
286 2355 389 2400 foret
413 2353 538 2389 ambas
632 2356 696 2388 526
722 2356 758 2389 et
782 2353 947 2398 equidem
971 2353 1093 2388 hercle
1117 2353 1170 2398 cf.
1189 2352 1300 2388 Poen.
1327 2354 1405 2388 508
1495 2353 1664 2398 perdatu,
1688 2353 1739 2398 cf.
1761 2352 1904 2388 Nonius

238 2412 286 2446 64
309 2411 475 2456 (perdato
500 2421 549 2446 ex
576 2410 725 2452 Catone)
818 2409 933 2443 omnis
966 2419 1074 2443 unum
1098 2410 1257 2445 sermoni
1280 2409 1430 2454 sufficit.
1457 2419 1597 2445 versum
1620 2409 1716 2453 facit
1740 2408 1902 2444 efflixero

236 2468 350 2503 omnis
376 2467 484 2502 tertio
580 2468 644 2502 530
671 2477 762 2509 cum,
781 2476 876 2501 corr.
894 2465 1106 2500 Dissaldeus
1199 2468 1259 2500 531
1280 2475 1406 2501 amans
1434 2463 1554 2499 VEB2
1651 2475 1741 2509 opus
1758 2467 1814 2500 est

235 2534 360 2560 versus
381 2524 434 2558 εἰσ
455 2523 520 2568 fiet
543 2528 577 2558 et
593 2523 853 2559 sententiarum
871 2522 1095 2557 constructio
1114 2522 1347 2557 concinnior:
1372 2522 1436 2556 sed
1461 2524 1582 2557 tamen
1606 2531 1730 2557 amens
1754 2531 1801 2557 ne
1817 2521 1902 2567 quid

236 2580 349 2615 faciat
363 2582 470 2615 cauto
485 2582 603 2625 opust.
617 2579 678 2614 ibo
692 2582 729 2615 et
741 2588 939 2624 persequar
1002 2580 1064 2612 533
1080 2578 1174 2623 leget
1187 2578 1222 2613 B
1228 2579 1237 2599 ¹
1249 2577 1318 2613 VE
1385 2580 1451 2613 534
1463 2579 1534 2613 huc
1547 2590 1584 2614 ς.·
1597 2577 1656 2612 hic
1725 2577 1843 2613 tendit
1857 2577 1903 2620 B,

236 2636 394 2672 ostendit
419 2635 456 2670 E
546 2638 610 2670 535
630 2639 742 2681 putat
765 2635 815 2670 ad
836 2646 874 2670 se
899 2635 1010 2677 curri,
1035 2634 1074 2669 id
1086 2634 1279 2680 formidat,
1305 2645 1385 2670 cum
1409 2633 1502 2668 illud
1522 2637 1679 2680 paveat,·
1701 2634 1755 2670 sic
1776 2637 1901 2670 restat.

235 2693 285 2737 cf.
306 2694 382 2727 688
475 2694 541 2726 536
564 2702 817 2727 LAMPAmscvs
842 2701 977 2726 SERVVS
1001 2701 1160 2726 minus
1184 2701 1280 2726 LENA
1302 2701 1353 2725 DV
1370 2689 1493 2732 BVE,
1527 2690 1683 2726 nominis
1703 2692 1831 2736 forma
1853 2700 1904 2726 ex

236 2759 266 2784 v.
285 2749 357 2783 544
374 2748 488 2783 ascita
574 2750 636 2782 537
664 2749 713 2793 cf.
733 2747 783 2783 ad
798 2749 897 2782 Asin.
918 2748 988 2782 581
1059 2747 1155 2792 quod
1180 2746 1250 2782 VE
1331 2749 1395 2782 538
1413 2747 1594 2794 supplevit
1621 2746 1811 2792 Vssinqius

237 2806 301 2839 539
332 2804 500 2849 promissi
533 2803 602 2839 VE
735 2804 885 2849 promisi
915 2815 989 2839 non
1019 2803 1251 2848 referendum
1281 2803 1330 2838 ad
1360 2803 1556 2839 blanditias
1586 2802 1811 2849 (Vssinqius)

238 2863 303 2896 543
339 2861 615 2897 PHANOSTBATA
651 2871 793 2896 MVLIER
828 2870 1081 2895 LAMPAmscvs
1118 2870 1255 2895 SERVVS
1291 2870 1448 2895 MELEmS
1484 2870 1581 2895 Lmu
1613 2870 1665 2895 nv
1702 2858 1816 2895 BVE
