2003 3168
203 43 228 80 8
938 49 1117 86 PLAVTI
1657 59 1726 93 prol.
1742 60 1858 89 75—104

402 159 539 199 virtute
570 160 664 200 dixit
694 173 760 201 vos
791 162 955 203 victores
986 165 1123 212 vivere,
1770 220 1774 223 ³
1885 183 1923 216 ‘15

403 239 480 265 non
513 227 724 268 ambitione
757 243 884 281 nequo
916 232 1098 282 perfidia:
1133 233 1197 284 qui
1229 234 1359 274 minus

399 294 530 333 eadem
562 296 740 335 histrioni
772 298 820 336 sit
851 298 910 337 lex
942 311 1040 349 quae
1071 312 1222 340 summo
1256 301 1365 342 viro?

400 361 537 400 virtute
568 362 715 402 ambire
746 372 911 415 oportet,
944 379 1023 405 non
1057 367 1294 408 favitoribus.

395 435 451 466 sat
482 428 596 468 habet
627 430 829 469 favitorum
861 445 1017 484 semper
1047 435 1112 485 qui
1145 442 1249 475 recte
1280 437 1380 484 facit,

394 495 424 533 si
456 495 530 534 illis
562 496 655 535 fides
686 504 744 536 est
774 499 914 549 quibus
946 507 1003 539 est
1034 514 1076 540 ea
1108 514 1169 542 res
1199 503 1238 542 in
1272 516 1402 546 manu.
1540 556 1543 558 ¹
1877 519 1916 554 80

394 561 467 600 hoc
498 575 654 614 quoque
686 565 798 604 etiam
830 567 923 604 mihi
953 565 1112 622 <pater>
1141 570 1179 608 in
1213 571 1403 612 mandatis
1433 573 1548 623 dedit,

394 635 435 667 ut
466 637 769 681 conquaestores
798 634 939 674 fierent
971 636 1246 678 histrionibus:

391 697 456 746 qui
488 697 559 736 sibi
591 701 811 740 mandasset
841 702 1004 753 delegati
1037 711 1077 743 ut
1108 705 1338 756 plauderent

391 765 501 814 quive
533 779 609 816 quo
642 767 811 818 placeret
841 770 938 809 alter
969 772 1122 811 fecisset
1153 774 1295 820 minus,

389 832 471 871 eius
502 836 729 874 ornamenta
762 843 799 875 et
830 838 978 877 corium
1013 840 1066 878 uti
1097 842 1363 881 conciderent.
1871 859 1909 893 85

386 900 513 939 mirari
547 902 665 940 nolim
696 916 775 950 vos,
808 913 1046 957 quapropter
1078 908 1252 960 luppiter

388 980 492 1006 nunc
523 968 730 1009 histriones
760 979 889 1020 curet;
924 986 971 1012 ne
1002 975 1216 1015 miremini:

384 1034 465 1084 ipse
497 1035 595 1074 hanc
626 1044 801 1077 acturust
832 1039 1006 1091 luppiter
1037 1045 1289 1084 comoediam.

383 1100 504 1150 quid?
535 1102 708 1142 admirati
740 1104 858 1144 estis?
890 1108 998 1157 quasi
1032 1122 1120 1148 vero
1155 1124 1292 1150 novom

380 1181 486 1207 nunc
517 1171 749 1220 proseratur,
781 1173 909 1213 lovem
942 1176 1069 1215 facere
1101 1178 1365 1230 histrioniam;
1865 1198 1903 1232 90

377 1235 503 1283 etiam,
535 1237 744 1278 histriones
774 1253 878 1279 anno
910 1255 999 1282 cum
1031 1244 1068 1283 iu
1102 1249 1332 1297 proscaenio
1364 1249 1426 1289 hic

378 1302 505 1341 lovem
536 1304 779 1355 invocarunt,
811 1310 926 1356 venit,
957 1313 1098 1351 auxilio
1131 1314 1162 1353 is
1194 1316 1277 1355 suit.

374 1366 586 1424 [praeterea
618 1380 724 1413 certo
755 1377 884 1427 prodit
914 1379 951 1417 in
986 1379 1207 1437 tragoedia]

373 1437 472 1476 hanc
503 1439 682 1489 fabulam,
714 1443 885 1494 inquam,
915 1446 978 1486 hic
1009 1447 1183 1500 luppiter
1213 1451 1327 1490 hodie
1357 1453 1439 1504 ipse
1470 1464 1570 1507 aget,

371 1511 409 1543 et
439 1518 509 1556 ego
542 1520 618 1546 una
650 1522 738 1548 cum
770 1510 846 1551 illo.
908 1527 1014 1554 nunc
1043 1514 1156 1570 (vos)
1186 1519 1359 1559 animum
1389 1522 1590 1571 advortite,
1774 1513 1779 1518 .
1855 1548 1892 1581 95

369 1571 461 1610 dum
491 1573 606 1614 huius
636 1586 908 1627 argumentum
942 1582 1103 1633 eloquar
1133 1587 1369 1627 comoediae.

482 1640 584 1681 llaec
616 1644 708 1683 urbs
739 1653 797 1685 est
827 1647 992 1688 Thebae.
1043 1651 1080 1689 iu
1115 1652 1234 1693 illisce
1264 1654 1412 1696 habitat
1441 1657 1599 1698 aedibus

366 1708 609 1758 Amphitruo,
643 1718 754 1752 natus
785 1715 896 1765 Argis
927 1730 972 1755 ex
1004 1719 1106 1770 Argo
1138 1728 1261 1771 patre,

364 1775 521 1825 quicum
552 1778 765 1819 Alcumena
797 1790 855 1821 est
886 1792 1020 1836 nupta,
1053 1786 1195 1827 Electri
1229 1790 1316 1829 lilia.

366 1841 396 1880 is
428 1856 534 1882 uunc
566 1847 796 1897 Amphitruo
828 1853 1066 1902 praefectust
1095 1855 1328 1906 legionibus,
1833 1888 1887 1921 100

363 1922 450 1948 nam
483 1924 569 1950 cum
603 1913 785 1955 Telobois
815 1917 960 1958 bellum
991 1928 1048 1960 est
1079 1923 1266 1964 Thebano
1298 1928 1429 1979 poplo.

362 1976 392 2015 is
422 1978 531 2028 prius
562 1992 677 2030 quam
710 1984 800 2023 hinc
830 1985 923 2025 abiit
954 1988 1117 2039 ipsemet
1147 1991 1186 2030 in
1220 1995 1446 2042 exercitum,

358 2045 549 2094 gravidam
582 2049 832 2091 Alcumenam
866 2056 1025 2094 uxorem
1059 2058 1147 2097 fecit
1177 2072 1300 2100 suam.

358 2123 447 2150 nam
480 2126 550 2164 ego
584 2128 648 2155 vos
681 2119 833 2159 novisse
865 2123 981 2161 credo
1013 2124 1088 2163 iam
1121 2133 1162 2165 ut
1192 2128 1240 2166 sit
1271 2132 1382 2180 pater
1418 2144 1540 2179 meus,

265 2233 306 2265 79
330 2231 463 2268 habere
487 2234 522 2269 B
546 2242 630 2272 ante
653 2249 748 2275 corr.
854 2245 894 2278 81
919 2243 1070 2289 (pater)
1094 2260 1112 2283 ς
1130 2254 1221 2294 post
1243 2250 1343 2287 dedit
1459 2256 1500 2288 52
1525 2255 1577 2300 cf.
1603 2257 1653 2291 ad
1674 2260 1718 2292 65

152 2285 192 2317 83
227 2287 475 2334 mandassent,
511 2302 607 2328 corr.
645 2294 832 2332 Bentleius
970 2304 1012 2336 84
1045 2304 1150 2347 quiue
1183 2306 1276 2350 sort.
1313 2310 1601 2355 monosyllabum
1633 2316 1676 2356 (υ.
1701 2327 1730 2350 s.
1761 2318 1811 2352 acl

149 2341 224 2385 69);
257 2343 364 2387 quiue
393 2345 483 2381 alter
512 2359 581 2393 quo
612 2351 661 2395 pl.
697 2351 856 2390 Guz‘etus.
993 2358 1195 2403 placerent,
1230 2374 1322 2398 corr.
1357 2364 1448 2400 Pius
1587 2372 1628 2404 88
1657 2374 1806 2408 acturus

147 2399 203 2431 est
337 2402 378 2435 89
411 2402 504 2447 fort.
542 2407 703 2452 (tamen)
740 2410 903 2447 admirati
1041 2418 1082 2450 90
1121 2419 1420 2462 proceleumatici
1452 2422 1520 2458 hoc
1553 2427 1692 2462 senarii
1726 2428 1804 2465 loco

144 2453 280 2488 nullum
303 2462 437 2493 certum
461 2462 664 2508 exemplum
690 2465 751 2508 (cf.
779 2467 873 2502 velut
888 2469 971 2506 Aul.
987 2473 1066 2513 543)
1159 2477 1199 2509 91
1217 2475 1254 2509 in
1278 2487 1346 2510 om.
1362 2476 1399 2511 E
1488 2482 1530 2514 92
1549 2482 1805 2520 inuocaverunt

144 2508 180 2542 B
196 2514 278 2545 ante
301 2522 394 2548 corr.
533 2520 574 2552 93
592 2524 680 2565 post
705 2531 734 2557 v.
753 2523 808 2563 90,
833 2524 898 2569 qui
926 2525 976 2560 acl
999 2528 1224 2573 lraqoede‘am
1243 2533 1412 2577 pertinet,
1436 2546 1510 2570 uon
1540 2542 1623 2584 apte
1648 2540 1803 2577 insertus

141 2565 204 2608 (cf.
227 2565 426 2615 Vssinqius)
519 2577 561 2608 95
585 2574 692 2620 (uos)
709 2576 868 2624 Pylades
960 2584 1002 2617 96
1025 2590 1270 2628 argumentum
1295 2588 1399 2625 hqus
1418 2590 1575 2636 Pylades
1666 2599 1709 2632 98
1733 2598 1801 2633 Ar—

139 2630 222 2663 gum
246 2622 389 2660 Nonius
412 2628 478 2662 487
501 2636 537 2664 et
558 2630 668 2666 schol.
692 2635 779 2669 Aen.
800 2638 836 2679 1,
860 2638 927 2671 268
951 2639 1118 2683 Argivum
1147 2642 1377 2690 iutellequnt,
1407 2658 1480 2682 non
1503 2655 1619 2692 νέοιο),-
1651 2652 1718 2688 alii
1739 2655 1799 2690 Al-

140 2686 264 2713 caeum
286 2681 545 2721 substituerunt
569 2688 687 2733 (Argis
712 2691 847 2728 Alcaeo
875 2698 978 2738 patre
1003 2696 1273 2741 Fleckeisenus,
1303 2703 1352 2746 cf.
1380 2703 1513 2739 Caesar
1536 2705 1621 2742 diss.
1647 2709 1796 2754 Arqeut.

139 2736 192 2774 ll,
208 2736 283 2777 195)
377 2741 438 2774 100
456 2742 662 2785 praefectus
679 2749 734 2781 est
829 2752 889 2785 101
910 2754 963 2785 est.
980 2751 1119 2794 bellum,
1134 2765 1229 2791 corr.
1255 2755 1415 2803 Pylades
1489 2763 1620 2807 populo
1636 2764 1707 2799 BD

140 2792 243 2824 102—
255 2795 314 2827 109
328 2794 379 2838 cf.
395 2797 481 2831 1135
494 2808 546 2843 sq.
645 2804 705 2836 103
719 2803 804 2839 fecit
821 2816 966 2843 uxorem
980 2808 1168 2845 Fruterius
1250 2816 1311 2848 104
1323 2824 1420 2851 meus
1433 2822 1536 2862 pater
1550 2818 1707 2856 Botlzc'us
