2018 3183
184 94 264 132 220
920 95 1101 132 PLAVTI
1676 99 1705 126 v
1717 100 1743 130 4.
1761 99 1845 128 8—31

184 210 250 249 sed
282 222 373 249 erus
403 221 538 249 eccum
570 215 659 248 ante
691 210 845 257 ostium,
877 216 915 248 et
945 222 1036 249 erus
1065 210 1162 249 alter
1192 223 1326 250 eccum
1358 224 1404 250 ex
1434 212 1543 251 Alide
1865 220 1937 252 1005

184 277 311 316 rediit.
370 278 486 317 Hm.
532 277 655 324 Salve,
687 280 865 328 e'xoptate
898 285 1015 329 gnate
1046 279 1110 317 mi.
1170 279 1307 319 Tmo.
1358 279 1468 327 Hem,
1501 280 1592 331 quid
1624 287 1740 330 gnate
1767 276 1847 319 mi?

185 350 291 392 attat,
322 345 403 384 scio
435 357 507 383 cur
536 351 574 383 te
605 351 755 396 patrem
787 345 994 385 adsimules
1025 358 1109 386 esse
1141 352 1179 386 et
1208 359 1270 386 me
1301 347 1440 386 filium:

187 413 276 462 quia
307 413 359 451 mi
391 413 481 451 item
514 418 556 451 ut
587 418 770 464 parentes
800 413 898 452 lucis
928 414 994 453 das
1025 414 1159 453 tuendi
1191 415 1356 466 copiam.

184 480 390 520 PHILOCR.
436 480 556 528 Salve,
578 480 771 532 Tyndare.
816 481 861 522 T.
906 482 955 520 Et
976 487 1031 528 tu,
1054 482 1194 533 quoius
1215 495 1330 522 causa
1352 483 1452 522 hanc
1474 495 1700 522 aerumnam
1724 484 1848 535 exigo.

185 547 390 587 PHILOCR.
435 548 484 587 At
515 560 621 587 nunc
653 549 749 588 liber
779 549 817 588 in
852 549 1000 589 divitias
1030 551 1115 589 saxo
1146 551 1291 590 venies.
1324 563 1411 590 nam
1444 551 1512 590 tibi
1868 555 1940 588 1010

186 621 296 666 pater
326 616 388 654 hic
419 621 494 664 est;
526 616 588 655 hic
617 629 761 665 servos,
793 618 860 668 qui
892 623 928 656 te
960 617 1050 657 huic
1081 618 1173 657 hinc
1203 618 1448 670 quadrimum
1480 619 1647 670 surpuit,

186 683 360 722 vendidit
389 684 489 735 patri
521 697 608 723 meo
640 691 678 723 te
707 697 774 724 sex
807 685 933 733 minis,
965 686 996 725 is
1027 692 1063 725 te
1095 686 1186 725 mihi

187 751 388 802 parvolum
421 751 657 802 peculiarem
689 754 847 804 parvolo
879 766 1001 804 puero
1033 754 1155 793 dedit:

187 818 264 857 illic
295 818 481 858 indicium
515 820 624 868 fecit;
658 832 747 859 nam
777 822 884 860 hunc
914 834 960 860 ex
992 822 1099 861 Alide
1130 821 1207 861 hue
1238 821 1477 861 reduximus.

188 887 325 926 TYND.
357 887 459 933 Quid
478 887 591 927 huius
607 887 758 927 filium?
791 889 997 930 PfflLocR.
1030 889 1141 928 Intus
1158 902 1291 928 eccum
1312 890 1467 928 fratrem
1486 901 1715 941 germanum
1732 897 1853 928 tuom.
1872 894 1945 926 1015

191 951 343 1007 [Tmo.
395 954 494 1000 Quid
528 961 568 994 tu
600 954 685 995 ais?
716 957 900 995 adduxtin
934 957 1040 995 illum
1074 957 1189 996 liuius
1220 957 1411 1008 captivom
1444 956 1594 996 filium?

189 1022 394 1062 PHILOCR.
426 1022 542 1070 Quin,
575 1023 745 1074 inquam,
777 1023 882 1062 intus
904 1024 966 1062 hic
988 1030 1056 1063 est.
1101 1025 1145 1064 T.
1177 1024 1317 1063 Fecisti
1340 1024 1477 1076 edepol
1499 1030 1535 1063 et
1556 1032 1662 1064 recte
1684 1032 1716 1063 et
1743 1025 1854 1063 bene.

188 1089 395 1129 PmLocR.
412 1089 525 1129 Nunc
540 1090 609 1129 tibi
627 1093 739 1142 pater
754 1091 817 1129 hic
827 1097 902 1129 est:
922 1091 984 1130 hic
1002 1092 1064 1130 fur
1076 1096 1134 1130 est
1150 1096 1250 1138 tuos,
1268 1091 1334 1142 qui
1352 1104 1510 1143 parvom
1527 1092 1619 1131 hinc
1636 1098 1674 1131 te
1685 1092 1855 1131 abstulit.

189 1156 326 1196 TYND.
368 1158 416 1195 At
438 1169 510 1208 ego
541 1158 648 1197 hunc
677 1158 836 1208 grandis
861 1159 1049 1210 grandem
1073 1165 1165 1198 natu
1189 1159 1238 1197 ob
1261 1160 1407 1198 furtum
1431 1159 1476 1198 ad
1499 1160 1719 1199 carnificem
1743 1160 1855 1199 dabo.

189 1223 395 1265 PHILOCR.
437 1225 598 1265 Meritus
620 1231 689 1265 est.
734 1226 779 1267 T.
812 1226 914 1278 Ergo
937 1227 1075 1278 edepol
1096 1224 1283 1280 (merito)
1305 1227 1481 1266 meritam
1503 1228 1722 1267 mercedem
1745 1227 1857 1267 dabo.
1875 1233 1949 1266 1020

191 1292 257 1330 sed
289 1289 378 1346 (tu)
409 1293 470 1332 dic
502 1306 589 1332 oro:
622 1300 731 1344 pater
760 1306 871 1333 meus
901 1300 996 1333 tune
1028 1293 1098 1334 es?
1157 1294 1274 1335 Hm.
1325 1294 1408 1346 Ego
1439 1307 1538 1342 sum,
1569 1302 1685 1346 gnate
1717 1296 1781 1333 mi.

189 1361 328 1401 TYND.
377 1361 493 1401 Nunc
523 1362 677 1401 demum
711 1362 750 1401 in
782 1363 1009 1401 memoriam
1040 1362 1172 1409 redeo,
1204 1375 1292 1402 cum
1324 1375 1474 1402 mecum
1509 1359 1711 1418 recogito]

193 1442 302 1468 nunc
333 1429 472 1481 edepol
502 1430 658 1469 demum
689 1431 728 1469 in
762 1431 989 1470 memoriam
1022 1431 1236 1482 regredior,
1268 1431 1419 1470 audisse
1451 1443 1511 1470 me

194 1497 304 1547 quasi
335 1509 407 1548 per
439 1497 633 1546 nebulam,
666 1498 882 1549 Hegionem
914 1510 1045 1537 meum
1077 1505 1226 1550 patrem
1258 1499 1445 1537 vocarier.

192 1565 308 1605 Hm.
354 1565 391 1605 Is
413 1578 484 1616 ego
506 1578 604 1605 sum.
656 1567 862 1607 PHILOCR.
909 1567 1172 1618 Compedibus
1203 1579 1348 1618 quaeso
1370 1573 1413 1605 ut
1442 1566 1512 1606 tibi
1534 1567 1583 1606 sit
1614 1566 1733 1606 levior
1763 1564 1864 1604 filius
1882 1569 1955 1603 1025

195 1640 312 1685 atque
351 1634 441 1673 huic
477 1635 631 1685 gravior
661 1647 807 1674 servos.
866 1635 982 1675 Hm.
1035 1634 1191 1674 Certum
1224 1641 1283 1674 est
1314 1635 1509 1687 principio
1543 1635 1579 1674 id
1611 1635 1862 1686 praevortier.

197 1714 330 1742 eamus
361 1702 478 1749 intro,
510 1710 553 1742 ut
583 1709 802 1743 arcessatur
832 1703 953 1751 faber,
985 1709 1028 1742 ut
1060 1703 1152 1742 istas
1184 1704 1393 1755 compedes

194 1770 266 1809 tibi
297 1770 474 1817 adimam,
508 1771 598 1810 huic
629 1771 729 1810 dem.
790 1771 914 1811 STAL.
965 1771 1067 1817 Quoi
1098 1772 1226 1823 peculi
1258 1771 1355 1810 nihil
1387 1777 1458 1818 est,
1490 1778 1595 1810 recte
1627 1771 1778 1810 seceris.

314 1906 399 1939 1005
425 1903 654 1938 desideratur
678 1913 777 1937 erum
802 1913 927 1937 eccum
952 1907 1015 1936 aut
1040 1913 1123 1937 erus
1147 1913 1272 1937 eccum
1296 1905 1362 1937 est.
1407 1901 1487 1937 loco
1511 1913 1583 1938 uno
1608 1902 1787 1939 consimili
1801 1905 1864 1951 (cf.

197 1961 393 2006 Lunqenus
416 1960 528 2006 symb.
557 1961 589 1999 6,
618 1959 779 1994 Baclcz'us
808 1960 844 1994 in
870 1950 1111 1994 Stu'clemundi
1138 1960 1233 1994 stud.
1258 1961 1297 2002 2,
1322 1960 1405 2001 412)
1430 1959 1525 1995 Rud.
1550 1960 1641 1995 1174
1670 1962 1726 1995 est
1752 1959 1867 2005 facile

196 2018 345 2053 additur
352 2030 366 2059 ;
389 2016 447 2052 hic
471 2027 536 2051 nec
560 2019 660 2052 erust
681 2020 827 2061 qratzcm
852 2019 888 2051 et
911 2019 947 2051 et
967 2017 1110 2052 minime
1134 2016 1368 2052 abiciendum.
1407 2027 1457 2052 ea:
1473 2017 1580 2052 verbo
1604 2016 1714 2051 rediit
1735 2015 1866 2052 subau-

197 2075 296 2111 ditur
320 2074 468 2109 astandi
490 2073 590 2108 notio
686 2076 771 2107 1000
787 2073 883 2107 redit
973 2073 1041 2118 <ο>
1065 2073 1166 2108 salue
1191 2072 1408 2118 Spenqelius
1498 2084 1554 2108 em
1576 2072 1605 2107 V
1608 2072 1644 2107 E
1664 2072 1729 2115 (3¹
1747 2073 1775 2114 ?)

200 2135 284 2166 1007
316 2140 396 2166 esse
421 2129 615 2165 adsimules
643 2130 791 2165 Guietus
934 2132 1016 2164 1008
1041 2128 1250 2164 accedit
1273 2130 1325 2170 A‚·
1350 2139 1475 2175 pauca
1500 2131 1537 2164 in
1560 2129 1673 2164 initiis
1697 2129 1867 2175 lessuntur

197 2198 312 2234 usque
342 2186 391 2222 ad
419 2188 517 2221 1015
652 2185 750 2231 qusta
781 2185 869 2220 AB:
901 2186 961 2230 qui
1005 2185 1071 2220 VE
1209 2188 1294 2220 1009
1328 2185 1456 2229 quoius
1487 2185 1555 2220 B2:
1591 2185 1694 2221 cuius
1725 2185 1867 2221 Nonius

196 2245 283 2285 291,
309 2242 438 2289 quouis
464 2241 508 2284 E,
533 2253 672 2288 quouus
700 2243 791 2284 B¹?‚
816 2252 886 2287 que
911 2242 967 2278 uis
1001 2241 1032 2276 V
1123 2241 1228 2285 exigo
1255 2240 1333 2282 VE,
1358 2240 1521 2276 Nonius:
1547 2241 1689 2296 exiJguo
1706 2242 1776 2277 AB

200 2306 283 2338 1011
313 2300 490 2346 surripuit
599 2302 686 2334 1014
709 2299 802 2334 illic:
826 2299 915 2342 fort.
941 2298 979 2332 id
1004 2298 1062 2332 hic
1168 2298 1239 2332 1100
1266 2296 1317 2331 Β.·
1340 2298 1437 2333 hunc
1471 2297 1538 2334 VE
1649 2298 1866 2343 reducimus,

198 2370 291 2396 corr.
317 2357 459 2393 Parcus
591 2358 676 2391 1015
702 2355 812 2400 quud]
838 2355 944 2400 liuius
966 2354 1034 2390 ΑΡ
1164 2356 1387 2389 1016-1022
1412 2365 1478 2389 om.
1504 2356 1557 2395 A;
1581 2359 1690 2400 atque
1712 2361 1869 2401 apparet

199 2416 378 2462 duplicem
401 2412 554 2459 fabulae
577 2412 716 2448 exitum
734 2412 1001 2454 (1009-1015,
1026 2411 1128 2445 1023
1140 2421 1192 2456 sq.
1210 2415 1244 2445 ec
1267 2411 1382 2453 1009,
1405 2411 1663 2452 1016-1022,
1687 2412 1788 2446 1024
1800 2417 1867 2458 sq.)

199 2473 236 2508 in
262 2471 296 2506 P
316 2471 547 2507 coniunctum
578 2479 664 2504 esse.
712 2479 885 2503 summam
910 2468 963 2502 rei
989 2467 1147 2502 Brioeius
1167 2472 1431 2513 perspexerat;
1462 2467 1514 2511 cf.
1542 2466 1704 2502 Havetus
1727 2478 1799 2504 rev.
1823 2467 1868 2504 de

192 2528 324 2575 plu'lol.
342 2529 389 2562 16
407 2527 533 2568 (1892)
554 2536 594 2572 p.
616 2525 660 2560 73
755 2527 841 2560 1016
861 2524 1012 2559 aduxtin
1029 2523 1064 2558 B
1156 2522 1268 2558 filium
1286 2523 1481 2568 captiuum,
1506 2534 1598 2558 corr.
1617 2522 1778 2570 Pylades

204 2588 288 2620 1019
313 2585 410 2619 hunc
437 2583 506 2618 3²:
529 2592 628 2617 nunc
745 2584 832 2616 1020
856 2580 1003 2616 nomina
1027 2590 1095 2615 om.
1203 2577 1375 2623 (merito)
1402 2579 1577 2615 Gruterus
1671 2582 1753 2615 1021
1781 2583 1868 2627 (tu)

199 2641 364 2676 Havetus
385 2651 420 2686 p.
451 2640 496 2674 72
627 2643 696 2674 sun
721 2637 756 2673 B
889 2638 975 2672 1022
1000 2636 1130 2681 cogito,
1153 2647 1246 2671 corr.
1270 2634 1446 2670 Gruterus
1576 2639 1661 2672 1023
1686 2637 1868 2673 audissem

199 2709 256 2733 me
280 2697 324 2738 P,
348 2696 488 2740 redisse
512 2706 568 2730 me
591 2694 622 2730 A
763 2696 849 2730 1024
872 2693 1080 2736 ne[bu]l[am
1096 2692 1178 2734 ΑΡ,
1204 2692 1255 2737 cf.
1281 2691 1413 2727 Pseud.
1437 2693 1513 2727 463
1653 2696 1738 2728 1025
1762 2693 1794 2729 is
1817 2695 1869 2729 A:

202 2766 269 2788 om.
296 2753 330 2788 P
445 2755 530 2787 1026
555 2752 614 2787 hic
640 2751 675 2786 P
779 2749 843 2785 H.:
868 2761 925 2796 sp.
952 2760 1021 2785 om.
1047 2751 1078 2785 A
1193 2751 1331 2784 certust
1354 2749 1385 2783 A
1491 2749 1670 2794 principio
1694 2749 1746 2784 A:
1768 2750 1868 2795 prin-

202 2811 336 2855 cipium
359 2809 395 2845 P
506 2808 707 2854 praeortiei·
731 2808 762 2843 A
881 2809 964 2842 1027
991 2809 1201 2842 accersatur
1225 2808 1254 2840 A
1366 2806 1548 2851 compedis
1573 2805 1617 2848 P,
1641 2807 1672 2842 A
1697 2818 1730 2842 η.
1756 2807 1779 2842 l.

205 2869 289 2902 1028
315 2866 457 2901 SERVVS
483 2865 535 2900 P:
553 2875 608 2911 sp.
633 2876 701 2900 om.
726 2866 757 2899 A
