1998 3179
70 94 100 123 ΙΙ
118 97 144 129 3,
157 95 259 123 60-86
746 93 1044 129 MENAECHMI
1291 129 1302 140 ,
1646 93 1727 131 399

75 223 184 252 nunc
200 210 318 250 Hiero
335 209 421 250 est?
461 209 577 249 ΜΕΝ.
609 208 719 248 Haud
740 208 846 255 falsa,
867 208 1021 256 mulier,
1041 208 1255 260 praedicas.
1291 209 1420 249 MEss.
1442 209 1517 247 Pro
1539 208 1729 260 Iuppiter,

75 291 169 319 num
200 279 318 318 istaec
347 277 488 317 mulier
517 276 623 315 illinc
652 276 771 323 venit,
802 288 901 327 quae
932 282 969 314 te
1000 275 1107 314 novit
1135 281 1212 314 tam
1244 275 1358 315 cate?

73 347 189 387 ΜΕΝ.
238 344 378 386 Hercle
409 343 563 396 opinor,
593 343 800 395 pernegari
831 356 910 382 non
942 349 1082 394 potest.
1142 343 1270 383 MEss.
1320 343 1375 383 Ne
1406 344 1557 384 seceris.
1658 350 1726 383 414.
1741 349 1797 381 415

73 413 235 465 periisti,
266 414 297 453 si
328 412 504 452 intrassis
535 411 637 451 intra
664 411 799 450 limen.
856 411 973 450 ΜΕΝ.
1024 409 1127 456 Quin
1159 417 1201 450 tu
1232 418 1316 450 tace
1347 411 1476 451 modo.

57 482 177 526 ,hene
207 493 270 520 res
299 480 458 532 geritur.
494 478 729 518 adsentabor
759 478 945 529 quidquid
978 478 1080 517 dicet
1109 478 1276 525 mulieri,

72 551 102 590 si
133 562 292 602 possum
323 547 535 599 hospitium
567 546 754 585 nancisci.
804 546 878 584 iam
909 545 1068 592 dudum,
1101 546 1251 593 mulier,
1284 546 1353 585 tibi

74 630 153 656 non
185 616 413 668 imprudens
443 612 696 653 advorsabar:
728 614 835 652 hunc
864 612 1098 660 metuebam,
1131 625 1180 651 ne
1211 624 1318 651 meae
1661 619 1728 652 419.
1742 618 1799 651 420

74 685 185 724 uxori
216 683 460 722 renuntiaret
489 681 536 720 de
566 680 665 733 palla
696 686 734 719 et
764 679 811 719 de
841 679 1020 731 prandio.

73 763 194 798 nunc,
227 750 382 802 quando
413 749 480 797 vis,
512 759 644 787 eamus
673 748 791 787 intro.
850 748 927 788 ER.
978 747 1103 786 Etiam
1133 747 1346 799 parasitum
1378 746 1542 787 manes?

71 818 189 858 ΜΕΝ.
238 818 373 868 Neque
403 829 475 868 ego
506 815 612 855 illum
645 828 798 862 manee,
831 827 960 866 neque
990 815 1102 855 flocci
1133 815 1244 862 facio,
1276 828 1417 867 neque,
1449 816 1479 855 si
1510 815 1673 859 venerit,

73 898 160 925 eum
191 886 278 925 volo
307 884 527 924 intromitti.
586 883 664 923 ER.
712 882 874 923 Ecastor
904 883 1006 922 haud
1036 883 1155 922 invita
1185 884 1329 922 fecero.

73 954 141 993 sed
171 954 253 993 scin
286 952 379 1004 quid
409 958 447 990 te
478 950 615 990 amabo
648 957 690 991 ut
719 949 863 991 facias?
922 951 1038 991 ΜΕΝ.
1087 951 1240 1003 Impera
1271 952 1362 1003 quid
1396 952 1450 991 vis
1481 951 1611 990 modo.
1745 957 1801 989 425

71 1023 148 1062 ER.
198 1021 341 1062 Pallam
372 1020 488 1068 illam,
519 1031 632 1071 quam
664 1019 808 1058 dudum
840 1018 1015 1066 dederas,
1046 1019 1092 1058 ad
1122 1019 1378 1071 phrygionem
1410 1026 1452 1058 ut
1483 1020 1646 1064 deferas,

71 1096 115 1128 ut
145 1088 454 1128 reconcinnetur
483 1093 598 1139 atque
629 1092 673 1126 ut
703 1099 819 1138 opera
852 1087 1045 1126 addantur
1076 1098 1175 1137 quae
1206 1086 1305 1125 volo.

73 1156 189 1197 ΜΕΝ.
239 1156 380 1196 Hercle
410 1156 476 1207 qui
507 1162 550 1195 tu
580 1160 686 1194 recte
716 1154 831 1194 dicis:
864 1154 998 1194 eadem
1030 1154 1288 1206 ignorabitur,

75 1237 124 1264 ne
156 1236 254 1263 uxor
284 1229 497 1276 cognoscat
525 1229 563 1262 te
593 1221 751 1269 habere,
782 1222 813 1261 si
845 1222 884 1261 in
915 1222 974 1260 via
1005 1223 1268 1273 conspexerit.

71 1292 149 1333 ER.
199 1291 304 1343 Ergo
334 1304 424 1330 mox
454 1287 604 1330 auferto
635 1296 778 1337 tecum,
811 1290 967 1341 quando
998 1289 1136 1329 abibis.
1195 1290 1311 1331 ΜΕΝ.
1360 1289 1537 1329 Maxime.
1744 1295 1802 1328 430

72 1359 151 1399 ER.
201 1359 343 1398 Eamus
372 1359 490 1398 intro.
548 1358 665 1398 ΜΕΝ.
715 1357 793 1396 Iam
826 1369 967 1408 sequar
997 1365 1047 1396 te.
1088 1358 1195 1396 hunc
1226 1357 1312 1396 volo
1345 1357 1457 1396 etiam
1489 1357 1687 1409 conloqui.

74 1427 148 1466 eho
169 1426 378 1474 Messenio,
409 1425 550 1465 accede
570 1425 659 1464 huc.
719 1425 848 1465 MEss.
899 1425 1000 1471 Quid
1034 1425 1166 1477 negoti
1197 1423 1283 1464 est?
1342 1424 1458 1465 ΜΕΝ.
1508 1434 1535 1466 4·
1559 1425 1741 1464 sussciri.

72 1494 129 1534 M.
161 1493 262 1539 Quid
292 1506 337 1533 eo
364 1491 508 1546 opust?
538 1493 595 1533 M.
636 1492 745 1544 Opus
771 1499 839 1532 est.
879 1493 959 1532 scio
986 1500 1028 1533 ut
1047 1506 1109 1532 me
1135 1493 1253 1533 dices.
1311 1493 1367 1533 M.
1398 1492 1525 1532 Tanto
1553 1493 1732 1544 nequior.

72 1562 188 1602 ΜΕΝ.
239 1561 371 1600 Habeo
401 1561 605 1613 praedam:
636 1566 788 1600 tantum
818 1560 948 1620 incepi
979 1561 1121 1612 operis.
1181 1561 1214 1599 ei
1247 1567 1436 1612 quantum
1469 1567 1593 1612 potes,
1664 1567 1731 1599 434.
1746 1567 1803 1600 435

72 1629 198 1669 abduc
227 1629 322 1681 istos
351 1629 623 1681 intabernam
655 1634 828 1668 actutum
860 1628 1134 1668 devorsoriam.

73 1705 155 1736 tum
186 1698 302 1737 facito
333 1702 424 1736 ante
454 1694 574 1750 solem
607 1708 787 1736 occasum
818 1702 861 1736 ut
889 1696 1022 1736 venias
1052 1696 1259 1735 advorsum
1291 1697 1397 1736 mihi.

73 1764 201 1805 MEss.
250 1764 336 1804 Non
369 1770 411 1803 tu
442 1764 534 1804 istas
563 1765 788 1804 meretrices
820 1764 972 1810 novisti,
1004 1776 1083 1803 ere.
1142 1764 1258 1805 ΜΕΝ.
1309 1763 1422 1812 Tace,
1454 1764 1614 1815 inquam
1669 1778 1688 1799 τε

75 1831 167 1871 mihi
199 1831 358 1879 dolebit,
391 1845 470 1871 non
502 1832 586 1880 tibi,
616 1833 648 1872 si
680 1832 773 1884 quid
803 1843 876 1883 ego
907 1831 1025 1871 stulte
1055 1833 1199 1871 fecero.

73 1899 214 1938 mulier
242 1900 338 1939 haec
367 1900 483 1940 stulta
513 1906 629 1951 atque
660 1900 797 1939 inscita
828 1907 907 1953 est3
940 1906 1128 1951 quantum
1159 1900 1341 1952 perspexi
1372 1901 1500 1947 modo,
1747 1905 1803 1938 440

74 1973 132 2006 est
161 1967 224 2006 hie
254 1967 396 2019 praeda
428 1967 555 2008 nobis.
588 1992 641 1997 —
670 1968 798 2008 MEss.
849 1968 965 2016 Perii,
996 1968 1126 2007 iamne
1156 1967 1269 2008 abis?
1318 1968 1435 2020 periit
1464 1967 1609 2020 probe:

187 2080 253 2112 412
277 2079 378 2114 hiero
403 2089 442 2115 es
469 2079 510 2121 C,
539 2081 668 2114 heroes
692 2078 726 2114 D
818 2080 915 2115 salsa
1011 2080 1103 2115 Msss.
1130 2090 1198 2114 om.
1300 2081 1364 2114 413
1391 2080 1483 2114 Mns.
1504 2089 1645 2125 praem.

74 2137 140 2168 416
164 2134 331 2170 intrassis
356 2134 497 2170 verbum
519 2141 676 2171 celerum
700 2134 868 2170 aPlauto
886 2136 1041 2171 alienum
1135 2139 1208 2170 419.
1230 2138 1295 2170 420
1320 2136 1545 2171 aduorsabor
1571 2134 1646 2171 CD¹

72 2190 111 2225 ni
130 2190 244 2226 B¹CD
357 2194 419 2226 421
439 2191 648 2227 renuntiare
665 2191 780 2228 B¹CD
895 2195 958 2228 423
984 2203 1111 2228 moneo
1136 2192 1187 2227 B*
1302 2196 1369 2228 424
1394 2195 1515 2228 ecasto
1541 2191 1639 2226 haud
1666 2189 1737 2231 CD,

74 2249 217 2283 ecastor
240 2248 313 2283 auh
339 2247 373 2282 B
466 2249 530 2282 425
558 2248 606 2282 Μ.
632 2249 769 2294 impera
795 2249 938 2284 Dousa:
962 2249 1099 2294 impera
1122 2249 1185 2285 ΜΕ
1204 2249 1250 2294 Β,
1273 2249 1410 2294 impero
1430 2248 1490 2284 ΟΒ
1581 2249 1646 2282 426
1671 2247 1735 2282 fri-

73 2304 214 2348 gionem
305 2305 369 2338 427
396 2307 452 2340 ut:
484 2305 573 2349 fort.
597 2316 671 2341 una
767 2308 832 2340 428
856 2306 943 2350 quin
971 2306 1020 2348 B,
1047 2306 1146 2351 quiin
1172 2306 1249 2347 CD,
1274 2315 1369 2341 corr.
1393 2305 1647 2341 Fleckeisenus

75 2360 198 2395 eadem
227 2359 316 2405 (ea)
345 2359 562 2396 Rz'lsclzelius
675 2365 739 2397 430
774 2363 823 2396 M.
855 2374 924 2397 om.
1040 2365 1101 2397 431
1136 2362 1180 2397 E.
1211 2373 1279 2398 om.
1403 2365 1467 2397 432
1498 2363 1570 2396 huc
1603 2360 1736 2396 accede

76 2416 237 2451 Baclzz'us
261 2417 297 2451 in
323 2416 560 2453 &ademundi
582 2417 673 2454 stud.
692 2420 728 2460 2,
746 2419 828 2453 206
939 2419 1039 2454 ΜΕΝ.
1058 2430 1124 2453 om.
1241 2420 1290 2454 ad
1314 2419 1461 2455 sussciri
1485 2417 1601 2453 adscr.
1627 2420 1639 2450 t
1667 2416 1735 2452 sci-

76 2472 199 2509 scitari
229 2473 300 2515 B’,
332 2484 482 2509 susurra
511 2474 586 2510 alia
617 2485 663 2508 m.
697 2480 771 2510 ant.
805 2475 842 2509 in
873 2486 968 2521 mq.;
1001 2476 1121 2510 sussili
1154 2476 1328 2520 ΒοίΙιὶηε,
1359 2475 1408 2520 cf.
1449 2474 1606 2510 Varron.
1638 2473 1735 2508 Men.

74 2532 152 2577 srq.
177 2530 268 2565 206.
295 2532 364 2565 521
388 2531 451 2576 (cfi
483 2530 699 2572 Vahlenus);
728 2532 899 2577 temptavi
923 2523 1167 2577 sciscit‘o‘scf.
1193 2532 1322 2566 Festus
1345 2533 1417 2566 177
1437 2541 1519 2566 nam
1542 2527 1736 2565 ‘scisscito'

79 2586 258 2632 significat
281 2587 495 2623 sententiam
519 2588 630 2624 dicito
655 2599 698 2623 ac
723 2587 930 2633 suffragium
955 2589 1065 2632 ferto,
1094 2589 1189 2624 unde
1214 2589 1304 2624 scita
1333 2588 1459 2632 plebis.
1508 2597 1552 2622 ac
1574 2586 1737 2631 fortasse

75 2644 238 2689 sequitur
261 2654 350 2688 opus
374 2646 429 2679 est
453 2644 555 2688 scito,
580 2647 621 2680 ut
642 2655 699 2679 me
723 2644 823 2679 dicas
916 2648 980 2680 433
1007 2655 1048 2680 eo
1066 2644 1243 2690 Pylades:
1267 2655 1331 2688 ego
1357 2647 1454 2687 (ergo
1482 2643 1536 2685 ΒΞ)
1629 2645 1737 2687 opust

78 2699 151 2734 ΜΕ.
178 2699 424 2735 Camerarius:
448 2701 553 2745 opusi
644 2701 742 2736 dices
763 2700 831 2735 B2:
854 2701 954 2736 dicas
1046 2701 1216 2745 nequiore
1234 2700 1297 2742 B¹,
1321 2709 1479 2745 nequore
1505 2704 1536 2741 (c
1553 2711 1620 2746 sup
1640 2704 1673 2744 q)
1692 2698 1737 2744 D,

77 2765 144 2791 nec
168 2755 290 2801 quiore
317 2755 351 2797 C,
375 2757 526 2802 nequior
550 2767 588 2793 es
613 2756 666 2791 Β2
779 2760 855 2792 434.
882 2760 946 2792 435
972 2757 1006 2792 ei
1033 2756 1226 2792 Gruterus:
1249 2759 1285 2792 et
1376 2759 1497 2802 potest
1522 2756 1646 2792 Dousa

78 2814 144 2846 436
169 2811 408 2848 diuorsoriam
436 2813 468 2847 Β
565 2816 630 2849 437
656 2813 753 2857 solis,
779 2823 873 2848 corr.
899 2812 1096 2848 Lambinus
1203 2815 1268 2848 438
1293 2813 1424 2858 <atque
1449 2813 1533 2848 hinc
1558 2812 1635 2856 abi>
1660 2812 1737 2848 Rit-

75 2866 232 2902 schelius
322 2870 388 2902 439
413 2869 502 2904 stult
526 2869 594 2914 B¹,
619 2870 690 2905 stul
717 2869 777 2906 CB
869 2872 933 2904 440
959 2869 1070 2905 insita
1094 2869 1222 2910 (inscia
1248 2870 1311 2912 3²)
1404 2873 1467 2905 441
1494 2870 1572 2914 peri
