1998 3179
79 100 109 129 ΙΙ
126 102 154 135 3,
166 100 281 129 83-111
297 99 332 127 13
788 99 1029 135 CVRCVLIO
1658 98 1738 136 323

79 220 222 268 rogant
250 226 313 254 me
343 214 444 253 servi
475 217 553 263 quo
585 226 688 252 eam:
721 214 808 254 dico
837 226 901 254 me
931 214 988 253 ire
1020 226 1098 265 quo
1128 213 1250 253 saturi
1279 213 1422 254 solent.

80 283 222 322 ostium
251 282 318 321 ubi
349 281 550 331 conspexi,
582 281 721 320 exinde
751 293 813 320 me
843 281 932 320 ilico
962 281 1161 333 protinam
1192 280 1292 320 dedi.

77 351 246 391 PHAED.
296 349 443 389 Laudo.
503 348 630 389 Cch.
679 349 853 389 Laudato
884 349 1041 400 quando
1071 349 1167 388 illud
1197 349 1300 400 quod
1331 349 1442 401 cupis
1473 349 1654 389 effecero.

899 432 920 455 *

77 497 210 525 eamus
241 496 349 524 nunc
378 485 497 532 intro,
528 491 572 524 ut
599 484 760 524 tabellas
791 484 1080 535 consignemus,
1141 484 1310 524 Pmn.
1359 484 1460 524 Num
1492 483 1655 524 moror?
1751 489 1808 523 365

77 553 204 594 CVRO.
253 554 381 604 Atque
410 552 554 604 aliquid
584 553 695 604 prius
726 551 1012 599 obstrudamus‚
1044 563 1222 603 pernam,
1254 564 1408 599 sumen,
1439 552 1653 604 glandium,

76 621 173 660 haec
202 626 295 660 sunt
323 620 473 659 ventris
501 619 776 667 stabilimenta,
806 631 909 671 pane
940 625 979 658 et
1008 631 1092 658 assa
1123 618 1283 665 bubula,

76 688 261 741 poculum
291 688 454 739 grande,
485 687 572 726 aula
602 700 754 739 magna,
786 692 829 726 ut
858 687 949 727 satis
981 686 1144 726 consilia
1174 692 1400 738 suppetant.

74 763 117 796 tu
146 755 308 796 tabellas
341 756 586 807 consignato,
617 756 682 795 hic
712 754 963 802 ministrabit,
995 757 1067 806 ego
1100 754 1224 794 edam.

75 824 198 864 dicam
211 823 385 876 quemad
398 822 804 862 modumconscribas.
835 834 1000 873 sequere
1014 822 1285 863 mehacintro.
1316 822 1485 862 Pam.
1508 821 1808 874 Sequor.—370

832 900 983 941 LYCO
1672 901 1740 940 111

344 969 485 1009 Beatus
515 969 667 1008 videor:
699 968 868 1009 subduxi
898 968 1170 1016 ratiunculam,

344 1043 535 1088 quantum
565 1037 665 1076 aeris
694 1037 789 1076 mihi
819 1037 868 1076 sit
898 1042 1168 1088 quantumque
1199 1036 1314 1075 alieni
1345 1036 1438 1076 siet:

344 1105 448 1144 dives
479 1117 577 1152 sum,
608 1105 640 1144 si
672 1117 752 1144 non
785 1104 904 1144 reddo
937 1104 992 1144 eis
1024 1103 1166 1155 quibus
1195 1104 1332 1143 debeo.

344 1171 390 1224 [si
420 1173 542 1212 reddo
573 1173 647 1212 illis
678 1172 820 1224 quibus
851 1172 987 1219 debeo,
1018 1172 1106 1224 plus
1137 1172 1253 1211 alieni
1283 1172 1368 1224 est.]

341 1252 476 1280 verum
507 1240 639 1279 hercle
668 1253 760 1279 vero
792 1253 882 1280 cum
912 1240 1013 1279 belle
1044 1240 1232 1291 recogito,
1749 1256 1805 1288 375

343 1308 374 1347 si
408 1309 531 1360 magis
562 1321 622 1347 me
653 1308 870 1355 instabunt,
901 1308 946 1347 ad
978 1314 1200 1360 praetorem
1231 1308 1429 1347 sufferam.

344 1374 505 1426 [habent
533 1375 639 1414 hunc
670 1387 821 1415 morem
852 1375 1030 1427 plerique
1061 1375 1285 1425 argentarii,

342 1449 384 1481 ut
415 1443 512 1482 alius
542 1442 658 1482 alium
691 1450 869 1494 poscant,
902 1443 1067 1481 reddant
1098 1442 1258 1489 nemini,

341 1511 485 1562 pugnis
514 1523 597 1549 rem
627 1510 790 1558 solvant,
822 1511 853 1550 si
885 1511 972 1562 quis
1002 1516 1138 1562 poscat
1169 1509 1339 1562 clarius]

341 1578 407 1629 qui
437 1578 555 1617 homo
587 1585 738 1618 mature
769 1578 957 1630 quaesivit
987 1578 1210 1630 pecuniam,
1747 1593 1803 1626 380

340 1645 415 1685 nisi
446 1658 531 1685 eam
561 1652 712 1686 mature
743 1647 878 1698 parsit,
908 1652 1060 1685 mature
1091 1646 1224 1685 esurit.

340 1713 456 1765 cupio
487 1713 656 1765 aliquem
687 1726 816 1754 emere
846 1727 1026 1766 puerum,
1059 1714 1124 1765 qui
1155 1714 1358 1754 usurarius

341 1793 448 1821 nunc
478 1781 573 1820 mihi
605 1788 826 1833 quaeratur.
886 1794 981 1822 usus
1012 1788 1070 1821 est
1100 1782 1280 1833 pecunia.

181 1903 245 1936 363
262 1902 435 1946 prospexi
452 1901 592 1937 Nonius
609 1903 683 1938 376
750 1903 848 1939 illico
876 1901 958 1937 VE²
1027 1905 1217 1948 protenam
1240 1901 1383 1937 Nonius
1475 1904 1540 1936 364
1568 1901 1735 1937 lacunam

68 1961 152 1993 ante
164 1955 351 1998 (Goetzius
361 1962 458 2004 post)
471 1957 566 1992 hunc
580 1970 720 1994 versum
734 1959 907 1995 indicavit
919 1958 1100 2000 Bre'oeins;
1112 1969 1243 1994 scaena
1257 1958 1456 1999 decurtata,
1471 1962 1510 1993 ut
1522 1958 1617 1993 aliae
1631 1958 1738 1993 huius

65 2012 219 2057 fabulae
310 2015 374 2049 365
399 2014 544 2050 tabulas
562 2014 597 2048 B
689 2017 754 2051 366
780 2015 1027 2060 obtrudamus,
1051 2026 1144 2051 corr.
1162 2014 1352 2061 Scaliqer;
1376 2014 1425 2058 cll
1444 2013 1555 2050 Stich.
1572 2015 1646 2050 593

68 2071 131 2104 367
157 2069 294 2106 uentris
327 2069 470 2105 Nonius
492 2071 586 2105 218:
616 2072 736 2107 uentri
827 2066 923 2117 pane
947 2071 1107 2112 Nonius,
1133 2070 1320 2107 Charisius
1347 2071 1416 2112 90,
1447 2072 1566 2106 neutri
1594 2071 1737 2116 generis

67 2136 143 2162 esse
161 2125 334 2162 dicentes:
358 2136 490 2172 panem
573 2128 879 2173 pronuntiatione
896 2133 1034 2164 tantum
1059 2133 1095 2164 et
1109 2128 1295 2174 scriptura
1318 2138 1414 2172 pane
1431 2126 1580 2173 differre
1596 2126 1737 2163 videtur

67 2182 112 2218 ab
128 2192 170 2218 eo
194 2181 292 2228 quod
314 2188 365 2218 est
390 2183 515 2228 panis3
541 2184 752 2220 nominativi
776 2185 882 2229 quasi
906 2185 1143 2220 attrahuntur
1167 2184 1216 2220 ad
1230 2185 1444 2219 sententiam
1461 2183 1736 2220 intercedentem

66 2239 156 2274 haec
180 2241 265 2274 sunt
285 2250 318 2275 v.
337 2242 381 2275 st.
475 2241 539 2274 368
564 2240 708 2284 poclum
731 2242 868 2285 grande
891 2241 961 2286 (et)
984 2240 1239 2277 Fleckeisenus
1314 2242 1511 2286 suppetant
1527 2240 1602 2275 scil.
1622 2240 1739 2275 ventri

68 2295 172 2341 quasi
188 2295 297 2331 menti
389 2297 454 2330 369
478 2295 624 2332 tabulas
641 2295 676 2330 B
693 2301 777 2332 ante
794 2308 889 2333 corr.
961 2297 1053 2332 nileil
1067 2297 1154 2332 addi
1170 2298 1347 2333 mutarive
1364 2301 1491 2344 potest
1508 2297 1595 2342 quin
1618 2306 1735 2331 sermo

67 2350 225 2387 deterior
244 2351 314 2397 fiat
412 2354 473 2386 371
500 2362 584 2387 mco
610 2363 1178 2389 mmnziu-Psmsnvsmssm
1203 2352 1318 2388 BVE
1415 2356 1481 2388 3¹14
1505 2352 1635 2388 delevit
1659 2351 1735 2387 Bo·

69 2407 186 2450 tham
213 2408 264 2454 cf.
288 2407 507 2444 Ribbeckius
530 2408 594 2443 rel.
619 2420 692 2444 soc.
717 2409 818 2456 Le‘ps.
843 2411 951 2449 1879,
972 2411 1039 2454 85,
1071 2410 1270 2455 Lanqenus
1292 2409 1386 2445 stud.
1410 2409 1466 2445 Pl.
1492 2410 1572 2444 286
1587 2419 1642 2455 sq.

67 2465 132 2498 375
156 2464 252 2501 uelle
366 2468 433 2501 376
465 2465 652 2501 sufferam:
682 2465 738 2501 fer
761 2477 780 2501 e
804 2477 896 2501 corr.
921 2466 973 2510 E,
1006 2466 1167 2502 suforam
1199 2466 1233 2501 V
1346 2468 1411 2501 378
1438 2468 1568 2511 poscat.
1593 2464 1627 2499 B
1651 2468 1735 2499 ante

66 2531 162 2556 corr.
278 2524 343 2557 379
377 2522 540 2558 soluant:
572 2524 661 2558 uant
695 2522 746 2557 B²
777 2523 815 2558 in
845 2535 938 2566 ras.,
974 2523 1115 2559 soleant
1140 2521 1191 2567 E,
1223 2522 1373 2559 uoleant
1412 2521 1445 2556 V
1534 2520 1659 2556 darius
1693 2519 1734 2562 V,

67 2576 188 2612 derius
214 2577 250 2613 E
361 2581 425 2614 377
432 2582 539 2614 -379
571 2579 718 2615 aliunde
748 2580 911 2627 ascripti.
959 2590 1077 2614 sermo
1108 2580 1161 2614 sic
1191 2578 1377 2625 procedit:
1403 2577 1638 2623 poscentibus
1660 2588 1735 2612 non

64 2631 213 2668 reddam
221 2646 237 2676 ‚·
259 2634 294 2669 si
306 2636 424 2680 maqis
440 2635 637 2678 instabunt,
661 2636 763 2682 apud
774 2642 983 2682 praetorem
1000 2636 1148 2677 solvam,
1172 2636 1224 2670 ita
1247 2636 1302 2670 rei
1315 2644 1467 2681 parcam
1559 2636 1623 2669 381
1649 2643 1734 2679 par-

66 2691 126 2725 sat
147 2689 183 2724 B
277 2690 461 2726 Charisius
483 2692 564 2726 204
594 2695 736 2728 mature
766 2693 837 2728 duo
863 2691 1059 2737 significat,
1084 2695 1121 2727 et
1145 2692 1216 2727 cito
1243 2694 1278 2727 et
1302 2692 1424 2735 tarde,
1448 2689 1578 2725 deinde
1601 2689 1735 2725 adlatis

65 2755 98 2781 v.
116 2746 207 2782 380.
233 2747 322 2782 381.·
346 2751 402 2784 est
426 2748 520 2784 enim
544 2758 687 2784 sensus:
720 2748 780 2794 qui
803 2750 909 2785 homo
933 2749 994 2785 vix
1019 2751 1056 2784 et
1087 2758 1194 2793 aegre
1228 2747 1385 2793 quaesiit
1415 2747 1625 2792 pecuniam,
1644 2757 1733 2793 per-

65 2811 167 2839 verse
279 2806 357 2839 382.
384 2806 447 2839 383
473 2803 562 2840 liaeo
592 2804 768 2841 lacunosa
792 2805 848 2841 vel
878 2805 1069 2841 decurtata
1099 2810 1194 2840 sunt.
1243 2803 1370 2849 cupio:
1401 2803 1536 2839 dictum
1569 2803 1735 2850 oportuit

66 2859 146 2896 ideo
171 2870 210 2895 se
232 2859 282 2895 ad
305 2860 468 2896 lenonem
493 2861 562 2904 ire,
595 2873 690 2907 quae
714 2861 822 2897 verba
846 2873 869 2897 a
891 2871 988 2898 nunc
1013 2862 1172 2908 incipere
1195 2860 1371 2897 debebant
1393 2860 1503 2903 (velut
1525 2870 1621 2896 nunc
1645 2858 1732 2894 mihi

1368 2933 1376 2943 ·
1390 2920 1428 2952 21
1441 2918 1461 2939 *
