1998 3179
97 74 144 103 111
152 74 179 108 3,
198 75 298 103 65-91
795 72 1068 108 BACCHIDES
1673 74 1750 113 147

96 188 190 238 quin
223 200 294 239 ego
326 199 413 227 cum
445 186 597 238 peribat
625 187 711 231 vidi,
744 200 823 226 non
857 200 903 226 ex
933 187 1062 226 audito
1095 199 1228 237 arguo.

94 253 230 294 MNES.
248 254 350 300 Quid
360 255 504 293 factum
515 253 600 294 est?
628 254 738 294 LYD.
760 254 1003 294 Meretricem
1020 254 1180 305 indigne
1197 254 1359 306 deperit.
1381 253 1438 294 M.
1454 254 1541 293 Non
1560 261 1601 294 tu
1619 254 1819 295 taces?470

94 321 205 361 LYD.
255 323 380 373 Atque
410 333 612 361 acerrume
641 329 879 361 aestuosam:
911 321 1095 361 absorbet
1124 321 1191 360 ubi
1223 334 1417 373 quemque
1447 322 1583 374 attigit.

94 387 150 428 M.
172 389 242 428 Vbi
265 401 308 428 ea
328 389 468 429 mulier
488 388 662 428 habitat?
691 389 739 430 L.
762 389 845 428 Hie.
877 389 933 429 M.
957 389 1064 428 Vnde
1087 401 1168 428 eam
1192 402 1275 429 esse
1297 388 1435 428 aiunt?
1465 390 1513 432 L.
1543 390 1600 429 Ex
1622 390 1750 430 Samo.

93 455 150 496 M.
191 456 298 502 Quae
319 455 508 496 vocatur?
552 456 600 497 L.
638 456 812 495 Bacchis.
855 456 910 496 M.
949 456 1080 503 Erras,
1111 457 1233 508 Lyde:
1265 469 1337 508 ego
1368 469 1526 496 omnem
1558 471 1640 497 rem
1671 458 1750 497 scio

93 536 209 575 quem
239 524 284 562 ad
313 524 522 563 modumst.
566 530 609 562 tu
639 523 892 562 Pistoclerum
925 523 1018 562 salso
1050 529 1165 574 atque
1195 524 1391 563 insontem
1423 525 1565 576 arguis.

92 604 183 630 nam
213 591 277 631 ille
306 591 430 630 amico
461 596 498 630 et
527 590 776 629 benevolenti
806 603 876 629 suo
906 590 1027 629 sodali
1058 590 1191 629 sedulo
1762 599 1817 631 475

90 670 172 696 rem
203 657 423 697 mandatam
453 657 692 708 exsequitur.
724 657 830 708 ipsus
862 669 991 707 neque
1020 663 1122 696 amat
1153 670 1225 696 nec
1256 664 1296 697 tu
1330 659 1503 698 creduas.

88 726 198 766 LYD.
249 725 356 764 Itane
387 730 544 776 oportet
572 736 655 763 rem
687 725 908 763 mandatam
939 736 1075 774 gerere
1106 725 1219 763 amici
1250 725 1399 773 sedulo,

89 798 132 831 ut
161 792 269 843 ipsus
297 792 338 830 in
370 792 517 843 gremio
550 791 791 831 osculantem
823 791 1024 830 mulierem
1056 798 1186 831 teneat
1215 791 1385 832 sedens?

90 859 226 898 nullon
258 866 372 910 pacto
402 871 466 898 res
496 858 675 898 mandata
705 865 836 910 potest
865 859 939 909 agi,
972 859 1046 898 nisi
1077 859 1288 898 identidem

87 938 226 966 manus
256 927 355 966 ferat
383 924 465 981 (ei)
495 927 540 965 ad
571 926 744 978 papillas,
777 925 882 965 la'bra
913 926 960 965 ab
992 927 1108 966 labris
1141 939 1333 978 nusquam
1367 927 1544 968 auferat?
1759 934 1816 968 480

88 997 175 1033 nam
208 994 280 1033 alia
309 1006 525 1033 memorare
557 1006 655 1045 quae
686 994 792 1033 illum
823 994 949 1032 facere
980 994 1055 1033 vidi
1087 994 1283 1046 dispudet:

87 1073 175 1101 cum
206 1074 365 1101 manum
395 1061 468 1101 sub
499 1062 728 1101 vestimenta
758 1062 803 1100 ad
836 1074 979 1112 eorpus
1010 1062 1137 1101 tetulit
1167 1063 1347 1102 Bacchidi

86 1141 148 1168 me
179 1136 397 1182 praesente,
430 1142 559 1180 neque
591 1129 737 1180 pudere
770 1130 992 1180 quicquam.
1044 1129 1136 1180 quid
1168 1130 1295 1170 verbis
1326 1130 1468 1182 opust?

85 1197 178 1236 mihi
210 1196 434 1248 discipulus,
466 1197 534 1236 tibi
564 1197 705 1236 sodalis
736 1197 864 1248 periit,
895 1197 986 1247 huic
1015 1196 1140 1244 filius;

86 1267 175 1303 nam
207 1276 279 1315 ego
310 1264 417 1303 illum
449 1264 609 1316 periisse
641 1264 726 1302 dico
758 1264 850 1315 quoi
881 1264 1037 1314 quidem
1070 1264 1185 1315 periit
1214 1265 1352 1315 pudor.
1758 1270 1814 1303 485

87 1328 196 1386 [quid
229 1338 345 1384 opust
374 1329 530 1370 verbis?
560 1331 591 1370 si
624 1331 796 1382 opperiri
828 1330 963 1369 vellem
996 1331 1195 1382 paulisper
1225 1331 1350 1378 niodo,

85 1407 127 1439 ut
156 1408 180 1440 ÷
215 1399 358 1451 opinor
387 1399 490 1438 illius
521 1399 763 1450 inspectandi
797 1398 847 1437 mi
880 1405 982 1437 esset
1011 1399 1135 1437 maior
1165 1399 1289 1450 copia,

84 1466 172 1517 plus
201 1466 371 1506 viderem
403 1478 518 1517 quam
549 1466 717 1513 deceret,
750 1477 864 1516 quam
896 1478 957 1504 me
988 1472 1103 1516 atque
1136 1465 1201 1504 illo
1233 1478 1398 1516 aequom
1430 1463 1560 1520 foret]

82 1533 219 1575 MNEs.
269 1533 472 1573 Perdidisti
503 1546 578 1581 me,
610 1533 762 1573 sodalis.
814 1546 940 1584 egone
972 1541 1014 1572 ut
1044 1533 1146 1572 illam
1179 1533 1394 1572 mulierem.

82 1602 217 1653 capitis
248 1614 328 1641 non
359 1599 548 1653 perdam?
578 1601 706 1653 perire
737 1613 800 1640 me
830 1601 940 1641 malis
970 1601 1100 1640 malim
1132 1601 1267 1640 modis.
1756 1607 1813 1640 490

82 1669 180 1708 satin
214 1675 256 1708 ut
285 1680 401 1720 quem
434 1675 474 1707 tu
505 1668 648 1708 habeas
679 1669 831 1708 fidelem
863 1668 931 1707 tibi
962 1674 1028 1708 aut
1059 1669 1122 1707 cui
1152 1668 1288 1708 credas
1322 1667 1500 1708 nescias?

80 1737 190 1777 Lm.
241 1736 364 1776 Viden
397 1743 439 1776 ut
470 1749 584 1788 aegre
615 1737 760 1788 patitur
791 1743 950 1788 gnatum
983 1739 1066 1776 esse
1098 1744 1327 1788 corruptum
1359 1742 1480 1784 tuom,

81 1816 193 1843 suom
223 1803 405 1852 sodalem,
437 1811 480 1843 ut
509 1805 616 1855 ipsus
647 1817 731 1843 sese
763 1805 910 1843 cruciat
940 1803 1212 1855 aegritudine?

79 1871 202 1913 PHIL.
233 1871 485 1919 Mnesiloche,
507 1872 583 1910 hoc
605 1878 732 1911 tecum
756 1884 839 1919 oro,
869 1880 912 1910 ut
932 1872 1033 1911 illius
1055 1872 1227 1910 animum
1249 1878 1365 1922 atque
1386 1872 1587 1923 ingenium
1609 1883 1744 1923 regas3

81 1951 189 1978 serva
219 1938 288 1978 tibi
319 1938 489 1978 sodalem
523 1941 561 1978 et
590 1939 683 1978 mihi
714 1939 847 1979 filium.
907 1939 1044 1981 MNES.
1095 1939 1255 1978 Factum
1287 1939 1385 1978 volo.
1754 1946 1810 1979 495

191 2097 257 2129 469
281 2105 364 2139 qum
388 2094 435 2136 B,
460 2097 558 2139 qtum
583 2094 616 2129 D
707 2095 835 2130 auditu
860 2095 911 2130 B2
1022 2099 1081 2129 471
1113 2098 1281 2130 aestuose
1305 2098 1401 2136 (-uos
1429 2095 1478 2135 C),
1507 2097 1666 2137 correxi,
1692 2096 1742 2140 ef.

82 2151 164 2185 538.
184 2151 268 2192 569,
284 2149 486 2187 Lorenzius
502 2150 551 2185 acl
566 2149 697 2185 Pseud.
716 2152 783 2186 718
875 2152 925 2195 cf.
947 2150 1050 2185 Truc.
1067 2152 1142 2186 350
1157 2161 1210 2196 sq.
1220 2165 1233 2192 ;
1256 2151 1350 2185 uncle
1365 2151 1457 2196 fort.
1484 2151 1652 2187 obsorbet

80 2217 218 2251 queque
244 2205 304 2241 CD
420 2209 484 2241 472
509 2217 587 2242 esse
611 2217 690 2242 eam
717 2206 865 2242 Guietus
979 2210 1045 2241 476
1069 2207 1238 2253 incipit
1259 2207 1290 2242 A
1393 2217 1509 2252 neque
1533 2209 1584 2243 A:
1606 2218 1673 2243 nec
1698 2207 1741 2250 P,

79 2261 218 2297 Paulus
245 2263 294 2297 60
430 2273 496 2299 nec
521 2262 565 2304 P,
590 2262 750 2298 Paulus.-
774 2274 819 2298 ne
840 2265 870 2298 A
1008 2266 1073 2298 478
1104 2263 1367 2299 auscultantem
1395 2264 1432 2298 in
1463 2263 1596 2308 gremio
1621 2264 1651 2298 A

79 2321 143 2353 479
167 2318 266 2354 nullo
292 2318 388 2360 AB1,
412 2319 535 2354 nullon
563 2319 591 2354 C
679 2321 744 2354 480
770 2319 864 2355 ferat
882 2319 923 2361 P,
949 2318 1091 2363 flerent]
1117 2320 1159 2359 A,
1183 2319 1351 2365 supplevi
1440 2330 1462 2355 a
1486 2319 1571 2360 AP;
1595 2320 1644 2364 cf.
1665 2319 1742 2354 Mil.

78 2375 176 2409 1335
302 2377 364 2409 481
391 2374 464 2410 alia
487 2374 570 2409 AP:
592 2375 656 2410 illa.
682 2375 864 2410 Charisius
888 2377 961 2410 198
1091 2378 1154 2410 482
1186 2386 1269 2420 qum
1292 2375 1328 2410 B
1453 2386 1562 2411 manu
1586 2375 1653 2410 AD

80 2431 207 2466 detulit
232 2431 302 2466 BD
413 2432 506 2476 fort.
533 2431 717 2467 bacchidis
742 2435 773 2467 Α
880 2434 947 2467 484
970 2432 1055 2467 huic
1080 2433 1145 2473 (sic
1168 2432 1248 2474 ΑΡ)
1271 2433 1322 2477 cf.
1349 2432 1397 2466 ad
1420 2431 1548 2477 Amplc.
1577 2433 1650 2466 702

80 2489 144 2521 485
167 2487 303 2532 perisse
326 2485 394 2521 ΑΡ
507 2489 571 2522 486
596 2488 729 2532 operiri
752 2488 822 2523 AB
914 2491 977 2523 487
1002 2489 1055 2523 sie
1078 2488 1146 2523 ΛΡ
1167 2488 1297 2532 (mihi);
1324 2499 1434 2533 opera
1457 2487 1554 2523 illius
1581 2486 1741 2523 Bueche-

80 2541 154 2577 lero
186 2542 275 2578 duee
303 2542 532 2588 Anspaolzius
564 2535 860 2580 de'Baeeln‘dum
893 2548 977 2580 retr.
1003 2555 1123 2580 scaen.
1147 2546 1218 2586 27;
1247 2545 1296 2589 ef.
1331 2543 1513 2579 Valalemcs
1536 2543 1659 2578 Herm.
1683 2544 1740 2585 15,

80 2599 159 2632 260
249 2601 314 2634 488
338 2599 517 2642 uideerem
542 2601 583 2640 A,
609 2599 778 2634 uidissem
804 2599 838 2633 P
859 2601 960 2645 (fort.
988 2602 1070 2636 item
1095 2602 1138 2643 A)
1253 2600 1379 2644 liceret
1403 2602 1434 2635 A
1547 2599 1610 2635 illo
1635 2609 1740 2645 equm

79 2656 218 2699 (equum
244 2654 282 2696 C)
304 2653 347 2696 P,
372 2655 434 2697 [ill]
460 2655 514 2690 vel
539 2655 614 2697 [illi]
641 2666 790 2700 aequom
815 2658 845 2690 A
960 2657 1121 2692 versibus
1145 2657 1347 2691 486—488
1378 2668 1452 2691 non
1477 2660 1560 2701 apte
1585 2656 1740 2701 amplifi-

79 2712 196 2743 catum
220 2719 296 2744 esse
315 2709 410 2756 Lyda·
423 2721 619 2747 sermonem
636 2712 816 2747 intellexit
841 2711 874 2747 V
872 2713 1052 2758 ssz‘nqius;
1074 2714 1166 2757 fort.
1182 2712 1354 2758 paralleli
1368 2717 1453 2747 sunl
1470 2712 1518 2746 ad
1533 2712 1741 2755 481—485,

80 2764 129 2808 cf.
155 2764 348 2811 Lanqenus
371 2766 462 2802 stud.
487 2766 608 2802 Plaut.
626 2769 699 2802 261
713 2779 766 2813 sq.
859 2771 925 2803 489
950 2772 990 2812 ut
1007 2770 1056 2804 A:
1080 2780 1146 2804 om.
1166 2768 1201 2802 P
1289 2771 1352 2803 491
1380 2769 1510 2812 satime
1535 2769 1601 2813 uti]
1619 2772 1648 2804 A

80 2823 144 2855 493
168 2821 268 2867 ipsus
291 2831 369 2857 sese
395 2822 474 2857 CD:
497 2826 598 2869 ipsus
623 2834 661 2859 se
686 2823 731 2867 B,
757 2823 847 2870 [ipse
872 2828 964 2870 ⁵?ss]ssss
980 2827 1010 2860 A
1105 2827 1167 2860 495
1193 2825 1241 2860 mi
1265 2825 1430 2871 (autem)
1453 2824 1684 2861 Hermamzus

784 2872 791 2879 ‘
1399 2875 1467 2916 ιο*
