1998 3179
86 77 102 104 1
114 78 139 111 1,
160 80 260 108 17-42
795 80 1026 116 ASINARIA
1688 84 1739 121 55

86 194 202 233 Dm.
252 194 351 240 Quid
383 194 483 233 istnc
513 193 601 233 est?
632 200 698 233 aut
727 194 794 234 ubi
824 195 924 234 istuc
955 201 1012 235 est
1041 201 1233 235 terrarum
1262 194 1371 234 loci?

85 261 178 301 Lm.
227 258 315 316 [Vbi
344 261 440 300 flent
470 273 637 312 nequam
668 262 858 309 homines,
891 262 956 313 qui
986 262 1184 314 polentam
1215 259 1429 317 pinsitant.]

87 329 189 380 apud
219 328 480 375 fustitudinas,
511 328 785 380 ferricrepinas
816 329 976 376 insulas,

87 395 154 436 ubi
185 396 288 435 vivos
318 397 496 435 homines
525 397 669 435 mortui
700 396 902 436 incursant
937 397 1066 436 boves.
1772 407 1809 439 35

85 463 203 504 DEM.
233 463 348 502 Modo
379 463 445 514 pol
475 463 644 514 percepi,
676 463 836 511 Libane,
869 464 959 514 quid
991 464 1090 503 istuc
1121 464 1168 503 sit
1200 464 1292 504 loci:

87 530 154 570 ubi
184 532 226 569 fit
257 531 427 581 polenta,
456 536 494 568 te
524 531 687 569 sortasse
718 530 860 569 dicere.
918 531 1011 571 Lm.
1061 532 1131 573 Ah.

87 610 215 648 neque
246 597 376 636 hercle
407 610 478 649 ego
510 598 610 636 istuc
641 598 726 636 dico
758 610 831 637 nec
862 599 1007 637 dictum
1037 599 1136 645 volo,

87 671 202 715 teque
233 665 395 704 obsecro
427 665 556 704 hercle
586 671 630 704 ut
660 677 759 716 quae
790 665 957 705 locutu's
987 666 1163 717 despuas.

84 732 201 772 DEM.
250 731 346 779 Fiat,
376 739 534 783 geratur
564 744 649 771 mos
679 732 761 771 tibi.
820 733 914 774 Lm.
964 735 1058 785 Age,
1088 745 1158 784 age
1190 745 1313 784 usque
1344 746 1494 773 excrea.
1773 741 1811 773 40

84 799 200 839 Dm.
250 797 458 838 Etiamne?
515 799 608 839 Ln3.
658 800 738 851 Age
770 812 912 851 quaeso
944 800 1073 839 hercle
1105 813 1229 851 usque
1261 813 1307 839 ex
1336 801 1479 852 penitis
1511 801 1697 841 saucibus.

85 867 197 905 etiam
229 867 405 918 amplius.
463 867 579 907 DEM.
624 867 719 906 Nam
751 880 829 918 quo
860 866 1011 918 usque?
1068 868 1161 908 Lm.
1212 868 1340 919 Vsque
1370 868 1417 907 ad
1448 875 1610 908 mortem
1641 869 1741 908 volo.

83 934 200 974 DEM.
250 933 346 974 Cave
375 937 427 974 sis
458 935 594 973 malam
628 947 722 974 rem.
780 935 874 977 LIB.
925 936 1061 975 onris
1091 936 1190 982 dico,
1224 949 1302 975 non
1334 943 1452 976 tuam.

83 1002 200 1042 Dm.
248 1002 362 1040 Dono
393 1008 430 1041 te
461 1001 510 1040 ob
542 1002 642 1042 istuc
671 1003 829 1050 dictum,
861 1010 902 1042 ut
934 1015 1073 1055 expers
1103 1003 1154 1043 sis
1186 1010 1303 1043 metu.
1694 1011 1742 1044 44.
1774 1010 1809 1043 45

83 1068 177 1109 Lm.
227 1069 271 1109 Di
302 1069 371 1108 tibi
402 1070 494 1108 dent
526 1082 795 1121 quaecumque
826 1078 949 1122 optes.
1007 1072 1123 1111 Dm.
1172 1071 1304 1110 Redde
1336 1084 1493 1124 operam
1525 1073 1630 1113 mihi.

84 1148 156 1176 cur
184 1137 259 1175 hoc
290 1150 360 1188 ego
392 1149 438 1176 ex
469 1144 506 1176 te
538 1136 750 1188 quaeram?
781 1144 846 1177 aut
877 1150 947 1176 cur
977 1139 1137 1177 miniter
1166 1138 1234 1178 tibi

85 1212 292 1257 propterea
323 1205 427 1256 quod
459 1217 520 1244 me
553 1218 632 1244 non
664 1206 851 1245 scientem
884 1205 1052 1246 feceris?

84 1278 150 1311 aut
178 1284 250 1311 cur
278 1279 477 1324 postremo
508 1273 587 1312 filio
617 1286 877 1321 suscenseam,

84 1346 213 1391 patres
242 1345 286 1379 ut
315 1340 463 1379 faciunt
493 1338 643 1380 ceteri?
700 1341 794 1382 Lm.
844 1340 945 1386 Quid
978 1341 1077 1379 istuc
1110 1342 1197 1380 novi
1230 1340 1316 1381 est?
1775 1348 1812 1381 ἑο

83 1406 255 1445 demiror
283 1407 373 1458 quid
406 1408 454 1446 sit
483 1413 521 1447 et
553 1419 629 1458 quo
661 1409 795 1447 evadat
822 1420 910 1447 sum
941 1408 980 1446 in
1012 1414 1130 1447 metu.
1872 1398 1875 1399 ⁷

83 1474 200 1514 DEM.
249 1473 439 1526 Equidem
470 1475 550 1515 scio
582 1475 669 1522 iam,
701 1476 802 1515 filius
832 1476 936 1526 quod
968 1482 1069 1514 amet
1101 1488 1210 1515 meus

84 1542 207 1581 istanc
237 1542 483 1582 meretricem
515 1555 536 1581 e
566 1555 758 1594 proxumo
791 1543 1047 1582 Philaenium.

84 1615 194 1650 estne
223 1610 299 1649 hoc
331 1617 373 1650 ut
402 1611 502 1659 dico,
534 1609 712 1650 Libane?
769 1611 863 1652 Lm.
893 1612 1052 1651 Rectam
1084 1611 1204 1651 instas
1234 1612 1345 1651 viam.

84 1689 127 1715 ea
158 1690 220 1717 res
250 1684 320 1719 est.
371 1677 438 1718 sed
468 1690 557 1717 eum
586 1678 747 1718 morbus
777 1679 915 1718 invasit
945 1679 1082 1730 gravis.
1774 1675 1814 1706 55

82 1744 198 1786 Dm.
229 1745 330 1791 Quid
360 1746 487 1785 morbi
518 1744 602 1786 est?
659 1746 752 1787 Lm.
804 1745 900 1791 Quia
932 1760 1011 1785 non
1045 1752 1263 1798 suppetunt
1292 1746 1402 1785 dictis
1433 1747 1530 1785 data.

82 1812 198 1855 DEM.
247 1813 360 1852 Tune
391 1826 431 1853 es
461 1814 613 1853 adiutor
644 1827 752 1854 nunc
782 1815 925 1853 amanti
955 1812 1065 1853 filio?

196 1916 250 1949 32.
269 1916 310 1948 33
325 1918 413 1959 post
435 1925 465 1949 v.
483 1915 535 1949 47
554 1915 606 1949 sic
630 1915 760 1950 mutati
781 1915 976 1950 iterantur.-

331 1970 418 2015 quid
440 1970 538 2006 istud
561 1972 638 2011 (·uc
658 1970 696 2013 C)
721 1973 775 2006 est
799 1973 862 2006 aut
887 1970 948 2006 ubi
972 1971 1067 2006 istuc
1091 1970 1138 2005 sit
1161 1981 1300 2015 nequeo
1324 1980 1474 2005 noscere

331 2026 393 2061 ubi
417 2025 505 2062 flent
528 2037 682 2071 nequam
705 2027 867 2062 homines
893 2027 953 2072 qui
978 2027 1161 2071 polentam
1186 2026 1364 2071 pinsitant:

83 2084 156 2125 (ubi
188 2083 329 2118 SERVVS
362 2083 499 2128 priori,
536 2084 657 2118 szssx
689 2083 795 2118 alteri
825 2094 855 2118 v.
878 2093 1022 2129 praem.
1053 2082 1123 2122 13²,
1161 2083 1247 2127 quid
1281 2083 1375 2118 istuc
1412 2082 1458 2117 sit
1496 2081 1746 2125 Camerarius).

82 2140 242 2185 fortasse
266 2140 331 2185 qui
351 2139 403 2174 ibi
416 2139 545 2186 posuit
568 2139 867 2186 dz'ttoqraphiam,
890 2150 1059 2174 scaenam
1084 2138 1299 2174 contrahere
1323 2145 1356 2175 et
1373 2149 1402 2173 v.
1422 2139 1569 2173 32—46
1586 2138 1748 2172 omittere

84 2196 233 2232 volebat.
257 2206 286 2230 υ.
302 2196 360 2237 33,
390 2196 454 2241 qui
484 2194 653 2241 qriplzum
684 2196 846 2237 destruit,
871 2196 938 2231 del.
963 2195 1129 2231 Loemius
1157 2195 1326 2231 Goetzius
1464 2197 1504 2228 33
1531 2194 1747 2239 pransitant,

83 2253 147 2287 sed
169 2252 215 2288 al’
240 2252 417 2297 pinsitam:
441 2251 528 2287 B2D
551 2263 600 2287 ex
623 2263 653 2287 v.
670 2253 821 2298 repetito
853 2280 858 2284 .
937 2255 980 2287 34
1004 2252 1208 2288 fustidunas
1233 2251 1270 2286 Ε
1381 2255 1421 2287 37
1447 2251 1489 2286 fit
1513 2262 1580 2286 om.
1607 2251 1657 2285 B¹

84 2310 152 2344 ahc
181 2308 261 2351 BD,
285 2310 354 2343 hac
380 2307 417 2343 Ε
528 2310 570 2343 38
596 2319 680 2353 ergo
705 2308 757 2343 B²
872 2312 913 2344 39
939 2309 1000 2354 qui
1026 2309 1075 2343 Β2
1189 2311 1229 2343 41
1255 2313 1340 2354 post
1365 2319 1395 2343 v.
1415 2310 1461 2342 55
1485 2308 1627 2353 leqitur,
1652 2318 1746 2342 corr.

84 2364 226 2400 Merula
317 2364 465 2400 hercule
490 2364 673 2399 Prisciani
697 2365 800 2399 codd.
823 2367 855 2407 1,
883 2366 931 2400 99
1030 2369 1070 2399 «Π
1097 2366 1177 2408 hoc,
1203 2364 1303 2410 quod
1326 2364 1556 2409 quaesiturus
1579 2374 1656 2398 sum

84 2432 114 2457 v.
132 2421 181 2456 ad
197 2422 258 2455 32.
277 2421 326 2455 33
447 2423 489 2456 48
514 2421 734 2456 nescientem
759 2421 796 2455 E
908 2425 949 2456 49
974 2432 1216 2465 succenseam,
1241 2421 1324 2456 item
1348 2421 1432 2463 146,
1455 2420 1519 2454 sed
1542 2430 1637 2454 susc.
1663 2420 1746 2454 354.

85 2475 169 2510 372.
193 2475 267 2509 459
405 2475 456 2509 47
472 2484 526 2519 sq.
550 2474 699 2509 invicem
723 2474 1017 2519 interroqatm·us
1044 2486 1116 2509 non
1134 2474 1249 2519 plane
1272 2474 1475 2518 interroqat
1500 2472 1748 2512 Demaenetus,

83 2528 147 2564 sed
177 2527 343 2563 consulto
374 2538 574 2562 sermonem
607 2527 788 2573 obliquat,
817 2533 1002 2574 postremo
1034 2529 1106 2563 iam
1139 2539 1177 2562 se
1205 2527 1300 2562 scire
1330 2528 1504 2562 enuntiat.
1551 2537 1625 2560 non
1648 2529 1748 2560 recta

85 2593 178 2628 quae
205 2582 375 2627 lequntur
404 2581 441 2616 in
470 2579 609 2615 Loewe‘i
637 2584 671 2615 et
702 2580 843 2616 Goetzii
871 2582 995 2628 praef.
1017 2593 1055 2627 p.
1082 2582 1133 2616 23
1163 2585 1196 2615 et
1226 2591 1314 2615 mus.
1339 2579 1451 2615 Rhen.
1478 2580 1543 2621 37,
1567 2580 1651 2621 151,
1683 2589 1748 2613 nec

84 2635 231 2671 meliora
263 2634 441 2680 Mayenus
464 2633 625 2680 protulit
654 2633 698 2669 de
723 2639 823 2680 part.
857 2634 957 2680 quod
985 2640 1050 2670 ele.
1079 2646 1116 2681 p.
1143 2635 1254 2680 4sq.,·
1285 2634 1334 2668 ad
1364 2645 1393 2669 v.
1414 2635 1461 2667 52
1486 2632 1536 2677 cf.
1570 2632 1646 2668 Mil.
1673 2633 1748 2667 893

87 2688 191 2723 Truc.
217 2689 304 2729 383,
328 2688 377 2723 ad
399 2688 506 2724 Most.
535 2689 602 2723 691
718 2691 756 2723 51
778 2694 867 2734 post
888 2700 918 2723 v.
939 2690 987 2723 83
1013 2689 1184 2723 traditum
1209 2687 1276 2722 hoc
1302 2687 1380 2722 loco
1404 2688 1527 2732 posuit
1552 2686 1747 2721 Acz'dalius.

85 2752 224 2776 versum
249 2746 400 2777 testatur
425 2742 566 2777 Nonius
589 2742 668 2776 293
760 2745 801 2776 52
827 2748 862 2778 et
879 2742 948 2778 Izoc
972 2743 1050 2777 loco
1076 2747 1179 2777 extat
1203 2746 1238 2776 et
1261 2740 1433 2776 adhaeret
1456 2741 1576 2775 versui
1600 2741 1641 2774 51
1659 2746 1749 2786 post

86 2804 116 2828 v.
132 2795 180 2829 83
203 2794 266 2836 (ibi
287 2795 359 2834 iam
384 2795 472 2838 scio)
579 2798 621 2830 53
646 2795 854 2840 philenium‚
880 2801 920 2831 ut
944 2796 1074 2841 ubique
1188 2798 1232 2829 54
1255 2795 1394 2830 instans
1422 2793 1522 2828 ΒΨ*
1626 2796 1668 2828 56
1694 2796 1750 2829 est:

87 2847 135 2891 cf.
162 2846 258 2882 Trin.
287 2847 368 2889 763,
395 2847 471 2883 Ter.
498 2847 585 2883 Hec.
612 2848 698 2882 323.
725 2849 825 2889 357,·
850 2847 1010 2883 Baclcius
1035 2849 1055 2883 l.
1072 2858 1099 2882 s.
1117 2848 1184 2882 371
