2003 3199
64 76 135 112 prol.
152 77 235 105 1—20

714 829 1048 871 MERCVRIVS
1525 831 1713 884 prologus

373 919 420 958 Vt
449 932 517 959 vos
546 920 585 958 in
617 920 757 959 vostris
786 919 897 959 voltis
927 920 1192 960 mercimoniis

259 987 437 1027 emundis
466 988 760 1039 vendundisque
789 1000 852 1026 me
882 988 1024 1026 laetum
1057 988 1175 1028 lucris

259 1055 423 1094 adficere
454 1061 570 1106 atque
600 1055 778 1094 adiuvare
809 1056 848 1094 in
880 1055 998 1094 rebus
1029 1055 1211 1094 omnibus

258 1129 297 1162 et
326 1129 369 1162 ut
398 1135 460 1162 res
490 1124 740 1174 rationesque
770 1132 989 1162 vostrorum
1022 1124 1197 1162 omnium

257 1190 359 1230 bene
388 1188 497 1244 (me)
527 1191 709 1242 expedire
740 1191 850 1230 voltis
881 1191 1114 1242 peregrique
1146 1197 1183 1230 et
1214 1191 1317 1230 domi
1741 1199 1760 1229 5

257 1258 443 1309 bonoque
473 1265 589 1309 atque
620 1259 748 1310 amplo
780 1265 936 1297 auctare
967 1265 1157 1309 perpetuo
1189 1259 1298 1297 lucro

257 1338 430 1376 quasque
462 1326 664 1377 incepistis
694 1338 756 1365 res
787 1338 960 1376 quasque
992 1326 1253 1377 inceptabitis‚

257 1400 295 1432 et
325 1393 380 1432 uti
413 1393 526 1432 bonis
557 1406 623 1432 vos
654 1399 883 1444 vostrosque
915 1393 1042 1432 omnis
1073 1393 1221 1432 nuntiis

255 1473 318 1499 me
349 1460 513 1499 adficere
543 1461 667 1506 voltis,
700 1473 743 1499 ea
774 1461 957 1506 adferam,
990 1473 1031 1498 ea
1063 1461 1119 1499 uti
1152 1460 1330 1499 nuntiem

257 1540 355 1580 quae
385 1529 549 1567 maxime
581 1529 620 1567 in
653 1541 735 1567 rem
767 1535 932 1567 vostram
966 1540 1214 1567 communem
1245 1528 1346 1567 sient
1715 1535 1751 1567 10

256 1598 362 1647 (nam
392 1609 460 1636 vos
491 1596 646 1647 quidem
679 1596 714 1634 id
747 1597 820 1635 iam
853 1597 960 1636 scitis
991 1608 1223 1635 concessum
1255 1601 1292 1634 et
1322 1596 1450 1634 datum

255 1665 307 1703 mi
339 1677 423 1704 esse
454 1664 501 1703 ab
532 1664 590 1704 dis
620 1665 714 1709 aliis,
749 1664 895 1703 nuntiis
925 1664 1092 1715 praesim
1124 1670 1163 1703 et
1193 1664 1340 1712 lucro):

256 1732 351 1770 haec
381 1739 424 1771 ut
453 1744 515 1770 me
545 1732 657 1771 voltis
687 1732 905 1783 adprobare
936 1732 1113 1778 adnifier,

256 1796 423 1855 [lucrum
454 1806 498 1838 ut
528 1813 704 1851 perenne
735 1800 844 1839 vobis
874 1812 1030 1851 semper
1060 1796 1255 1853 suppetat]

256 1867 306 1906 ita
338 1868 428 1906 huie
460 1869 609 1907 facietis
640 1868 793 1907 fabulae
824 1868 1020 1907 silentium
1716 1873 1750 1904 15

254 1935 383 1986 itaque
414 1936 528 1987 aequi
560 1942 598 1975 et
627 1936 718 1975 iusti
747 1935 810 1974 hic
842 1936 948 1975 eritis
980 1947 1117 1974 omnes
1147 1935 1294 1973 arbitri.

367 2003 482 2042 Nunc
512 2003 622 2042 cuius
653 2003 760 2042 iussu
790 2004 904 2042 venio
936 2010 970 2042 et
1004 2015 1118 2053 quau]
1151 2002 1200 2041 ob
1233 2014 1314 2041 rem
1347 2002 1518 2041 venerim

255 2071 378 2110 dicam
409 2071 602 2122 simulque
633 2071 716 2122 ipse
748 2071 909 2122 eloquar
940 2084 1084 2109 nomen
1116 2082 1260 2110 meum.

253 2138 354 2177 Iovis
386 2138 493 2178 iussu
523 2138 651 2185 venio,
685 2150 829 2177 nomen
862 2138 1055 2177 Mercurio
1087 2144 1145 2177 est
1174 2137 1280 2176 mihi.

256 2212 367 2258 pater
397 2207 474 2244 huc
504 2219 566 2245 me
597 2206 702 2246 misit
733 2207 777 2244 ad
808 2219 876 2245 vos
906 2212 1056 2245 oratum
1091 2218 1213 2252 meus,
1717 2210 1752 2242 20

162 2335 381 2363 MERCURlUS
397 2327 506 2363 inser.
525 2327 596 2362 BD
686 2327 864 2373 proloqus
876 2327 925 2362 ad
937 2327 1052 2373 ipsam
1067 2326 1235 2372 fabulam
1245 2326 1438 2372 pertinens
1455 2330 1487 2360 et
1505 2325 1712 2366 Plautinus,

47 2384 112 2420 sed
133 2383 376 2430 amplificatus
393 2389 427 2418 et
444 2383 527 2418 aliis
543 2383 659 2418 modis
682 2388 889 2425 renovatus,
914 2388 952 2418 ut
969 2383 1132 2429 pristina
1148 2383 1272 2428 forma
1288 2382 1434 2417 restitui
1456 2384 1621 2426 nequeat.
1661 2382 1712 2427 cf.

49 2439 98 2474 ad
119 2451 151 2476 v.
179 2441 231 2474 14.
257 2442 299 2474 17
322 2451 389 2486 sq„
413 2441 458 2474 26
473 2451 527 2486 sq.
552 2441 597 2475 64
613 2451 666 2486 sq.
692 2441 748 2475 93.
773 2442 836 2474 161
853 2451 908 2486 sq.
936 2441 1000 2475 120
1015 2450 1070 2485 sq.
1090 2441 1152 2474 131
1165 2449 1221 2485 sq.
1361 2442 1379 2472 ὃ
1404 2438 1507 2483 <me>
1528 2437 1713 2473 Lomanus

48 2497 264 2538 necessario,
288 2507 368 2531 cum
392 2497 535 2533 verbum
559 2497 826 2531 intransitivum
851 2496 1028 2532 sententia
1052 2506 1125 2531 non
1149 2495 1318 2530 admittat
1412 2504 1630 2539 peregreque
1647 2494 1710 2537 B2‚

47 2552 97 2596 cf.
121 2553 190 2587 352
215 2552 312 2588 Triu.
335 2555 403 2588 596
432 2552 534 2590 Pers.
558 2554 627 2588 29⁰
743 2556 763 2588 9
787 2553 839 2588 uti
871 2553 921 2588 ad
952 2553 1096 2589 verbum
1126 2556 1318 2597 utrumque
1347 2552 1524 2597 pertinet,
1557 2551 1608 2596 cf.
1632 2552 1709 2586 842.

46 2606 155 2644 Most.
178 2610 246 2643 414
270 2608 379 2645 Poen.
404 2611 473 2644 912
497 2609 606 2656 Epid.
631 2611 698 2644 267
794 2613 834 2645 14
858 2620 982 2644 versus
1006 2609 1144 2644 lucrum
1161 2620 1233 2643 non
1258 2609 1404 2642 nuntios
1426 2611 1596 2653 spectans
1618 2607 1713 2641 male

45 2664 191 2700 additus
213 2665 250 2700 in
269 2666 345 2710 fine
368 2665 700 2711 comprehensionis
818 2669 949 2700 17—19
981 2665 1201 2700 recentiores
1231 2667 1315 2698 sunt
1339 2675 1447 2709 quam
1475 2664 1595 2704 1-16,
1621 2674 1709 2709 quo-

45 2731 125 2755 rum
155 2725 258 2757 tenor
289 2721 511 2757 Mercurium
539 2721 805 2769 spectatoribus
835 2725 958 2756 notum
989 2721 1156 2762 ostendit,
1180 2720 1401 2766 praesertim
1435 2733 1464 2754 υ.
1485 2722 1536 2753 11.
1563 2720 1626 2760 12;
1648 2719 1713 2754 sed

44 2774 112 2812 hoc
128 2776 260 2813 Plauto
278 2778 426 2814 atticum
444 2778 643 2825 proloqum
669 2778 820 2814 vertenti
844 2789 892 2813 an
917 2778 1149 2813 retractatori
1175 2776 1399 2812 tribuendum
1417 2777 1465 2811 sit
1482 2776 1619 2811 dubites

48 2834 86 2867 17
111 2834 270 2868 uenerim
294 2835 348 2880 of.
378 2835 535 2871 Brixius
557 2835 607 2870 acl
629 2834 706 2870 Mil.
724 2836 792 2870 518
889 2837 928 2870 19
953 2833 1119 2869 mercurii
1144 2834 1203 2875 (-ri
1227 2832 1273 2875 D)
