<?xml version="1.0" encoding="UTF-8"?>
<!DOCTYPE html PUBLIC "-//W3C//DTD XHTML 1.0 Transitional//EN"
    "http://www.w3.org/TR/xhtml1/DTD/xhtml1-transitional.dtd">
<html xmlns="http://www.w3.org/1999/xhtml" xml:lang="en" lang="en">
 <head>
  <title>
</title>
<meta http-equiv="Content-Type" content="text/html;charset=utf-8" />
  <meta name='ocr-system' content='tesseract 3.04.00' />
  <meta name='ocr-capabilities' content='ocr_page ocr_carea ocr_par ocr_line ocrx_word'/>
</head>
<body>
  <div class='ocr_page' id='page_1' title='image "./comoediaerecensu01plauuoft_0219.png"; bbox 0 0 1998 3179; ppageno 0'>
   <div class='ocr_carea' id='block_1_1' title="bbox 85 102 1736 139">
    <p class='ocr_par' dir='ltr' id='par_1_1' title="bbox 85 102 1736 139">
     <span class='ocr_line' id='line_1_1' title="bbox 85 102 1736 139; baseline 0.002 -5"><span class='ocrx_word' id='word_1_1' title='bbox 85 106 130 134; x_wconf 85' lang='lat'>111</span> <span class='ocrx_word' id='word_1_2' title='bbox 141 107 167 137; x_wconf 87' lang='lat'>5,</span> <span class='ocrx_word' id='word_1_3' title='bbox 187 105 288 133; x_wconf 72' lang='lat'>16-45</span> <span class='ocrx_word' id='word_1_4' title='bbox 818 102 1012 139; x_wconf 85' lang='lat' dir='ltr'><strong>CAPT1V1</strong></span> <span class='ocrx_word' id='word_1_5' title='bbox 1658 102 1736 139; x_wconf 83' lang='lat'>207</span> 
     </span>
    </p>
   </div>
   <div class='ocr_carea' id='block_1_2' title="bbox 80 218 1389 2217">
    <p class='ocr_par' dir='ltr' id='par_1_2' title="bbox 87 218 918 259">
     <span class='ocr_line' id='line_1_2' title="bbox 87 218 918 259; baseline -0.004 0"><span class='ocrx_word' id='word_1_6' title='bbox 87 220 137 259; x_wconf 89' lang='lat' dir='ltr'>ita</span> <span class='ocrx_word' id='word_1_7' title='bbox 169 219 221 258; x_wconf 90' lang='lat' dir='ltr'>mi</span> <span class='ocrx_word' id='word_1_8' title='bbox 252 219 427 258; x_wconf 82' lang='lat' dir='ltr'>exemisti</span> <span class='ocrx_word' id='word_1_9' title='bbox 456 218 715 258; x_wconf 82' lang='lat' dir='ltr'>Philocratem</span> <span class='ocrx_word' id='word_1_10' title='bbox 747 218 918 257; x_wconf 77' lang='lat' dir='ltr'>fallaciis.</span> 
     </span>
    </p>

    <p class='ocr_par' dir='ltr' id='par_1_3' title="bbox 89 285 967 333">
     <span class='ocr_line' id='line_1_3' title="bbox 89 285 967 333; baseline -0.002 -7"><span class='ocrx_word' id='word_1_11' title='bbox 89 287 195 326; x_wconf 90' lang='lat' dir='ltr'>illum</span> <span class='ocrx_word' id='word_1_12' title='bbox 225 299 310 326; x_wconf 90' lang='lat' dir='ltr'>esse</span> <span class='ocrx_word' id='word_1_13' title='bbox 340 299 491 326; x_wconf 88' lang='lat' dir='ltr'>servom</span> <span class='ocrx_word' id='word_1_14' title='bbox 522 285 679 333; x_wconf 89' lang='lat' dir='ltr'>credidi,</span> <span class='ocrx_word' id='word_1_15' title='bbox 712 292 747 324; x_wconf 91' lang='lat' dir='ltr'>te</span> <span class='ocrx_word' id='word_1_16' title='bbox 779 285 967 333; x_wconf 83' lang='lat' dir='ltr'>liberum3</span> 
     </span>
    </p>

    <p class='ocr_par' dir='ltr' id='par_1_4' title="bbox 87 353 853 404">
     <span class='ocr_line' id='line_1_4' title="bbox 87 353 853 404; baseline -0.001 -11"><span class='ocrx_word' id='word_1_17' title='bbox 87 354 139 393; x_wconf 89' lang='lat' dir='ltr'>ita</span> <span class='ocrx_word' id='word_1_18' title='bbox 169 359 315 393; x_wconf 85' lang='lat' dir='ltr'>vosmet</span> <span class='ocrx_word' id='word_1_19' title='bbox 346 354 505 392; x_wconf 81' lang='lat' dir='ltr'>aiebatis</span> <span class='ocrx_word' id='word_1_20' title='bbox 534 353 664 404; x_wconf 89' lang='lat' dir='ltr'>itaque</span> <span class='ocrx_word' id='word_1_21' title='bbox 694 353 853 392; x_wconf 90' lang='lat' dir='ltr'>nomina</span> 
     </span>
    </p>

    <p class='ocr_par' dir='ltr' id='par_1_5' title="bbox 88 419 1138 472">
     <span class='ocr_line' id='line_1_5' title="bbox 88 419 1138 472; baseline -0.002 -12"><span class='ocrx_word' id='word_1_22' title='bbox 88 421 191 460; x_wconf 88' lang='lat' dir='ltr'>inter</span> <span class='ocrx_word' id='word_1_23' title='bbox 219 433 287 460; x_wconf 86' lang='lat' dir='ltr'>vos</span> <span class='ocrx_word' id='word_1_24' title='bbox 316 421 578 472; x_wconf 75' lang='lat' dir='ltr'>pei-mutastis.</span> <span class='ocrx_word' id='word_1_25' title='bbox 637 421 774 459; x_wconf 70' lang='lat' dir='ltr'>Tmo.</span> <span class='ocrx_word' id='word_1_26' title='bbox 824 419 976 466; x_wconf 82' lang='lat' dir='ltr'><strong>Fateor,</strong></span> <span class='ocrx_word' id='word_1_27' title='bbox 1008 419 1138 458; x_wconf 89' lang='lat' dir='ltr'>omnia</span> 
     </span>
    </p>

    <p class='ocr_par' dir='ltr' id='par_1_6' title="bbox 86 485 969 541">
     <span class='ocr_line' id='line_1_6' title="bbox 86 485 969 541; baseline -0.003 -14"><span class='ocrx_word' id='word_1_28' title='bbox 86 488 187 527; x_wconf 85' lang='lat' dir='ltr'>facta</span> <span class='ocrx_word' id='word_1_29' title='bbox 221 501 304 528; x_wconf 88' lang='lat' dir='ltr'>esse</span> <span class='ocrx_word' id='word_1_30' title='bbox 334 488 382 526; x_wconf 90' lang='lat' dir='ltr'>ita</span> <span class='ocrx_word' id='word_1_31' title='bbox 415 494 459 526; x_wconf 89' lang='lat' dir='ltr'>ut</span> <span class='ocrx_word' id='word_1_32' title='bbox 487 485 574 541; x_wconf 76' lang='lat' dir='ltr'>(tu)</span> <span class='ocrx_word' id='word_1_33' title='bbox 603 486 711 534; x_wconf 86' lang='lat' dir='ltr'>dicis,</span> <span class='ocrx_word' id='word_1_34' title='bbox 743 493 781 525; x_wconf 91' lang='lat' dir='ltr'>et</span> <span class='ocrx_word' id='word_1_35' title='bbox 810 486 969 525; x_wconf 82' lang='lat' dir='ltr'>fallaciis</span> 
     </span>
    </p>

    <p class='ocr_par' dir='ltr' id='par_1_7' title="bbox 88 552 1112 605">
     <span class='ocr_line' id='line_1_7' title="bbox 88 552 1112 605; baseline -0.004 -11"><span class='ocrx_word' id='word_1_36' title='bbox 88 555 229 594; x_wconf 82' lang='lat' dir='ltr'>abiisse</span> <span class='ocrx_word' id='word_1_37' title='bbox 260 567 347 594; x_wconf 89' lang='lat' dir='ltr'>eum</span> <span class='ocrx_word' id='word_1_38' title='bbox 378 553 446 593; x_wconf 88' lang='lat' dir='ltr'>abs</span> <span class='ocrx_word' id='word_1_39' title='bbox 475 560 513 593; x_wconf 86' lang='lat' dir='ltr'>te</span> <span class='ocrx_word' id='word_1_40' title='bbox 542 566 627 592; x_wconf 85' lang='lat' dir='ltr'>mea</span> <span class='ocrx_word' id='word_1_41' title='bbox 659 565 775 605; x_wconf 90' lang='lat' dir='ltr'>opera</span> <span class='ocrx_word' id='word_1_42' title='bbox 807 558 922 603; x_wconf 88' lang='lat' dir='ltr'>atque</span> <span class='ocrx_word' id='word_1_43' title='bbox 953 552 1112 600; x_wconf 77' lang='lat' dir='ltr'>astutia3</span> 
     </span>
    </p>

    <p class='ocr_par' dir='ltr' id='par_1_8' title="bbox 87 618 1184 670">
     <span class='ocr_line' id='line_1_8' title="bbox 87 618 1184 670; baseline -0.004 -8"><span class='ocrx_word' id='word_1_44' title='bbox 87 635 149 670; x_wconf 89' lang='lat' dir='ltr'>an,</span> <span class='ocrx_word' id='word_1_45' title='bbox 183 622 345 662; x_wconf 86' lang='lat' dir='ltr'>obsecro</span> <span class='ocrx_word' id='word_1_46' title='bbox 376 621 506 660; x_wconf 87' lang='lat' dir='ltr'>hercle</span> <span class='ocrx_word' id='word_1_47' title='bbox 535 627 586 667; x_wconf 89' lang='lat' dir='ltr'>te,</span> <span class='ocrx_word' id='word_1_48' title='bbox 617 620 654 658; x_wconf 88' lang='lat' dir='ltr'>id</span> <span class='ocrx_word' id='word_1_49' title='bbox 686 632 793 658; x_wconf 89' lang='lat' dir='ltr'>nunc</span> <span class='ocrx_word' id='word_1_50' title='bbox 823 632 1029 659; x_wconf 88' lang='lat' dir='ltr'>suscenses</span> <span class='ocrx_word' id='word_1_51' title='bbox 1060 618 1184 658; x_wconf 83' lang='lat' dir='ltr'>mihi?</span> 
     </span>
    </p>

    <p class='ocr_par' dir='ltr' id='par_1_9' title="bbox 85 686 1359 873">
     <span class='ocr_line' id='line_1_9' title="bbox 87 686 1222 730; baseline -0.004 -1"><span class='ocrx_word' id='word_1_52' title='bbox 87 690 201 730; x_wconf 72' lang='lat' dir='ltr'>Hm.</span> <span class='ocrx_word' id='word_1_53' title='bbox 251 690 300 728; x_wconf 83' lang='lat' dir='ltr'>At</span> <span class='ocrx_word' id='word_1_54' title='bbox 329 701 417 727; x_wconf 88' lang='lat' dir='ltr'>cum</span> <span class='ocrx_word' id='word_1_55' title='bbox 449 687 623 726; x_wconf 84' lang='lat' dir='ltr'>cruciatu</span> <span class='ocrx_word' id='word_1_56' title='bbox 652 698 834 725; x_wconf 81' lang='lat' dir='ltr'>maxumo</span> <span class='ocrx_word' id='word_1_57' title='bbox 864 686 901 725; x_wconf 94' lang='lat' dir='ltr'>id</span> <span class='ocrx_word' id='word_1_58' title='bbox 933 687 1113 725; x_wconf 78' lang='lat' dir='ltr'>factumst</span> <span class='ocrx_word' id='word_1_59' title='bbox 1141 692 1222 725; x_wconf 91' lang='lat' dir='ltr'>tuo.</span> 
     </span>
     <span class='ocr_line' id='line_1_10' title="bbox 85 753 1359 808; baseline -0.003 -12"><span class='ocrx_word' id='word_1_60' title='bbox 85 757 222 796; x_wconf 64' lang='lat' dir='ltr'>T-sxn.</span> <span class='ocrx_word' id='word_1_61' title='bbox 272 755 372 795; x_wconf 90' lang='lat' dir='ltr'>Dum</span> <span class='ocrx_word' id='word_1_62' title='bbox 404 767 453 793; x_wconf 90' lang='lat' dir='ltr'>ne</span> <span class='ocrx_word' id='word_1_63' title='bbox 484 753 534 792; x_wconf 92' lang='lat' dir='ltr'>ob</span> <span class='ocrx_word' id='word_1_64' title='bbox 564 753 662 792; x_wconf 82' lang='lat' dir='ltr'>male</span> <span class='ocrx_word' id='word_1_65' title='bbox 693 753 822 808; x_wconf 42' lang='lat' dir='ltr'>facta&gt;</span> <span class='ocrx_word' id='word_1_66' title='bbox 835 765 1005 804; x_wconf 82' lang='lat' dir='ltr'>peream,</span> <span class='ocrx_word' id='word_1_67' title='bbox 1036 754 1142 805; x_wconf 77' lang='lat' dir='ltr'>parvi</span> <span class='ocrx_word' id='word_1_68' title='bbox 1173 759 1359 793; x_wconf 83' lang='lat' dir='ltr'>aestumc.</span> 
     </span>
     <span class='ocr_line' id='line_1_11' title="bbox 85 820 1126 873; baseline -0.003 -11"><span class='ocrx_word' id='word_1_69' title='bbox 85 824 116 863; x_wconf 89' lang='lat' dir='ltr'>si</span> <span class='ocrx_word' id='word_1_70' title='bbox 147 835 220 873; x_wconf 86' lang='lat' dir='ltr'>ego</span> <span class='ocrx_word' id='word_1_71' title='bbox 249 822 313 861; x_wconf 83' lang='lat' dir='ltr'>hic</span> <span class='ocrx_word' id='word_1_72' title='bbox 343 821 493 873; x_wconf 83' lang='lat' dir='ltr'>peribo,</span> <span class='ocrx_word' id='word_1_73' title='bbox 524 828 582 860; x_wconf 91' lang='lat' dir='ltr'>ast</span> <span class='ocrx_word' id='word_1_74' title='bbox 611 820 675 859; x_wconf 90' lang='lat' dir='ltr'>ille</span> <span class='ocrx_word' id='word_1_75' title='bbox 704 827 748 859; x_wconf 88' lang='lat' dir='ltr'>ut</span> <span class='ocrx_word' id='word_1_76' title='bbox 777 821 872 859; x_wconf 80' lang='lat' dir='ltr'>dixit</span> <span class='ocrx_word' id='word_1_77' title='bbox 903 833 982 859; x_wconf 92' lang='lat' dir='ltr'>non</span> <span class='ocrx_word' id='word_1_78' title='bbox 1016 821 1126 868; x_wconf 91' lang='lat' dir='ltr'>redit,</span> 
     </span>
    </p>

    <p class='ocr_par' dir='ltr' id='par_1_10' title="bbox 84 887 1066 935">
     <span class='ocr_line' id='line_1_12' title="bbox 84 887 1066 935; baseline -0.003 -6"><span class='ocrx_word' id='word_1_79' title='bbox 84 896 122 929; x_wconf 85' lang='lat' dir='ltr'>at</span> <span class='ocrx_word' id='word_1_80' title='bbox 152 890 225 928; x_wconf 88' lang='lat' dir='ltr'>erit</span> <span class='ocrx_word' id='word_1_81' title='bbox 252 889 304 928; x_wconf 89' lang='lat' dir='ltr'>mi</span> <span class='ocrx_word' id='word_1_82' title='bbox 336 890 410 928; x_wconf 83' lang='lat' dir='ltr'>hoc</span> <span class='ocrx_word' id='word_1_83' title='bbox 440 889 583 927; x_wconf 87' lang='lat' dir='ltr'>factum</span> <span class='ocrx_word' id='word_1_84' title='bbox 614 893 770 926; x_wconf 90' lang='lat' dir='ltr'>mortuo</span> <span class='ocrx_word' id='word_1_85' title='bbox 801 887 1066 935; x_wconf 84' lang='lat' dir='ltr'>memorabile,</span> 
     </span>
    </p>

    <p class='ocr_par' dir='ltr' id='par_1_11' title="bbox 83 954 1329 1143">
     <span class='ocr_line' id='line_1_13' title="bbox 83 954 1329 1011; baseline -0.002 -15"><span class='ocrx_word' id='word_1_86' title='bbox 83 955 190 1011; x_wconf 78' lang='lat' dir='ltr'>(me)</span> <span class='ocrx_word' id='word_1_87' title='bbox 219 968 348 995; x_wconf 89' lang='lat' dir='ltr'>meum</span> <span class='ocrx_word' id='word_1_88' title='bbox 381 967 489 994; x_wconf 89' lang='lat' dir='ltr'>erum</span> <span class='ocrx_word' id='word_1_89' title='bbox 522 961 677 1006; x_wconf 89' lang='lat' dir='ltr'>captum</span> <span class='ocrx_word' id='word_1_90' title='bbox 708 967 754 993; x_wconf 86' lang='lat' dir='ltr'>ex</span> <span class='ocrx_word' id='word_1_91' title='bbox 784 955 968 994; x_wconf 84' lang='lat' dir='ltr'>servitute</span> <span class='ocrx_word' id='word_1_92' title='bbox 1000 961 1114 1006; x_wconf 89' lang='lat' dir='ltr'>atque</span> <span class='ocrx_word' id='word_1_93' title='bbox 1150 954 1329 993; x_wconf 85' lang='lat' dir='ltr'>hostibus</span> 
     </span>
     <span class='ocr_line' id='line_1_14' title="bbox 84 1021 1166 1073; baseline -0.003 -10"><span class='ocrx_word' id='word_1_94' title='bbox 84 1025 266 1063; x_wconf 85' lang='lat' dir='ltr'>reducem</span> <span class='ocrx_word' id='word_1_95' title='bbox 297 1023 434 1062; x_wconf 86' lang='lat' dir='ltr'>fecisse</span> <span class='ocrx_word' id='word_1_96' title='bbox 463 1022 630 1061; x_wconf 89' lang='lat' dir='ltr'>liberum</span> <span class='ocrx_word' id='word_1_97' title='bbox 660 1021 700 1060; x_wconf 90' lang='lat' dir='ltr'>in</span> <span class='ocrx_word' id='word_1_98' title='bbox 732 1022 896 1073; x_wconf 87' lang='lat' dir='ltr'>patriam</span> <span class='ocrx_word' id='word_1_99' title='bbox 927 1022 973 1060; x_wconf 90' lang='lat' dir='ltr'>ad</span> <span class='ocrx_word' id='word_1_100' title='bbox 1004 1028 1166 1073; x_wconf 87' lang='lat' dir='ltr'>patrem,</span> 
     </span>
     <span class='ocr_line' id='line_1_15' title="bbox 84 1089 895 1143; baseline -0.005 -12"><span class='ocrx_word' id='word_1_101' title='bbox 84 1103 292 1142; x_wconf 89' lang='lat' dir='ltr'>meumque</span> <span class='ocrx_word' id='word_1_102' title='bbox 321 1090 451 1143; x_wconf 83' lang='lat' dir='ltr'>potius</span> <span class='ocrx_word' id='word_1_103' title='bbox 481 1103 544 1129; x_wconf 87' lang='lat' dir='ltr'>me</span> <span class='ocrx_word' id='word_1_104' title='bbox 575 1095 692 1141; x_wconf 86' lang='lat' dir='ltr'>caput</span> <span class='ocrx_word' id='word_1_105' title='bbox 721 1089 895 1140; x_wconf 87' lang='lat' dir='ltr'>periculo</span> 
     </span>
    </p>

    <p class='ocr_par' dir='ltr' id='par_1_12' title="bbox 83 1157 977 1210">
     <span class='ocr_line' id='line_1_16' title="bbox 83 1157 977 1210; baseline -0.002 -13"><span class='ocrx_word' id='word_1_106' title='bbox 83 1158 385 1210; x_wconf 83' lang='lat' dir='ltr'>praeoptavisse,</span> <span class='ocrx_word' id='word_1_107' title='bbox 418 1169 535 1208; x_wconf 90' lang='lat' dir='ltr'>quam</span> <span class='ocrx_word' id='word_1_108' title='bbox 566 1157 597 1196; x_wconf 91' lang='lat' dir='ltr'>is</span> <span class='ocrx_word' id='word_1_109' title='bbox 626 1157 784 1208; x_wconf 85' lang='lat' dir='ltr'>periret,</span> <span class='ocrx_word' id='word_1_110' title='bbox 815 1169 977 1208; x_wconf 91' lang='lat' dir='ltr'>ponere.</span> 
     </span>
    </p>

    <p class='ocr_par' dir='ltr' id='par_1_13' title="bbox 83 1224 1150 1276">
     <span class='ocr_line' id='line_1_17' title="bbox 83 1224 1150 1276; baseline -0.002 -11"><span class='ocrx_word' id='word_1_111' title='bbox 83 1225 197 1265; x_wconf 63' lang='grc' dir='ltr'><strong>ΗΕΘ.</strong></span> <span class='ocrx_word' id='word_1_112' title='bbox 247 1225 380 1264; x_wconf 84' lang='lat' dir='ltr'>Facito</span> <span class='ocrx_word' id='word_1_113' title='bbox 413 1237 506 1275; x_wconf 84' lang='lat' dir='ltr'>ergo</span> <span class='ocrx_word' id='word_1_114' title='bbox 537 1230 579 1263; x_wconf 92' lang='lat' dir='ltr'>ut</span> <span class='ocrx_word' id='word_1_115' title='bbox 610 1224 825 1263; x_wconf 88' lang='lat' dir='ltr'>Acherunti</span> <span class='ocrx_word' id='word_1_116' title='bbox 857 1224 986 1263; x_wconf 88' lang='lat' dir='ltr'>clueas</span> <span class='ocrx_word' id='word_1_117' title='bbox 1017 1224 1150 1276; x_wconf 86' lang='lat' dir='ltr'>gloria.</span> 
     </span>
    </p>

    <p class='ocr_par' dir='ltr' id='par_1_14' title="bbox 82 1291 1189 1343">
     <span class='ocr_line' id='line_1_18' title="bbox 82 1291 1189 1343; baseline -0.001 -11"><span class='ocrx_word' id='word_1_118' title='bbox 82 1293 219 1333; x_wconf 68' lang='lat' dir='ltr'>TYXD.</span> <span class='ocrx_word' id='word_1_119' title='bbox 269 1291 343 1338; x_wconf 88' lang='lat' dir='ltr'>Qui</span> <span class='ocrx_word' id='word_1_120' title='bbox 375 1304 448 1343; x_wconf 87' lang='lat' dir='ltr'>per</span> <span class='ocrx_word' id='word_1_121' title='bbox 475 1291 672 1339; x_wconf 87' lang='lat' dir='ltr'>virtutem,</span> <span class='ocrx_word' id='word_1_122' title='bbox 704 1292 831 1342; x_wconf 86' lang='lat' dir='ltr'>periit,</span> <span class='ocrx_word' id='word_1_123' title='bbox 863 1298 901 1330; x_wconf 88' lang='lat' dir='ltr'>at</span> <span class='ocrx_word' id='word_1_124' title='bbox 931 1305 1012 1330; x_wconf 90' lang='lat' dir='ltr'>non</span> <span class='ocrx_word' id='word_1_125' title='bbox 1044 1292 1189 1331; x_wconf 88' lang='lat' dir='ltr'>interit.</span> 
     </span>
    </p>

    <p class='ocr_par' dir='ltr' id='par_1_15' title="bbox 82 1358 1280 1478">
     <span class='ocr_line' id='line_1_19' title="bbox 82 1358 1280 1410; baseline 0 -11"><span class='ocrx_word' id='word_1_126' title='bbox 82 1360 197 1399; x_wconf 73' lang='lat' dir='ltr'>Hm.</span> <span class='ocrx_word' id='word_1_127' title='bbox 248 1359 413 1405; x_wconf 90' lang='lat' dir='ltr'>Quando</span> <span class='ocrx_word' id='word_1_128' title='bbox 444 1371 515 1410; x_wconf 84' lang='lat' dir='ltr'>ego</span> <span class='ocrx_word' id='word_1_129' title='bbox 547 1365 584 1397; x_wconf 93' lang='lat' dir='ltr'>te</span> <span class='ocrx_word' id='word_1_130' title='bbox 615 1359 802 1410; x_wconf 87' lang='lat' dir='ltr'>exemplis</span> <span class='ocrx_word' id='word_1_131' title='bbox 832 1358 1025 1410; x_wconf 87' lang='lat' dir='ltr'>pessumis</span> <span class='ocrx_word' id='word_1_132' title='bbox 1056 1360 1280 1399; x_wconf 84' lang='lat' dir='ltr'>cruciavero</span> 
     </span>
     <span class='ocr_line' id='line_1_20' title="bbox 82 1425 968 1478; baseline 0 -13"><span class='ocrx_word' id='word_1_133' title='bbox 82 1433 198 1478; x_wconf 90' lang='lat' dir='ltr'>atque</span> <span class='ocrx_word' id='word_1_134' title='bbox 229 1426 279 1465; x_wconf 91' lang='lat' dir='ltr'>ob</span> <span class='ocrx_word' id='word_1_135' title='bbox 309 1426 453 1466; x_wconf 88' lang='lat' dir='ltr'>sutelas</span> <span class='ocrx_word' id='word_1_136' title='bbox 483 1432 568 1465; x_wconf 90' lang='lat' dir='ltr'>tuas</span> <span class='ocrx_word' id='word_1_137' title='bbox 598 1431 635 1463; x_wconf 86' lang='lat' dir='ltr'>te</span> <span class='ocrx_word' id='word_1_138' title='bbox 665 1425 782 1464; x_wconf 91' lang='lat' dir='ltr'>morti</span> <span class='ocrx_word' id='word_1_139' title='bbox 813 1426 968 1474; x_wconf 88' lang='lat' dir='ltr'>misero,</span> 
     </span>
    </p>

    <p class='ocr_par' dir='ltr' id='par_1_16' title="bbox 81 1492 994 1543">
     <span class='ocr_line' id='line_1_21' title="bbox 81 1492 994 1543; baseline -0.001 -11"><span class='ocrx_word' id='word_1_140' title='bbox 81 1493 141 1532; x_wconf 85' lang='lat' dir='ltr'>vel</span> <span class='ocrx_word' id='word_1_141' title='bbox 169 1501 208 1533; x_wconf 87' lang='lat' dir='ltr'>te</span> <span class='ocrx_word' id='word_1_142' title='bbox 237 1493 433 1532; x_wconf 84' lang='lat' dir='ltr'>interiisse</span> <span class='ocrx_word' id='word_1_143' title='bbox 462 1492 521 1532; x_wconf 88' lang='lat' dir='ltr'>vel</span> <span class='ocrx_word' id='word_1_144' title='bbox 551 1492 713 1543; x_wconf 86' lang='lat' dir='ltr'>periisse</span> <span class='ocrx_word' id='word_1_145' title='bbox 745 1493 994 1543; x_wconf 88' lang='lat' dir='ltr'>praedicent;</span> 
     </span>
    </p>

    <p class='ocr_par' dir='ltr' id='par_1_17' title="bbox 83 1559 1045 1612">
     <span class='ocr_line' id='line_1_22' title="bbox 83 1559 1045 1612; baseline 0 -13"><span class='ocrx_word' id='word_1_146' title='bbox 83 1560 173 1600; x_wconf 90' lang='lat' dir='ltr'>dum</span> <span class='ocrx_word' id='word_1_147' title='bbox 204 1573 354 1612; x_wconf 86' lang='lat' dir='ltr'>pereas,</span> <span class='ocrx_word' id='word_1_148' title='bbox 388 1559 483 1598; x_wconf 89' lang='lat' dir='ltr'>nihil</span> <span class='ocrx_word' id='word_1_149' title='bbox 514 1559 712 1598; x_wconf 87' lang='lat' dir='ltr'>intererit:</span> <span class='ocrx_word' id='word_1_150' title='bbox 745 1559 876 1599; x_wconf 84' lang='lat' dir='ltr'>dicant</span> <span class='ocrx_word' id='word_1_151' title='bbox 905 1561 1045 1599; x_wconf 88' lang='lat' dir='ltr'>vivere.</span> 
     </span>
    </p>

    <p class='ocr_par' dir='ltr' id='par_1_18' title="bbox 81 1627 1254 1679">
     <span class='ocr_line' id='line_1_23' title="bbox 81 1627 1254 1679; baseline 0 -12"><span class='ocrx_word' id='word_1_152' title='bbox 81 1628 218 1668; x_wconf 70' lang='lat' dir='ltr'>TYND.</span> <span class='ocrx_word' id='word_1_153' title='bbox 267 1627 337 1666; x_wconf 93' lang='lat' dir='ltr'>Pol</span> <span class='ocrx_word' id='word_1_154' title='bbox 367 1627 397 1666; x_wconf 90' lang='lat' dir='ltr'>si</span> <span class='ocrx_word' id='word_1_155' title='bbox 427 1627 528 1666; x_wconf 89' lang='lat' dir='ltr'>istuc</span> <span class='ocrx_word' id='word_1_156' title='bbox 558 1627 666 1674; x_wconf 84' lang='lat' dir='ltr'>saxis,</span> <span class='ocrx_word' id='word_1_157' title='bbox 696 1627 799 1665; x_wconf 89' lang='lat' dir='ltr'>haud</span> <span class='ocrx_word' id='word_1_158' title='bbox 830 1627 915 1666; x_wconf 91' lang='lat' dir='ltr'>sine</span> <span class='ocrx_word' id='word_1_159' title='bbox 945 1639 1072 1679; x_wconf 88' lang='lat' dir='ltr'>poena</span> <span class='ocrx_word' id='word_1_160' title='bbox 1102 1627 1254 1675; x_wconf 85' lang='lat' dir='ltr'>seceris,</span> 
     </span>
    </p>

    <p class='ocr_par' dir='ltr' id='par_1_19' title="bbox 82 1694 980 1741">
     <span class='ocr_line' id='line_1_24' title="bbox 82 1694 980 1741; baseline -0.001 -7"><span class='ocrx_word' id='word_1_161' title='bbox 82 1694 113 1734; x_wconf 90' lang='lat' dir='ltr'>si</span> <span class='ocrx_word' id='word_1_162' title='bbox 143 1695 206 1734; x_wconf 89' lang='lat' dir='ltr'>ille</span> <span class='ocrx_word' id='word_1_163' title='bbox 236 1695 313 1734; x_wconf 88' lang='lat' dir='ltr'>huc</span> <span class='ocrx_word' id='word_1_164' title='bbox 343 1694 498 1741; x_wconf 86' lang='lat' dir='ltr'>rebitet,</span> <span class='ocrx_word' id='word_1_165' title='bbox 528 1694 629 1733; x_wconf 88' lang='lat' dir='ltr'>sicut</span> <span class='ocrx_word' id='word_1_166' title='bbox 659 1694 814 1733; x_wconf 88' lang='lat' dir='ltr'>confido</span> <span class='ocrx_word' id='word_1_167' title='bbox 847 1695 980 1733; x_wconf 81' lang='lat' dir='ltr'>affore.</span> 
     </span>
    </p>

    <p class='ocr_par' dir='ltr' id='par_1_20' title="bbox 81 1761 1351 1880">
     <span class='ocr_line' id='line_1_25' title="bbox 81 1761 1351 1812; baseline 0 -11"><span class='ocrx_word' id='word_1_168' title='bbox 81 1762 224 1802; x_wconf 79' lang='lat' dir='ltr'><strong>ARIST.</strong></span> <span class='ocrx_word' id='word_1_169' title='bbox 274 1762 349 1800; x_wconf 91' lang='lat' dir='ltr'>Pro</span> <span class='ocrx_word' id='word_1_170' title='bbox 380 1761 417 1800; x_wconf 92' lang='lat' dir='ltr'>di</span> <span class='ocrx_word' id='word_1_171' title='bbox 447 1761 698 1809; x_wconf 89' lang='lat' dir='ltr'>immortales,</span> <span class='ocrx_word' id='word_1_172' title='bbox 732 1774 838 1801; x_wconf 85' lang='lat' dir='ltr'>nunc</span> <span class='ocrx_word' id='word_1_173' title='bbox 869 1774 940 1812; x_wconf 87' lang='lat' dir='ltr'>ego</span> <span class='ocrx_word' id='word_1_174' title='bbox 971 1768 1101 1809; x_wconf 89' lang='lat' dir='ltr'>teneo,</span> <span class='ocrx_word' id='word_1_175' title='bbox 1133 1774 1240 1801; x_wconf 89' lang='lat' dir='ltr'>nunc</span> <span class='ocrx_word' id='word_1_176' title='bbox 1271 1762 1351 1802; x_wconf 83' lang='lat' dir='ltr'>seio</span> 
     </span>
     <span class='ocr_line' id='line_1_26' title="bbox 83 1828 1134 1880; baseline 0 -12"><span class='ocrx_word' id='word_1_177' title='bbox 83 1829 174 1880; x_wconf 90' lang='lat' dir='ltr'>quid</span> <span class='ocrx_word' id='word_1_178' title='bbox 203 1829 278 1868; x_wconf 91' lang='lat' dir='ltr'>hoc</span> <span class='ocrx_word' id='word_1_179' title='bbox 308 1831 357 1868; x_wconf 90' lang='lat' dir='ltr'>sit</span> <span class='ocrx_word' id='word_1_180' title='bbox 389 1829 534 1880; x_wconf 83' lang='lat' dir='ltr'>negoti.</span> <span class='ocrx_word' id='word_1_181' title='bbox 579 1841 691 1868; x_wconf 90' lang='lat' dir='ltr'>meus</span> <span class='ocrx_word' id='word_1_182' title='bbox 721 1828 863 1869; x_wconf 87' lang='lat' dir='ltr'>sodalis</span> <span class='ocrx_word' id='word_1_183' title='bbox 895 1829 1134 1869; x_wconf 88' lang='lat' dir='ltr'>Philocrates</span> 
     </span>
    </p>

    <p class='ocr_par' dir='ltr' id='par_1_21' title="bbox 81 1896 1161 1948">
     <span class='ocr_line' id='line_1_27' title="bbox 81 1896 1161 1948; baseline 0.001 -13"><span class='ocrx_word' id='word_1_184' title='bbox 81 1896 121 1935; x_wconf 90' lang='lat' dir='ltr'>in</span> <span class='ocrx_word' id='word_1_185' title='bbox 153 1896 330 1936; x_wconf 88' lang='lat' dir='ltr'>libertate</span> <span class='ocrx_word' id='word_1_186' title='bbox 360 1902 416 1936; x_wconf 86' lang='lat' dir='ltr'>est</span> <span class='ocrx_word' id='word_1_187' title='bbox 445 1897 489 1935; x_wconf 91' lang='lat' dir='ltr'>ad</span> <span class='ocrx_word' id='word_1_188' title='bbox 521 1903 672 1948; x_wconf 89' lang='lat' dir='ltr'>patrem</span> <span class='ocrx_word' id='word_1_189' title='bbox 703 1897 740 1935; x_wconf 92' lang='lat' dir='ltr'>in</span> <span class='ocrx_word' id='word_1_190' title='bbox 773 1898 909 1948; x_wconf 89' lang='lat' dir='ltr'>patria.</span> <span class='ocrx_word' id='word_1_191' title='bbox 958 1896 1061 1936; x_wconf 90' lang='lat' dir='ltr'>bene</span> <span class='ocrx_word' id='word_1_192' title='bbox 1091 1903 1161 1944; x_wconf 83' lang='lat' dir='ltr'>est,</span> 
     </span>
    </p>

    <p class='ocr_par' dir='ltr' id='par_1_22' title="bbox 83 1964 1191 2015">
     <span class='ocr_line' id='line_1_28' title="bbox 83 1964 1191 2015; baseline 0 -13"><span class='ocrx_word' id='word_1_193' title='bbox 83 1976 156 2002; x_wconf 86' lang='lat' dir='ltr'>nec</span> <span class='ocrx_word' id='word_1_194' title='bbox 187 1964 393 2015; x_wconf 86' lang='lat' dir='ltr'>quisquam</span> <span class='ocrx_word' id='word_1_195' title='bbox 424 1969 482 2003; x_wconf 84' lang='lat' dir='ltr'>est</span> <span class='ocrx_word' id='word_1_196' title='bbox 511 1964 619 2011; x_wconf 88' lang='lat' dir='ltr'>mihi,</span> <span class='ocrx_word' id='word_1_197' title='bbox 650 1976 772 2015; x_wconf 88' lang='lat' dir='ltr'>aeque</span> <span class='ocrx_word' id='word_1_198' title='bbox 801 1965 940 2003; x_wconf 88' lang='lat' dir='ltr'>melius</span> <span class='ocrx_word' id='word_1_199' title='bbox 971 1965 1033 2003; x_wconf 89' lang='lat' dir='ltr'>cui</span> <span class='ocrx_word' id='word_1_200' title='bbox 1066 1964 1191 2003; x_wconf 85' lang='lat' dir='ltr'>velim.</span> 
     </span>
    </p>

    <p class='ocr_par' dir='ltr' id='par_1_23' title="bbox 81 2029 1389 2149">
     <span class='ocr_line' id='line_1_29' title="bbox 81 2029 1389 2082; baseline 0.001 -12"><span class='ocrx_word' id='word_1_201' title='bbox 81 2029 148 2070; x_wconf 87' lang='lat' dir='ltr'>sed</span> <span class='ocrx_word' id='word_1_202' title='bbox 178 2031 252 2070; x_wconf 91' lang='lat' dir='ltr'>hoc</span> <span class='ocrx_word' id='word_1_203' title='bbox 281 2031 373 2070; x_wconf 92' lang='lat' dir='ltr'>mihi</span> <span class='ocrx_word' id='word_1_204' title='bbox 405 2042 521 2082; x_wconf 85' lang='lat' dir='ltr'>aegre</span> <span class='ocrx_word' id='word_1_205' title='bbox 551 2037 620 2078; x_wconf 88' lang='lat' dir='ltr'>est,</span> <span class='ocrx_word' id='word_1_206' title='bbox 652 2043 713 2069; x_wconf 90' lang='lat' dir='ltr'>me</span> <span class='ocrx_word' id='word_1_207' title='bbox 743 2031 834 2070; x_wconf 92' lang='lat' dir='ltr'>huic</span> <span class='ocrx_word' id='word_1_208' title='bbox 865 2031 1015 2070; x_wconf 89' lang='lat' dir='ltr'>dedisse</span> <span class='ocrx_word' id='word_1_209' title='bbox 1046 2043 1207 2082; x_wconf 89' lang='lat' dir='ltr'>operam</span> <span class='ocrx_word' id='word_1_210' title='bbox 1237 2032 1389 2080; x_wconf 81' lang='lat' dir='ltr'>malam,</span> 
     </span>
     <span class='ocr_line' id='line_1_30' title="bbox 81 2097 1199 2149; baseline 0 -12"><span class='ocrx_word' id='word_1_211' title='bbox 81 2098 147 2148; x_wconf 90' lang='lat' dir='ltr'>qui</span> <span class='ocrx_word' id='word_1_212' title='bbox 178 2110 284 2137; x_wconf 90' lang='lat' dir='ltr'>nunc</span> <span class='ocrx_word' id='word_1_213' title='bbox 313 2104 478 2149; x_wconf 84' lang='lat' dir='ltr'>propter</span> <span class='ocrx_word' id='word_1_214' title='bbox 506 2110 569 2137; x_wconf 92' lang='lat' dir='ltr'>me</span> <span class='ocrx_word' id='word_1_215' title='bbox 599 2110 763 2148; x_wconf 89' lang='lat' dir='ltr'>meaque</span> <span class='ocrx_word' id='word_1_216' title='bbox 794 2097 910 2137; x_wconf 89' lang='lat' dir='ltr'>verba</span> <span class='ocrx_word' id='word_1_217' title='bbox 940 2098 1093 2137; x_wconf 89' lang='lat' dir='ltr'>vinctus</span> <span class='ocrx_word' id='word_1_218' title='bbox 1129 2104 1199 2138; x_wconf 89' lang='lat' dir='ltr'>est.</span> 
     </span>
    </p>

    <p class='ocr_par' dir='ltr' id='par_1_24' title="bbox 80 2163 1343 2217">
     <span class='ocr_line' id='line_1_31' title="bbox 80 2163 1343 2217; baseline 0.001 -14"><span class='ocrx_word' id='word_1_219' title='bbox 80 2163 194 2205; x_wconf 69' lang='lat' dir='ltr'>Hm.</span> <span class='ocrx_word' id='word_1_220' title='bbox 244 2165 387 2204; x_wconf 87' lang='lat' dir='ltr'>Votuin</span> <span class='ocrx_word' id='word_1_221' title='bbox 419 2171 458 2205; x_wconf 89' lang='lat' dir='ltr'>te</span> <span class='ocrx_word' id='word_1_222' title='bbox 489 2166 697 2216; x_wconf 87' lang='lat' dir='ltr'>quicquam</span> <span class='ocrx_word' id='word_1_223' title='bbox 729 2165 782 2204; x_wconf 92' lang='lat' dir='ltr'>mi</span> <span class='ocrx_word' id='word_1_224' title='bbox 813 2165 928 2204; x_wconf 89' lang='lat' dir='ltr'>hodie</span> <span class='ocrx_word' id='word_1_225' title='bbox 960 2166 1096 2205; x_wconf 83' lang='lat' dir='ltr'>falsum</span> <span class='ocrx_word' id='word_1_226' title='bbox 1128 2164 1343 2217; x_wconf 79' lang='lat' dir='ltr'>proloqui?</span> 
     </span>
    </p>
   </div>
   <div class='ocr_carea' id='block_1_3' title="bbox 79 2295 1742 2906">
    <p class='ocr_par' dir='ltr' id='par_1_25' title="bbox 79 2295 1742 2906">
     <span class='ocr_line' id='line_1_32' title="bbox 191 2295 1651 2342; baseline 0.001 -11"><span class='ocrx_word' id='word_1_227' title='bbox 191 2299 258 2331; x_wconf 88' lang='lat'>674</span> <span class='ocrx_word' id='word_1_228' title='bbox 286 2295 449 2332; x_wconf 82' lang='lat' dir='ltr'>exemisti</span> <span class='ocrx_word' id='word_1_229' title='bbox 473 2296 538 2330; x_wconf 79' lang='lat' dir='ltr'>B2:</span> <span class='ocrx_word' id='word_1_230' title='bbox 569 2298 605 2331; x_wconf 90' lang='lat' dir='ltr'>et</span> <span class='ocrx_word' id='word_1_231' title='bbox 634 2296 752 2331; x_wconf 80' lang='lat' dir='ltr'>emisti</span> <span class='ocrx_word' id='word_1_232' title='bbox 888 2298 953 2330; x_wconf 84' lang='lat'>675</span> <span class='ocrx_word' id='word_1_233' title='bbox 985 2296 1084 2331; x_wconf 84' lang='lat' dir='ltr'>credi</span> <span class='ocrx_word' id='word_1_234' title='bbox 1221 2299 1285 2332; x_wconf 86' lang='lat'>678</span> <span class='ocrx_word' id='word_1_235' title='bbox 1310 2297 1398 2342; x_wconf 80' lang='lat' dir='ltr'>(tu)</span> <span class='ocrx_word' id='word_1_236' title='bbox 1424 2297 1651 2334; x_wconf 65' lang='lat' dir='ltr'>Camerarius</span> 
     </span>
     <span class='ocr_line' id='line_1_33' title="bbox 81 2351 1742 2399; baseline 0.002 -13"><span class='ocrx_word' id='word_1_237' title='bbox 81 2353 146 2386; x_wconf 90' lang='lat'>679</span> <span class='ocrx_word' id='word_1_238' title='bbox 168 2352 287 2388; x_wconf 82' lang='lat' dir='ltr'>abisse</span> <span class='ocrx_word' id='word_1_239' title='bbox 379 2355 443 2387; x_wconf 84' lang='lat'>682</span> <span class='ocrx_word' id='word_1_240' title='bbox 461 2353 636 2388; x_wconf 79' lang='lat' dir='ltr'>existumo</span> <span class='ocrx_word' id='word_1_241' title='bbox 654 2351 821 2394; x_wconf 67' lang='lat' dir='ltr'>Baebius,</span> <span class='ocrx_word' id='word_1_242' title='bbox 846 2353 898 2397; x_wconf 79' lang='lat' dir='ltr'>cf.</span> <span class='ocrx_word' id='word_1_243' title='bbox 922 2351 1030 2388; x_wconf 86' lang='lat' dir='ltr'>Most.</span> <span class='ocrx_word' id='word_1_244' title='bbox 1061 2354 1105 2388; x_wconf 83' lang='lat'>76</span> <span class='ocrx_word' id='word_1_245' title='bbox 1129 2353 1218 2399; x_wconf 73' lang='lat' dir='ltr'>(frq.</span> <span class='ocrx_word' id='word_1_246' title='bbox 1244 2354 1312 2388; x_wconf 77' lang='lat' dir='ltr'>ino.</span> <span class='ocrx_word' id='word_1_247' title='bbox 1338 2365 1370 2390; x_wconf 82' lang='lat' dir='ltr'>v.</span> <span class='ocrx_word' id='word_1_248' title='bbox 1388 2355 1431 2388; x_wconf 83' lang='lat'>31</span> <span class='ocrx_word' id='word_1_249' title='bbox 1451 2354 1502 2397; x_wconf 90' lang='lat' dir='ltr'>G.)</span> <span class='ocrx_word' id='word_1_250' title='bbox 1595 2357 1660 2390; x_wconf 84' lang='grc'>683</span> <span class='ocrx_word' id='word_1_251' title='bbox 1684 2357 1742 2390; x_wconf 84' lang='lat' dir='ltr'>ast</span> 
     </span>
     <span class='ocr_line' id='line_1_34' title="bbox 80 2407 1649 2456; baseline 0.003 -14"><span class='ocrx_word' id='word_1_252' title='bbox 80 2418 129 2443; x_wconf 78' lang='lat' dir='ltr'>ex</span> <span class='ocrx_word' id='word_1_253' title='bbox 143 2418 210 2443; x_wconf 82' lang='lat' dir='ltr'>usu</span> <span class='ocrx_word' id='word_1_254' title='bbox 226 2407 370 2450; x_wconf 69' lang='lat' dir='ltr'>dictum,</span> <span class='ocrx_word' id='word_1_255' title='bbox 396 2412 478 2455; x_wconf 80' lang='lat' dir='ltr'>(pro</span> <span class='ocrx_word' id='word_1_256' title='bbox 496 2411 534 2444; x_wconf 84' lang='lat' dir='ltr'>at</span> <span class='ocrx_word' id='word_1_257' title='bbox 552 2408 584 2442; x_wconf 89' lang='lat' dir='ltr'><em>T</em></span> <span class='ocrx_word' id='word_1_258' title='bbox 580 2409 650 2443; x_wconf 72' lang='lat' dir='ltr'>rin.</span> <span class='ocrx_word' id='word_1_259' title='bbox 676 2409 730 2451; x_wconf 72' lang='lat'>74,</span> <span class='ocrx_word' id='word_1_260' title='bbox 755 2408 867 2444; x_wconf 80' lang='lat' dir='ltr'>Mero.</span> <span class='ocrx_word' id='word_1_261' title='bbox 885 2409 974 2450; x_wconf 76' lang='grc'>246,</span> <span class='ocrx_word' id='word_1_262' title='bbox 992 2409 1043 2454; x_wconf 81' lang='lat' dir='ltr'>cf.</span> <span class='ocrx_word' id='word_1_263' title='bbox 1060 2409 1248 2444; x_wconf 76' lang='lat' dir='ltr'>Jordanus</span> <span class='ocrx_word' id='word_1_264' title='bbox 1263 2409 1374 2456; x_wconf 72' lang='lat' dir='ltr'>symb.</span> <span class='ocrx_word' id='word_1_265' title='bbox 1393 2410 1471 2445; x_wconf 80' lang='lat' dir='ltr'>crit.</span> <span class='ocrx_word' id='word_1_266' title='bbox 1489 2412 1570 2446; x_wconf 88' lang='grc'>292</span> <span class='ocrx_word' id='word_1_267' title='bbox 1581 2413 1649 2456; x_wconf 77' lang='lat' dir='ltr'>sq.)</span> 
     </span>
     <span class='ocr_line' id='line_1_35' title="bbox 81 2464 1654 2511; baseline 0.001 -12"><span class='ocrx_word' id='word_1_268' title='bbox 81 2465 145 2499; x_wconf 87' lang='grc'>685</span> <span class='ocrx_word' id='word_1_269' title='bbox 167 2464 267 2509; x_wconf 86' lang='lat' dir='ltr'>(me)</span> <span class='ocrx_word' id='word_1_270' title='bbox 291 2464 460 2511; x_wconf 78' lang='lat' dir='ltr'>PyladeS,</span> <span class='ocrx_word' id='word_1_271' title='bbox 484 2465 673 2500; x_wconf 74' lang='lat' dir='ltr'>Bentleius</span> <span class='ocrx_word' id='word_1_272' title='bbox 788 2467 851 2500; x_wconf 86' lang='lat'>687</span> <span class='ocrx_word' id='word_1_273' title='bbox 877 2466 1013 2511; x_wconf 87' lang='lat' dir='ltr'>periclo</span> <span class='ocrx_word' id='word_1_274' title='bbox 1122 2468 1187 2501; x_wconf 87' lang='lat'>689</span> <span class='ocrx_word' id='word_1_275' title='bbox 1212 2467 1323 2502; x_wconf 85' lang='lat' dir='ltr'>dueas</span> <span class='ocrx_word' id='word_1_276' title='bbox 1348 2466 1411 2508; x_wconf 87' lang='lat' dir='ltr'>B¹,</span> <span class='ocrx_word' id='word_1_277' title='bbox 1437 2467 1550 2502; x_wconf 83' lang='lat' dir='ltr'>ducas</span> <span class='ocrx_word' id='word_1_278' title='bbox 1585 2466 1654 2501; x_wconf 85' lang='lat' dir='ltr'>VE</span> 
     </span>
     <span class='ocr_line' id='line_1_36' title="bbox 81 2520 1739 2568; baseline 0.002 -14"><span class='ocrx_word' id='word_1_279' title='bbox 81 2522 145 2554; x_wconf 87' lang='grc'>690</span> <span class='ocrx_word' id='word_1_280' title='bbox 167 2521 262 2566; x_wconf 85' lang='lat' dir='ltr'>perit.</span> <span class='ocrx_word' id='word_1_281' title='bbox 284 2524 322 2557; x_wconf 81' lang='lat' dir='ltr'>at</span> <span class='ocrx_word' id='word_1_282' title='bbox 346 2520 448 2556; x_wconf 81' lang='lat' dir='ltr'>Noni</span> <span class='ocrx_word' id='word_1_283' title='bbox 470 2522 548 2556; x_wconf 77' lang='grc'>422</span> <span class='ocrx_word' id='word_1_284' title='bbox 572 2521 708 2566; x_wconf 62' lang='grc' dir='ltr'>Ζτιριί.1</span> <span class='ocrx_word' id='word_1_285' title='bbox 731 2521 878 2557; x_wconf 83' lang='lat' dir='ltr'>Harl.¹.·</span> <span class='ocrx_word' id='word_1_286' title='bbox 908 2522 1044 2567; x_wconf 77' lang='lat' dir='ltr'>peritat,</span> <span class='ocrx_word' id='word_1_287' title='bbox 1067 2521 1195 2563; x_wconf 88' lang='lat' dir='ltr'>BVE&#39;,</span> <span class='ocrx_word' id='word_1_288' title='bbox 1225 2523 1321 2568; x_wconf 87' lang='lat' dir='ltr'>perit</span> <span class='ocrx_word' id='word_1_289' title='bbox 1353 2525 1417 2558; x_wconf 83' lang='lat' dir='ltr'>aut:</span> <span class='ocrx_word' id='word_1_290' title='bbox 1440 2522 1540 2557; x_wconf 85' lang='lat' dir='ltr'>Nom&#39;</span> <span class='ocrx_word' id='word_1_291' title='bbox 1560 2522 1658 2564; x_wconf 62' lang='lat' dir='ltr'>rell„</span> <span class='ocrx_word' id='word_1_292' title='bbox 1687 2522 1739 2567; x_wconf 81' lang='lat' dir='ltr'>cf.</span> 
     </span>
     <span class='ocr_line' id='line_1_37' title="bbox 79 2575 1739 2624; baseline 0.002 -13"><span class='ocrx_word' id='word_1_293' title='bbox 79 2575 250 2612; x_wconf 77' lang='lat' dir='ltr'>Reblinus</span> <span class='ocrx_word' id='word_1_294' title='bbox 272 2577 315 2612; x_wconf 79' lang='lat' dir='ltr'>de</span> <span class='ocrx_word' id='word_1_295' title='bbox 338 2577 442 2613; x_wconf 79' lang='lat' dir='ltr'>Noni</span> <span class='ocrx_word' id='word_1_296' title='bbox 463 2578 529 2613; x_wconf 81' lang='lat' dir='ltr'>loc.</span> <span class='ocrx_word' id='word_1_297' title='bbox 547 2577 604 2612; x_wconf 90' lang='lat' dir='ltr'>Pl.</span> <span class='ocrx_word' id='word_1_298' title='bbox 628 2579 686 2620; x_wconf 84' lang='lat'>59,</span> <span class='ocrx_word' id='word_1_299' title='bbox 712 2579 773 2624; x_wconf 74' lang='lat' dir='ltr'>qui</span> <span class='ocrx_word' id='word_1_300' title='bbox 797 2579 904 2613; x_wconf 75' lang='lat' dir='ltr'>etiam</span> <span class='ocrx_word' id='word_1_301' title='bbox 928 2579 972 2614; x_wconf 77' lang='lat' dir='ltr'>de</span> <span class='ocrx_word' id='word_1_302' title='bbox 996 2589 1025 2614; x_wconf 89' lang='lat' dir='ltr'>v.</span> <span class='ocrx_word' id='word_1_303' title='bbox 1046 2579 1123 2613; x_wconf 84' lang='grc'>682</span> <span class='ocrx_word' id='word_1_304' title='bbox 1145 2583 1241 2613; x_wconf 77' lang='lat' dir='ltr'>recte</span> <span class='ocrx_word' id='word_1_305' title='bbox 1264 2578 1449 2614; x_wconf 70' lang='lat' dir='ltr'>iudicavit.</span> <span class='ocrx_word' id='word_1_306' title='bbox 1489 2579 1618 2614; x_wconf 76' lang='lat' dir='ltr'>similis</span> <span class='ocrx_word' id='word_1_307' title='bbox 1641 2579 1739 2614; x_wconf 76' lang='lat' dir='ltr'>verbi</span> 
     </span>
     <span class='ocr_line' id='line_1_38' title="bbox 79 2632 1739 2680; baseline 0.003 -14"><span class='ocrx_word' id='word_1_308' title='bbox 79 2632 267 2668; x_wconf 80' lang='lat' dir='ltr'>collocatio</span> <span class='ocrx_word' id='word_1_309' title='bbox 296 2644 326 2669; x_wconf 87' lang='lat' dir='ltr'>v.</span> <span class='ocrx_word' id='word_1_310' title='bbox 347 2635 436 2675; x_wconf 86' lang='lat'>959,</span> <span class='ocrx_word' id='word_1_311' title='bbox 466 2634 548 2669; x_wconf 78' lang='lat' dir='ltr'><em>Aul.</em></span> <span class='ocrx_word' id='word_1_312' title='bbox 570 2636 725 2680; x_wconf 77' lang='lat' dir='ltr'>167sq.,</span> <span class='ocrx_word' id='word_1_313' title='bbox 756 2633 834 2669; x_wconf 72' lang='lat' dir='ltr'><em>Mil.</em></span> <span class='ocrx_word' id='word_1_314' title='bbox 855 2636 933 2670; x_wconf 81' lang='lat'>631.</span> <span class='ocrx_word' id='word_1_315' title='bbox 974 2635 1024 2680; x_wconf 82' lang='lat' dir='ltr'>cf.</span> <span class='ocrx_word' id='word_1_316' title='bbox 1051 2635 1101 2670; x_wconf 83' lang='lat' dir='ltr'>ad</span> <span class='ocrx_word' id='word_1_317' title='bbox 1124 2634 1283 2670; x_wconf 70' lang='lat' dir='ltr'>Hereum.</span> <span class='ocrx_word' id='word_1_318' title='bbox 1305 2635 1341 2677; x_wconf 73' lang='lat'>4,</span> <span class='ocrx_word' id='word_1_319' title='bbox 1368 2636 1417 2670; x_wconf 81' lang='lat'>57</span> <span class='ocrx_word' id='word_1_320' title='bbox 1436 2635 1595 2677; x_wconf 87' lang='lat' dir='ltr'>(Decius)</span> <span class='ocrx_word' id='word_1_321' title='bbox 1619 2635 1739 2672; x_wconf 76' lang='lat' dir='ltr'>amisit</span> 
     </span>
     <span class='ocr_line' id='line_1_39' title="bbox 79 2687 1740 2736; baseline 0.002 -13"><span class='ocrx_word' id='word_1_322' title='bbox 79 2687 201 2731; x_wconf 81' lang='lat' dir='ltr'>uitam,</span> <span class='ocrx_word' id='word_1_323' title='bbox 224 2692 264 2726; x_wconf 80' lang='lat' dir='ltr'>at</span> <span class='ocrx_word' id='word_1_324' title='bbox 284 2700 358 2725; x_wconf 87' lang='lat' dir='ltr'>non</span> <span class='ocrx_word' id='word_1_325' title='bbox 381 2691 540 2736; x_wconf 86' lang='lat' dir='ltr'>perdidit</span> <span class='ocrx_word' id='word_1_326' title='bbox 670 2694 731 2726; x_wconf 87' lang='lat'>691</span> <span class='ocrx_word' id='word_1_327' title='bbox 759 2692 1029 2735; x_wconf 84' lang='lat' dir='ltr'>excruciauero,</span> <span class='ocrx_word' id='word_1_328' title='bbox 1054 2702 1147 2726; x_wconf 79' lang='lat' dir='ltr'>corr.</span> <span class='ocrx_word' id='word_1_329' title='bbox 1174 2691 1331 2726; x_wconf 75' lang='lat' dir='ltr'>Bothc‘us</span> <span class='ocrx_word' id='word_1_330' title='bbox 1460 2694 1524 2726; x_wconf 90' lang='lat'>693</span> <span class='ocrx_word' id='word_1_331' title='bbox 1548 2691 1740 2736; x_wconf 86' lang='lat' dir='ltr'>predident</span> 
     </span>
     <span class='ocr_line' id='line_1_40' title="bbox 89 2743 1739 2792; baseline 0.004 -14"><span class='ocrx_word' id='word_1_332' title='bbox 89 2743 168 2778; x_wconf 86' lang='lat' dir='ltr'>VE¹</span> <span class='ocrx_word' id='word_1_333' title='bbox 296 2748 361 2780; x_wconf 84' lang='lat'>694</span> <span class='ocrx_word' id='word_1_334' title='bbox 383 2746 561 2782; x_wconf 87' lang='lat' dir='ltr'>interdico</span> <span class='ocrx_word' id='word_1_335' title='bbox 586 2747 721 2792; x_wconf 86' lang='lat' dir='ltr'>dicant,</span> <span class='ocrx_word' id='word_1_336' title='bbox 746 2749 896 2783; x_wconf 72' lang='lat' dir='ltr'>correxi</span> <span class='ocrx_word' id='word_1_337' title='bbox 1020 2750 1085 2782; x_wconf 90' lang='lat'>696</span> <span class='ocrx_word' id='word_1_338' title='bbox 1108 2748 1239 2782; x_wconf 85' lang='lat' dir='ltr'>rebitet</span> <span class='ocrx_word' id='word_1_339' title='bbox 1262 2748 1383 2782; x_wconf 76' lang='lat' dir='ltr'>nescio</span> <span class='ocrx_word' id='word_1_340' title='bbox 1410 2748 1506 2792; x_wconf 77' lang='lat' dir='ltr'>quis:</span> <span class='ocrx_word' id='word_1_341' title='bbox 1529 2748 1663 2784; x_wconf 85' lang='lat' dir='ltr'>redibit</span> <span class='ocrx_word' id='word_1_342' title='bbox 1686 2751 1739 2792; x_wconf 79' lang='lat' dir='ltr'>et3</span> 
     </span>
     <span class='ocr_line' id='line_1_41' title="bbox 79 2799 1650 2848; baseline 0.003 -15"><span class='ocrx_word' id='word_1_343' title='bbox 79 2799 130 2843; x_wconf 80' lang='lat' dir='ltr'>cf.</span> <span class='ocrx_word' id='word_1_344' title='bbox 158 2801 230 2835; x_wconf 77' lang='lat'>747</span> <span class='ocrx_word' id='word_1_345' title='bbox 329 2801 468 2846; x_wconf 84' lang='lat' dir='ltr'>afforet,</span> <span class='ocrx_word' id='word_1_346' title='bbox 493 2813 587 2838; x_wconf 84' lang='lat' dir='ltr'>corr.</span> <span class='ocrx_word' id='word_1_347' title='bbox 614 2803 703 2839; x_wconf 75' lang='lat' dir='ltr'>Pius</span> <span class='ocrx_word' id='word_1_348' title='bbox 811 2807 874 2838; x_wconf 85' lang='lat'>698</span> <span class='ocrx_word' id='word_1_349' title='bbox 901 2804 996 2848; x_wconf 90' lang='lat' dir='ltr'>quod</span> <span class='ocrx_word' id='word_1_350' title='bbox 1030 2803 1092 2838; x_wconf 84' lang='lat' dir='ltr'>VE</span> <span class='ocrx_word' id='word_1_351' title='bbox 1196 2803 1243 2838; x_wconf 85' lang='lat' dir='ltr'>sit</span> <span class='ocrx_word' id='word_1_352' title='bbox 1266 2805 1347 2848; x_wconf 86' lang='lat' dir='ltr'>hoc,</span> <span class='ocrx_word' id='word_1_353' title='bbox 1373 2814 1466 2838; x_wconf 82' lang='lat' dir='ltr'>corr.</span> <span class='ocrx_word' id='word_1_354' title='bbox 1490 2803 1650 2839; x_wconf 76' lang='lat' dir='ltr'>Botlzius</span> 
     </span>
     <span class='ocr_line' id='line_1_42' title="bbox 80 2856 1471 2906; baseline 0.004 -17"><span class='ocrx_word' id='word_1_355' title='bbox 80 2858 144 2890; x_wconf 88' lang='lat'>700</span> <span class='ocrx_word' id='word_1_356' title='bbox 168 2856 216 2891; x_wconf 88' lang='lat' dir='ltr'>mi</span> <span class='ocrx_word' id='word_1_357' title='bbox 239 2857 366 2902; x_wconf 82' lang='lat' dir='ltr'>(alius)</span> <span class='ocrx_word' id='word_1_358' title='bbox 390 2858 652 2902; x_wconf 73' lang='lat' dir='ltr'>Fleckeisenus,</span> <span class='ocrx_word' id='word_1_359' title='bbox 669 2860 795 2906; x_wconf 76' lang='lat' dir='ltr'>possis</span> <span class='ocrx_word' id='word_1_360' title='bbox 817 2860 1017 2905; x_wconf 65' lang='lat' dir='ltr'>&lt;amicu&gt;st</span> <span class='ocrx_word' id='word_1_361' title='bbox 1109 2862 1172 2895; x_wconf 86' lang='lat'>703</span> <span class='ocrx_word' id='word_1_362' title='bbox 1199 2860 1368 2905; x_wconf 85' lang='lat' dir='ltr'>quiquam</span> <span class='ocrx_word' id='word_1_363' title='bbox 1401 2858 1471 2894; x_wconf 84' lang='lat' dir='ltr'>VE</span> 
     </span>
    </p>
   </div>
   <div class='ocr_carea' id='block_1_4' title="bbox 1753 290 1810 322">
    <p class='ocr_par' dir='ltr' id='par_1_26' title="bbox 1753 290 1810 322">
     <span class='ocr_line' id='line_1_43' title="bbox 1753 290 1810 322; baseline 0 0"><span class='ocrx_word' id='word_1_364' title='bbox 1753 290 1810 322; x_wconf 79' lang='lat'>6¹15</span> 
     </span>
    </p>
   </div>
   <div class='ocr_carea' id='block_1_5' title="bbox 1755 627 1813 660">
    <p class='ocr_par' dir='ltr' id='par_1_27' title="bbox 1755 627 1813 660">
     <span class='ocr_line' id='line_1_44' title="bbox 1755 627 1813 660; baseline 0 0"><span class='ocrx_word' id='word_1_365' title='bbox 1755 627 1813 660; x_wconf 85' lang='grc'>680</span> 
     </span>
    </p>
   </div>
   <div class='ocr_carea' id='block_1_6' title="bbox 1753 964 1810 997">
    <p class='ocr_par' dir='ltr' id='par_1_28' title="bbox 1753 964 1810 997">
     <span class='ocr_line' id='line_1_45' title="bbox 1753 964 1810 997; baseline 0.018 -1"><span class='ocrx_word' id='word_1_366' title='bbox 1753 964 1810 997; x_wconf 84' lang='grc'>685</span> 
     </span>
    </p>
   </div>
   <div class='ocr_carea' id='block_1_7' title="bbox 1753 1302 1811 1334">
    <p class='ocr_par' dir='ltr' id='par_1_29' title="bbox 1753 1302 1811 1334">
     <span class='ocr_line' id='line_1_46' title="bbox 1753 1302 1811 1334; baseline 0 0"><span class='ocrx_word' id='word_1_367' title='bbox 1753 1302 1811 1334; x_wconf 85' lang='grc'>690</span> 
     </span>
    </p>
   </div>
   <div class='ocr_carea' id='block_1_8' title="bbox 1752 1640 1810 1672">
    <p class='ocr_par' dir='ltr' id='par_1_30' title="bbox 1752 1640 1810 1672">
     <span class='ocr_line' id='line_1_47' title="bbox 1752 1640 1810 1672; baseline 0 0"><span class='ocrx_word' id='word_1_368' title='bbox 1752 1640 1810 1672; x_wconf 85' lang='grc'>695</span> 
     </span>
    </p>
   </div>
   <div class='ocr_carea' id='block_1_9' title="bbox 1755 1977 1811 2010">
    <p class='ocr_par' dir='ltr' id='par_1_31' title="bbox 1755 1977 1811 2010">
     <span class='ocr_line' id='line_1_48' title="bbox 1755 1977 1811 2010; baseline 0.018 -1"><span class='ocrx_word' id='word_1_369' title='bbox 1755 1977 1811 2010; x_wconf 82' lang='grc'>’700</span> 
     </span>
    </p>
   </div>
  </div>
 </body>
</html>
