2018 3183
205 79 284 117 110
947 75 1125 112 PLAVTI
1631 74 1675 103 111
1689 75 1716 108 2,
1736 75 1830 108 21-3,
1847 76 1865 104 e

203 193 336 236 CONG.
388 191 489 239 Quid
522 199 580 232 cst
611 195 687 243 qua
717 191 902 243 prohibes
925 202 1032 230 nunc
1063 190 1184 242 gratia
1302 202 1374 229 nos
1406 201 1576 241 coquere
1606 190 1668 230 hic
1699 187 1933 230 cenam?435

204 261 298 313 quid
330 261 505 307 fecimus,
538 259 631 311 quid
661 259 828 298 diximus
945 256 1013 296 tibi
1045 269 1158 296 secus
1191 269 1305 307 quam
1339 255 1483 296 velles?

201 330 332 370 EVCL.
382 328 506 367 Etiam
539 327 694 378 rogitas,
725 325 887 365 sceleste
918 325 1048 371 homo,
1164 324 1230 375 qui
1262 323 1426 375 angulos
1456 324 1496 363 in
1529 324 1656 364 omnis

202 408 379 436 mearum
410 395 562 434 aedium
594 400 631 433 et
661 392 902 432 conclavium
1019 391 1112 431 mihi
1142 392 1316 444 pervium
1348 390 1501 431 facitis?

203 463 256 502 ibi
287 462 355 502 ubi
384 462 453 501 tibi
485 468 567 501 erat
598 461 811 512 negotium,
843 460 889 499 ad
1005 460 1134 499 focum
1165 459 1196 498 si
1227 459 1392 506 adesses,

203 544 284 571 non
317 530 434 569 fissile
465 530 639 568 auferres
670 535 803 580 caput:
921 527 1061 567 merito
1093 527 1128 566 id
1163 527 1231 566 tibi
1264 528 1408 566 factum
1439 533 1509 566 est.
1876 531 1935 564 440

204 599 299 638 adeo
331 604 373 637 ut
404 603 447 636 tu
476 609 603 636 meam
634 595 869 635 sententiam
986 595 1062 634 iam
1094 606 1258 634 noscere
1289 594 1433 646 possis:

202 666 233 706 si
265 665 311 704 ad
343 665 497 704 ianuam
530 664 608 703 huc
637 663 860 710 accesseris,
977 663 1051 702 nisi
1083 663 1246 710 iussero,
1278 662 1453 714 propius,

204 746 276 785 ego
308 740 346 772 te
376 732 513 772 faciam
544 731 785 771 miserrimus
900 730 1074 770 mortalis
1105 730 1160 769 uti
1190 731 1254 770 sis.

203 801 277 841 scis
307 800 382 839 iam
413 811 539 838 meam
570 798 816 838 sententiam.
848 821 903 827 —
933 797 1065 839 Com.
1116 797 1203 843 Quo
1235 795 1347 836 abis?
1379 796 1460 835 redi
1496 808 1665 836 rursum.

203 869 255 908 ita
286 880 347 907 me
378 866 480 906 bene
510 873 611 906 amet
639 866 826 914 Lawrna,
856 863 960 920 (uti)
1075 872 1111 904 te
1144 865 1230 912 iam,
1263 865 1338 904 nisi
1369 864 1477 904 reddi
1878 868 1936 901 445

204 936 298 976 mihi
326 938 415 975 vasa
444 934 567 981 iubes,
599 933 733 986 pipulo
849 933 912 971 hic
943 932 1117 971 differam
1148 939 1238 971 ante
1268 932 1384 971 aedis.

206 1048 297 1100 quid
331 1060 401 1099 ego
435 1058 543 1086 nunc
574 1043 713 1097 agam?
746 1058 795 1084 ne
826 1057 898 1096 ego
930 1045 1069 1096 edepol
1098 1045 1186 1084 veni
1218 1045 1293 1084 huc
1324 1044 1495 1095 auspicio
1527 1044 1640 1083 malo.

205 1127 367 1155 nummo
398 1126 483 1154 sum
515 1114 754 1153 conductus:
786 1112 874 1164 plus
904 1113 978 1151 iam
1010 1113 1162 1152 medico
1193 1112 1409 1151 mercedest
1439 1124 1551 1163 opus.

929 1213 1144 1255 EVCLIO
1752 1211 1823 1252 111
1843 1214 1867 1252 3

203 1285 288 1325 Hoc
319 1284 476 1336 quidem
506 1282 650 1330 hercle,
682 1294 842 1333 quoquo
873 1281 951 1329 ibo,
983 1294 1135 1321 mecum
1168 1281 1253 1328 erit,
1284 1293 1436 1320 mecum
1468 1281 1602 1327 feram,

205 1364 335 1404 neque
365 1351 427 1391 isti
459 1351 496 1390 id
528 1350 567 1389 in
600 1349 719 1389 tantis
749 1349 907 1401 periclis
937 1361 1119 1400 umquam
1153 1348 1391 1387 committam
1422 1355 1465 1388 ut
1495 1349 1580 1388 siet.
1880 1354 1937 1387 450

205 1421 256 1459 ite
288 1415 392 1459 sane*
415 1418 600 1459 nunciam
633 1429 780 1464 omnes,
813 1423 851 1456 et
881 1417 998 1468 coqui
1028 1423 1065 1456 et
1095 1416 1293 1463 tibicinae,

206 1488 321 1527 etiam
354 1490 458 1526 intro
490 1486 601 1533 duce,
634 1485 665 1525 si
694 1485 764 1532 vis,
793 1484 853 1523 vel
884 1496 1042 1536 gregem
1072 1484 1281 1531 venalium,

205 1555 374 1606 coquite,
405 1554 535 1602 facite,
567 1553 745 1593 festinate
777 1552 961 1591 nunciam
993 1559 1181 1603 quantum
1213 1551 1319 1591 libet.

205 1623 338 1664 CONG.
388 1622 586 1673 Temperi,
617 1627 824 1673 postquam
855 1619 1060 1671 implevisti
1091 1619 1184 1658 susti
1216 1620 1395 1659 fissorum
1427 1625 1557 1671 caput.

201 1690 334 1731 EVCL.
382 1689 491 1729 Intro
523 1689 638 1736 abite,
670 1700 790 1740 opera
819 1687 897 1726 huc
927 1687 1119 1726 conducta
1151 1693 1210 1726 est
1237 1693 1378 1733 vostra,
1410 1699 1490 1725 non
1523 1685 1659 1726 oratio.
1882 1694 1939 1726 455

205 1758 338 1799 CONG.
388 1757 507 1804 Heus,
539 1769 672 1804 senex,
704 1768 776 1808 pro
799 1755 1016 1808 vapulando
1048 1755 1179 1794 hercle
1211 1757 1282 1805 ego
1313 1753 1381 1793 abs
1410 1761 1448 1793 te
1478 1753 1698 1793 mercedem
1729 1760 1870 1806 petam.

317 1881 382 1914 435
409 1889 498 1924 qua:
527 1878 611 1923 quia
634 1877 721 1912 ΒΨ
731 1877 776 1912 V¹
869 1876 1081 1922 prohibeas3
1099 1876 1150 1920 cf.
1169 1876 1250 1910 421.
1270 1875 1357 1910 424.
1375 1875 1459 1911 437.
1477 1875 1553 1910 443
1644 1877 1710 1910 436
1727 1875 1873 1920 sequius

203 1935 275 1971 BD
286 1935 331 1970 V1
447 1937 513 1970 437
540 1934 876 1979 angulosus*omnis
908 1940 1013 1973 (erus.
1039 1933 1074 1974 d)
1100 1932 1145 1974 B,
1171 1932 1322 1976 angulos
1356 1932 1469 1967 omnis
1502 1931 1592 1973 DV,
1623 1932 1781 1967 correxi.
1828 1930 1873 1966 de

203 1992 443 2028 collocatione
460 1991 751 2038 praepositionis
768 1991 816 2035 cf.
838 1989 1105 2025 Sludemzmdus
1122 1994 1190 2024 act.
1208 1999 1308 2024 conv.
1322 1987 1414 2034 phil.
1432 1990 1546 2030 1882,
1565 1988 1614 2023 50
1707 1990 1772 2024 438
1789 1998 1870 2033 per-

203 2050 301 2084 uiam
335 2047 372 2083 V.
400 2049 449 2092 of.
474 2048 602 2083 Festus
627 2049 694 2082 371
719 2050 775 2082 -ut
807 2047 845 2081 in
876 2057 918 2081 eo
943 2046 1108 2081 aedificio
1135 2045 1298 2090 peruium
1324 2045 1381 2088 sit,
1406 2056 1476 2090 quo
1501 2045 1630 2081 itinere
1649 2044 1872 2081 habitatores

203 2106 251 2141 ad
276 2115 377 2140 suam
401 2105 550 2149 quisque
568 2104 829 2140 habitationem
854 2103 990 2138 habent
1012 2113 1211 2145 accessum,
1238 2102 1289 2145 cf.
1310 2101 1459 2136 Blasius
1484 2102 1521 2135 in
1548 2100 1749 2147 Woelfflini
1772 2101 1871 2136 arch.

203 2163 238 2204 4,
265 2163 342 2197 322
436 2164 500 2195 439
524 2161 574 2196 ibi
601 2160 766 2195 Guietus:
789 2160 827 2194 id
942 2162 1007 2193 440
1032 2158 1195 2194 auferres
1223 2156 1411 2194 Goetzius:
1441 2158 1594 2193 haberes
1687 2161 1750 2192 441
1776 2168 1872 2194 nunc

203 2220 294 2256 adeo
319 2221 360 2254 ut
382 2228 498 2253 meam
524 2217 720 2263 Lanqenus
742 2217 854 2260 symb.
879 2217 973 2257 146;
997 2216 1048 2260 cf.
1076 2215 1186 2250 Stich.
1210 2216 1286 2249 697
1419 2217 1484 2249 442
1509 2214 1608 2250 iusso
1634 2212 1784 2250 Guietus

203 2279 270 2311 444
295 2286 364 2321 quo
388 2286 442 2321 sq.
462 2273 663 2320 Confi-toni
684 2273 781 2308 dedit
805 2272 962 2308 Bothius
1069 2275 1134 2307 445
1159 2272 1213 2306 uti
1245 2271 1445 2315 Vssinqius,
1474 2269 1661 2305 Goetzius:
1686 2281 1766 2313 om„
1790 2270 1873 2306 item

201 2332 344 2368 Nonius
375 2333 448 2367 152
584 2330 688 2366 reddi
712 2329 783 2371 B2,
816 2329 957 2364 Nonius
986 2330 1077 2363 152.-
1107 2328 1218 2363 redde
1255 2327 1397 2363 A'om'us
1425 2327 1523 2368 284,
1552 2326 1631 2362 redi
1655 2325 1786 2361 B¹DV

204 2393 270 2425 446
285 2389 376 2435 fort.
393 2389 518 2433 (mea)
534 2387 623 2422 mihi
713 2386 837 2432 pipulo
864 2390 1041 2420 testantur
1068 2384 1186 2419 Varro
1208 2384 1252 2419 de
1271 2384 1294 2419 l.
1313 2384 1336 2418 l.
1358 2385 1387 2424 7,
1402 2384 1477 2418 103
1493 2382 1631 2428 (pipulo
1655 2385 1692 2418 te
1709 2382 1873 2419 differam

204 2448 290 2481 ante
313 2444 438 2488 aedis),
463 2443 622 2479 Nonius:
644 2443 779 2489 populo
803 2446 875 2484 (·os
901 2442 962 2483 12¹)
1054 2442 1130 2476 hic:
1156 2445 1192 2476 te
1218 2441 1276 2475 hic
1302 2440 1445 2475 Nonius
1460 2441 1544 2481 152,
1569 2442 1605 2475 te
1638 2439 1770 2482 Varro,
1794 2439 1872 2476 No-

203 2503 286 2537 nius
302 2503 381 2537 284
473 2500 563 2536 mihi
587 2511 677 2536 uasa
691 2500 807 2542 iubes,
831 2499 890 2534 hic
905 2498 1028 2544 pipulo
1047 2497 1194 2533 Reizius
1287 2500 1352 2531 448
1369 2496 1563 2531 mercedist
1587 2506 1678 2541 opus
1695 2495 1871 2531 Botlzius:

204 2559 368 2594 mercede
394 2568 484 2604 opus
509 2560 564 2593 est
677 2559 743 2591 449
768 2555 910 2590 Evcmo
936 2565 1063 2589 snmzx.
1113 2563 1271 2589 commo
1296 2556 1468 2593 (commo
1497 2552 1542 2595 Β)
1568 2562 1679 2587 cocvs
1706 2551 1784 2587 BV

205 2626 347 2661 quoquo
371 2614 477 2660 (ego)
511 2613 717 2659 Waqnerus
820 2615 886 2647 450
911 2611 974 2647 isti
996 2611 1034 2645 id
1059 2610 1280 2656 Seyffl’rtus:
1303 2610 1402 2645 istud
1506 2611 1569 2644 451
1595 2608 1646 2644 ite
1671 2621 1705 2644 ςε
1730 2609 1784 2644 ita.

205 2672 374 2707 nunciam
391 2671 450 2706 L..·
474 2681 571 2706 nunc
595 2670 667 2706 iam
690 2670 785 2705 intro
878 2671 943 2703 452
961 2667 1126 2703 desidero
1144 2667 1240 2713 <ite‚>
1259 2667 1377 2702 etiam.
1411 2670 1537 2701 errant
1554 2666 1616 2711 qui
1633 2676 1664 2700 v.
1682 2666 1873 2701 451-453

206 2728 495 2763 clastincte‘onibus
518 2732 710 2763 secernunt
823 2728 889 2760 454
915 2735 981 2760 om.
1007 2723 1094 2759 B¹D
1105 2723 1146 2769 V,
1172 2725 1222 2769 cf.
1248 2725 1323 2759 455
1435 2726 1499 2757 455
1524 2722 1620 2758 intro
1645 2721 1743 2757 abite
1771 2722 1873 2758 Goel-

208 2783 322 2818 lerus:
347 2785 442 2820 intro
467 2785 527 2820 abi
554 2784 615 2826 ΒΞ,
639 2783 790 2829 temperi
814 2782 874 2818 abi
900 2780 975 2817 DV
995 2785 1030 2816 et
1053 2786 1092 2816 ut
1119 2780 1186 2817 vicl.
1214 2780 1263 2815 B¹
1367 2781 1430 2814 456
1454 2780 1544 2815 heus
1570 2778 1776 2815 Bentleius:
1800 2779 1872 2814 heu

217 2840 276 2882 1⁷⁷2,
301 2851 346 2876 eu
374 2840 497 2876 BD1'1

2016 2490 2018 2494 .
2005 2320 2018 2466 μέθ’
