1998 3179
98 131 143 158 111
155 131 181 164 5,
200 131 301 158 24-39
843 124 1017 160 CASINA
1674 119 1754 158 253

213 244 319 296 quod
348 242 452 282 hand
483 241 645 281 Atticam
677 240 866 280 condecet
897 239 1150 291 disciplinam.

212 313 312 353 LYs.
358 310 458 357 Quid
490 313 548 349 est
576 307 643 348 id?
700 308 806 348 PAR.
855 307 988 345 Timor
1017 306 1219 358 praepedit
1247 306 1347 345 dicta
1376 305 1545 356 linguae.

99 382 198 422 LYS.
247 382 411 420 Possum
441 379 541 419 scire
572 390 644 429 ego
676 380 774 416 istuc
805 388 851 414 ex
888 377 926 413 te
961 375 1053 425 quid
1169 372 1365 426 negetist?
1423 373 1527 414 PAR.
1578 373 1722 412 Dicam.

213 454 278 488 tua
309 447 460 493 ancilla,
492 448 607 497 quam
637 450 680 483 tu
709 446 776 482 tue
807 442 917 481 vilice
948 443 1003 481 vis

215 517 305 555 dare
334 517 510 560 uxorem,
541 524 585 552 ea
614 515 721 551 intus
751 533 804 538 ———
833 510 933 549 LYS.
984 508 1086 554 Quid
1116 507 1251 547 intus?
1283 508 1375 559 quid
1407 507 1492 547 est?

209 583 315 622 PAR.
365 581 541 620 Imitatur
570 579 756 618 malarum
790 577 927 615 malam
959 576 1215 628 disciplinam,

267 650 348 689 viro
380 660 479 699 quae
509 659 580 686 suo
610 646 906 685 interminatur:
938 644 1053 682 vitam
1084 666 1137 671 —

97 719 197 759 LYs.
215 716 320 763 ‚Quid
338 713 460 766 ergo?
491 714 594 754 PAR.
612 713 668 751 Ah
691 736 743 740 —
764 712 812 752 L.
834 711 935 757 Quid
957 709 1044 749 est?
1074 710 1119 751 P.
1142 710 1379 749 lutei-emere
1458 711 1510 749 ait
1523 710 1617 749 velle
1628 711 1756 755 vitam,

212 783 380 835 gladium
400 805 455 811 —
477 781 574 821 LYs.
610 781 720 819 Hem.
765 780 869 819 PAR.
905 778 1081 817 Gladium
1104 801 1158 806 ——
1179 778 1278 818 LYS.
1325 777 1423 824 Quid
1447 781 1535 817 eum
1559 777 1757 829 gladium?

207 852 312 892 PAR.
363 849 499 889 Habet.
557 849 656 888 LYs.
709 848 751 886 Ei
783 847 924 886 misero
955 846 1062 893 mihi,
1094 849 1166 885 cur
1195 858 1284 885 eum
1314 845 1464 885 habet?

268 918 372 958 PAR.
423 917 641 956 Insectatur
670 914 797 954 <imnis
912 915 1017 952 domi
1047 925 1119 964 per
1149 913 1267 958 aedis,

268 997 342 1024 nec
373 987 608 1036 quemquam
639 995 763 1034 prope
795 983 840 1021 ad
957 995 998 1021 se
1029 982 1121 1020 sinit
1150 981 1277 1020 adire:

212 1054 263 1093 ita
295 1056 431 1092 emnes
461 1051 533 1091 sub
564 1052 674 1098 arcis,
706 1050 778 1090 sub
808 1050 920 1089 lectis
949 1050 1114 1088 latentes

211 1123 318 1160 metii
348 1119 566 1159 mussitant.
626 1119 725 1158 LYs.
777 1117 908 1157 Occidi
940 1120 1056 1168 atque
1088 1117 1230 1155 interii.

212 1188 302 1240 quid
335 1188 388 1226 illi
421 1187 654 1226 obiectumst
685 1186 773 1224 mali
804 1192 879 1224 tam
912 1183 1105 1236 repente?

209 1256 314 1295 PAR.
365 1255 526 1294 Insanit.
592 1254 691 1293 LYs.
737 1252 1057 1292 Scelestissimum
1097 1265 1158 1291 me
1198 1264 1281 1291 esse
1322 1252 1451 1291 credo.

211 1323 315 1362 PAR.
357 1322 478 1361 Immo
517 1322 548 1361 si
579 1322 676 1361 scias
706 1321 806 1359 dicta
838 1322 935 1371 quae
966 1319 1060 1358 dixit
1090 1319 1203 1358 hedie
1233 1342 1287 1348 —-

210 1391 309 1430 LYS.
359 1390 464 1430 Istuc
495 1393 633 1441 expete
665 1389 777 1428 scire.
825 1387 916 1438 quid
948 1386 1073 1426 dixit?
1131 1387 1236 1427 PAR.
1287 1387 1398 1425 Audi.

213 1471 284 1510 per
314 1458 440 1497 omnis
470 1458 563 1496 dees
593 1462 632 1495 et
661 1457 751 1495 deas
781 1455 976 1501 deieravit‚

211 1528 431 1564 occisurum
463 1536 552 1564 eum
583 1525 654 1563 hac
687 1531 800 1562 nocte
832 1525 992 1573 quicum
1023 1522 1196 1561 cubaret.

210 1593 310 1633 LYs.
359 1593 449 1631 Men
481 1590 659 1631 decidet?
707 1592 812 1631 PAR.
857 1578 915 1629 Ᾰο
949 1590 1149 1641 quippiam
1179 1589 1226 1628 ad
1251 1596 1287 1628 te
1308 1587 1470 1628 attinet?
1520 1589 1619 1628 LYs.
1670 1588 1761 1627 Vah.

210 1661 315 1701 PAR.
364 1659 463 1705 Quid
494 1663 656 1699 cumea
689 1659 821 1710 negoti
907 1656 1042 1697 tibist?
1091 1658 1138 1698 L.
1185 1658 1363 1697 Peccavi:

211 1728 303 1767 illuc
333 1728 476 1775 dicere,
505 1728 674 1775 vilicUm,
707 1727 892 1766 volebam.

103 1871 199 1906 dium
219 1873 224 1912 Ι
246 1870 340 1914 Quid
360 1891 398 1895 -
418 1871 528 1906 habet
549 1872 552 1915 Ι
573 1871 778 1906 insectatur
796 1890 838 1894 —
856 1870 957 1905 adire
978 1872 983 1913 1
1006 1870 1060 1904 Ita
1078 1890 1115 1894 ——
1137 1869 1330 1904 mussitant
1350 1869 1354 1911 Ι
1378 1867 1500 1902 Occidi
1519 1887 1562 1892 -
1586 1870 1736 1912 repente

100 1926 240 1962 Insanit
254 1946 300 1953 -
317 1927 410 1962 scias
431 1927 436 1970 Ι
458 1927 566 1962 Dicta
588 1947 628 1951 —
647 1926 740 1961 dixit
763 1926 839 1967 (secl
863 1926 970 1970 Quid)
998 1929 999 1951 l
1029 1926 1127 1960 Audi
1159 1945 1200 1950 —
1226 1926 1296 1960 hac
1318 1926 1321 1967 Ι
1343 1923 1458 1959 Nocte
1488 1945 1521 1948 —
1551 1924 1736 1968 quippiam
1755 1920 1760 1963 1

101 1983 160 2019 Ad
181 2003 226 2009 —
251 1986 306 2018 est
326 1986 330 2026 1
352 1983 509 2018 Peccaui
534 2003 573 2008 —
599 1984 658 2018 via
679 1983 684 2027 Ι
705 1983 746 2017 In
773 2003 812 2007 —
837 1983 995 2018 minatur
1015 1983 1019 2025 Ι
1042 1982 1124 2016 Tibi
1150 2002 1191 2006 —-
1217 1992 1291 2016 rem
1313 1982 1317 2018 ἶ
1340 1980 1433 2023 Quia
1461 2001 1494 2003 —
1525 1980 1597 2014 uiri
1618 1984 1621 2022 1
1643 1980 1763 2015 Vitam

101 2060 143 2064 —
161 2039 341 2081 ditcerem)
363 2040 367 2083 Ι
389 2039 446 2074 Ab
463 2059 506 2064 -—
522 2039 641 2083 miser,
665 2039 688 2073 i.
707 2050 734 2073 e.
749 2038 907 2073 versibus
921 2039 1005 2083 fere
1021 2039 1147 2083 aequis
1163 2042 1275 2072 metro
1300 2036 1460 2082 oeeylecto
1553 2039 1611 2071 651
1644 2037 1763 2082 coepit

102 2096 154 2141 cf.
175 2096 267 2137 701,·
290 2095 401 2131 Mero.
421 2096 493 2130 533
586 2098 650 2130 652
676 2095 789 2139 attica
813 2099 848 2130 et
869 2096 961 2138 fort.
988 2094 1206 2139 d]isciplin[a
1230 2095 1260 2129 Α
1355 2096 1418 2127 654
1442 2103 1589 2138 possum
1607 2096 1654 2127 A:
1677 2093 1763 2137 quid

102 2155 158 2188 est
172 2163 320 2197 possum
344 2151 378 2186 P
468 2154 585 2197 [nJng
611 2155 666 2195 est
690 2153 720 2186 A
812 2151 928 2185 dicam
944 2150 1035 2192 (ΑΡ)
1060 2161 1238 2195 nusquam
1265 2149 1334 2183 nisi
1358 2149 1416 2184 laic
1435 2154 1580 2194 aplwn;
1606 2150 1764 2185 trimeter

102 2219 183 2244 cum
207 2207 373 2243 clausula
397 2214 437 2242 ut
463 2210 554 2249 659,-
582 2207 777 2243 seeundum
803 2207 837 2241 P
858 2208 992 2250 dicam,
1021 2210 1086 2242 tua
1110 2206 1242 2241 ancilla
1267 2217 1371 2251 quam
1396 2206 1458 2240 tuo
1485 2205 1592 2240 uilicd
1617 2206 1673 2240 uis

103 2266 168 2299 655
191 2267 291 2300 tuam
306 2264 474 2299 ancillam
491 2263 675 2310 Berqlcius
693 2275 750 2310 op.
767 2265 799 2305 1,
825 2265 894 2299 414
919 2262 1095 2305 (Bacln‘us
1110 2262 1154 2298 (Ie
1171 2267 1255 2297 attr.
1274 2263 1342 2297 inv.
1362 2263 1422 2304 33)
1496 2264 1537 2297 tu
1555 2273 1621 2297 om.
1642 2261 1677 2296 P

103 2323 168 2356 656
192 2331 332 2356 versum
362 2331 456 2366 quae
484 2320 720 2356 acatalectum
750 2320 870 2365 faciat
897 2319 1099 2366 probabilis
1122 2319 1330 2354 coniectura
1355 2329 1428 2352 non
1452 2319 1596 2354 inventa
1621 2323 1674 2353 est

103 2379 167 2412 658
192 2387 284 2422 quae
308 2388 373 2412 suo
397 2376 647 2420 interminetur
670 2376 739 2417 (vel
764 2396 805 2400 —-
829 2379 925 2417 atur)
950 2377 979 2410 Α
988 2388 1000 2409 .·
1025 2386 1089 2410 suo
1115 2374 1206 2420 qiiae
1229 2375 1323 2409 inter
1347 2374 1505 2408 minatur
1530 2373 1564 2407 P
1653 2375 1762 2410 uitam

103 2431 196 2474 (ΑΡ)
217 2432 250 2467 si
266 2433 324 2468 hic
339 2432 489 2473 deletur,
512 2432 574 2467 ubi
590 2432 708 2467 adhuc
729 2431 876 2467 auditur
895 2432 968 2466 viro
987 2443 1063 2476 suo,
1088 2443 1176 2466 saue
1193 2443 1223 2466 v.
1242 2432 1314 2465 659
1331 2429 1556 2465 adiciendum
1573 2435 1624 2464 est
1640 2431 1675 2465 ei

106 2491 170 2524 659
186 2488 282 2524 inter
297 2500 414 2532 emere
430 2488 498 2523 ΑΡ
576 2492 640 2524 660
665 2489 749 2524 ΒΕΝ.
766 2489 849 2523 hem
862 2488 913 2522 P:
929 2489 1010 2523 hem
1027 2489 1058 2522 Α
1150 2490 1212 2523 661
1234 2499 1298 2522 cur
1315 2489 1344 2521 Α
1438 2489 1503 2521 662
1528 2496 1650 2522 omnes
1669 2487 1764 2522 domi

104 2545 127 2578 i.
145 2556 174 2580 e.
199 2541 347 2588 πάντας
370 2545 460 2587 τοὺς
482 2539 574 2581 κατ’
599 2542 708 2582 οἷκον
799 2547 864 2579 663
889 2555 1123 2589 quaemquam
1139 2544 1170 2578 Α
1251 2545 1299 2588 cf.
1328 2541 1512 2587 Berylcius
1536 2554 1595 2587 op.
1619 2544 1651 2584 1,
1676 2543 1767 2585 415,-

103 2605 254 2636 metrum
278 2601 385 2647 quale
407 2603 453 2636 sie
477 2601 608 2637 docent
631 2613 660 2637 v.
688 2602 756 2636 691
780 2605 814 2636 et
843 2601 915 2636 703
1022 2604 1089 2634 664
1113 2600 1227 2635 omnis
1252 2599 1286 2633 P
1391 2601 1454 2633 666
1479 2598 1532 2633 iui
1558 2599 1632 2637 ΑΡ,
1656 2599 1720 2634 sed
1743 2611 1765 2634 α

105 2656 268 2692 clausula
290 2657 503 2704 incipientes
526 2668 650 2693 versus
672 2669 745 2693 uon
769 2662 854 2692 sunt
877 2658 914 2691 in
938 2656 1006 2692 hoc
1029 2657 1168 2692 cantico
1177 2670 1192 2698 ;
1221 2656 1296 2690 illic
1321 2654 1537 2700 Spenqelius
1654 2655 1765 2697 m]al[i

105 2714 192 2754 flam
208 2713 259 2748 A:
280 2713 439 2749 maltiam
458 2713 502 2756 E,
525 2713 701 2749 malitiam
718 2718 771 2755 (—
794 2713 886 2749 ciam
903 2713 952 2756 Β)
970 2713 1047 2748 BV
1136 2716 1200 2747 670
1220 2711 1397 2756 delerauit
1413 2712 1455 2753 A,
1479 2711 1662 2747 deiurauit
1677 2711 1712 2746 P

107 2771 170 2804 671
189 2769 392 2805 occisurum
409 2769 460 2805 P:
483 2780 522 2805 se
541 2772 546 2815 Ι
568 2771 769 2806 occisuram
786 2771 828 2811 A,
847 2770 896 2815 cf.
915 2769 964 2805 ad
982 2770 1055 2803 693
1147 2770 1212 2803 672
1230 2778 1311 2803 men
1327 2770 1376 2802 A:
1399 2777 1455 2801 me
1472 2766 1507 2801 P
1597 2770 1659 2802 673
1679 2769 1764 2813 quid

107 2833 188 2914 {zum
211 2835 255 2915 οῗ
273 2826 431 2872 proprio
455 2837 559 2862 versu
584 2828 615 2861 A
707 2829 774 2860 674
796 2825 885 2861 illud
912 2827 941 2860 A
1044 2825 1164 2859 dicere
1189 2825 1237 2869 cf.
1265 2824 1314 2858 ad
1337 2823 1466 2858 Pseud.
1484 2825 1559 2858 140
1583 2827 1618 2858 et
1641 2823 1764 2870 dacty-

122 2889 180 2915 tca
203 2891 226 2915 a
242 2891 279 2915 τα

1769 446 1824 478 655

1771 782 1826 814 660

1773 1119 1828 1151 665

1773 1454 1829 1486 670
