1998 3179
90 81 163 117 prol.
182 82 266 110 1—15

763 622 1066 663 PROLOGVS

339 734 424 774 Hoc
453 733 555 785 agite
585 734 709 782 sultis,
740 740 991 786 spectatores,
1024 734 1220 782 nunciam,

341 814 440 854 quae
469 801 626 852 quidem
656 801 750 841 mihi
781 807 896 853 atque
926 802 1034 841 vohis
1064 814 1128 841 res
1156 808 1280 841 vertat
1308 803 1410 843 bene

340 869 528 922 gregique
559 870 649 908 huic
680 877 718 908 et
747 869 914 909 dominis
944 876 1060 920 atque
1092 870 1411 911 conductoribus.

340 936 422 975 face
453 936 636 975 nunciam
667 942 722 983 tu,
753 948 909 987 praeco,
941 948 1098 975 omnem
1128 936 1297 976 auritum
1331 938 1507 990 poplum.

340 1016 409 1055 age
440 1017 548 1043 nunc
578 1004 716 1050 reside,
749 1017 838 1043 cave
868 1005 984 1043 modo
1017 1017 1066 1043 ne
1096 1005 1241 1055 gratiis.

340 1084 448 1111 nunc
478 1073 568 1123 quid
600 1072 859 1123 processerim
890 1072 966 1111 huc
997 1078 1035 1111 et
1064 1072 1155 1123 quid
1189 1072 1282 1111 mihi
1311 1073 1497 1113 voluerim

336 1141 480 1180 dicam:
512 1147 556 1179 ut
585 1140 735 1180 sciretis
766 1152 912 1179 nomen
944 1140 1060 1179 huius
1091 1139 1263 1188 fabulae3

339 1220 428 1246 nam
461 1207 564 1258 quod
596 1208 642 1246 ad
673 1213 945 1258 argumentum
977 1207 1127 1252 attinet,
1159 1219 1252 1246 sane
1283 1207 1448 1248 brevest.

339 1288 447 1315 nunc
477 1276 580 1326 quod
612 1287 674 1313 me
704 1275 781 1314 dixi
811 1275 907 1314 velle
936 1275 1046 1314 vobis
1076 1275 1219 1322 dicere,

338 1342 481 1381 dicam:
513 1343 606 1381 huic
638 1354 779 1380 nomen
813 1354 951 1393 graece
984 1342 1158 1393 Onagost
1188 1341 1360 1389 fabulae3

336 1410 590 1462 Demophilus
619 1410 788 1461 scripsit,
819 1410 975 1449 Maccus
1005 1410 1121 1448 vortit
1151 1409 1334 1462 barbare3

335 1478 552 1517 Asinariam
583 1478 662 1517 volt
692 1491 788 1525 esse,
820 1478 851 1516 si
882 1489 954 1529 per
983 1490 1050 1516 vos
1080 1477 1181 1516 licet.

335 1545 438 1585 inest
466 1546 576 1597 lepos
606 1545 797 1597 ludusque
829 1545 867 1584 in
899 1546 973 1584 hac
1003 1545 1216 1593 comoedia,

334 1612 494 1652 ridicula
525 1625 588 1652 res
619 1619 690 1652 est.
741 1613 826 1652 (late
858 1613 1028 1664 henigne
1061 1624 1218 1663 operam
1250 1612 1355 1659 mihi,

333 1686 377 1720 ut
405 1692 486 1728 vos,
516 1687 560 1719 ut
590 1681 694 1728 alias,
725 1681 872 1732 pariter
903 1693 1009 1719 nunc
1040 1680 1142 1719 Mars
1173 1679 1338 1719 adiuvet.

186 1800 327 1835 Inonem
351 1804 432 1843 (om.
459 1800 506 1843 E)
529 1811 718 1836 PROLOGVS
741 1811 779 1836 m
801 1812 1004 1836 minamur
1027 1811 1162 1835 PLAVTI
1187 1799 1269 1841 BE,
1298 1811 1366 1835 om.
1391 1800 1511 1846 spatio
1535 1800 1672 1842 relicto,
1698 1805 1738 1836 ut

74 1856 155 1900 sere
180 1856 313 1899 titulos,
341 1857 372 1892 D
481 1861 497 1893 1
523 1857 627 1893 sultis
653 1857 748 1900 ED1,
774 1857 941 1893 Donatus
964 1857 1013 1892 acl
1036 1856 1132 1892 Eun.
1156 1858 1187 1900 1,
1212 1858 1250 1898 2,
1277 1858 1344 1891 50:
1368 1856 1399 1892 si
1423 1855 1534 1892 uultis
1559 1855 1648 1890 ΒΙ)2

75 1915 94 1947 2
119 1913 170 1958 cf.
193 1912 288 1948 Men.
314 1915 363 1955 2,·
397 1914 485 1949 mihi
511 1914 712 1960 praemittit
743 1914 849 1960 quasi
871 1914 1072 1960 imperator
1096 1913 1151 1949 vel
1173 1914 1411 1958 maqistratus
1548 1915 1567 1946 3
1593 1912 1736 1948 domino

77 1968 304 2004 Camerarius
424 1973 444 2004 4
469 1980 555 2006 eace
580 1970 653 2004 BE
769 1970 938 2005 nunciam
962 1970 1134 2014 Linqius:
1158 1970 1230 2004 iam
1253 1979 1350 2004 nunc
1472 1969 1643 2014 populum

74 2026 125 2070 cf.
153 2024 264 2060 Poen.
289 2027 424 2060 11-15
537 2030 554 2060 5
578 2028 689 2071 gratis
805 2030 823 2061 8
848 2027 995 2062 breuest
1025 2031 1058 2062 et
1088 2026 1195 2060 breve
1226 2028 1282 2061 est
1312 2026 1376 2067 (εἷο
1400 2025 1445 2067 D)
1470 2029 1503 2059 et
1533 2025 1651 2060 brevis
1681 2027 1737 2061 est

74 2081 193 2116 valere
209 2085 334 2128 potest
429 2086 466 2117 lo
492 2083 590 2127 huic,
618 2084 667 2128 cf.
691 2083 740 2118 acl
762 2082 888 2129 Amph.
917 2084 990 2118 702
1083 2085 1234 2126 onagost
1258 2093 1364 2117 erasa
1388 2086 1426 2116 ut
1450 2081 1519 2117 vid.
1544 2092 1656 2127 super
1680 2083 1738 2117 ost

75 2137 206 2174 lineola
229 2137 281 2172 E:
305 2142 475 2183 onagrost
499 2139 570 2174 BD
665 2143 703 2175 11
729 2150 890 2182 maccus,
916 2140 966 2184 cf.
992 2139 1239 2174 Bueclzelerus
1262 2149 1350 2174 mus.
1368 2137 1482 2174 Rlzeu.
1508 2139 1571 2181 41,
1599 2139 1648 2172 12

76 2194 194 2240 1310f.
219 2193 314 2230 Rud.
335 2197 402 2230 352
504 2196 543 2231 id
567 2199 622 2232 est
647 2195 683 2231 E
774 2200 812 2233 15
839 2199 879 2232 ut
902 2196 963 2230 L..-
985 2196 1072 2232 item
1098 2197 1133 2238 (i.
1158 2206 1187 2230 e.
1212 2196 1300 2238 utei)
1387 2195 1587 2241 proloqum
1611 2194 1737 2240 qemei-

74 2260 158 2285 num
181 2261 258 2287 esse
281 2251 355 2286 alio
381 2251 459 2287 loco
484 2252 716 2299 comprobavi

1768 1352 1804 1385 10

1768 1684 1804 1717 15
