1998 3179
129 63 144 90 1
157 64 184 97 2.
203 65 298 97 27-3,
317 64 350 91 15
811 60 1097 97 AMPfflTRvo
1547 36 1551 41 ⁶
1731 62 1782 100 23

241 174 293 232 [et
323 190 373 216 ne
403 177 442 215 in
473 175 696 228 suspicione
728 181 899 227 ponatur
928 175 1052 226 stupri

241 252 279 284 et
309 244 547 284 clandestina
579 251 621 283 ut
650 244 796 282 celetur
826 239 1055 297 consuetio.]
1795 254 1851 287 490

241 324 487 363 quamquam,
518 317 560 350 ut
589 311 663 350 iam
694 311 839 349 dudum
870 310 960 357 dixi,
990 310 1174 349 resciscet
1205 315 1332 349 tamen

238 380 467 431 Amphitruo
498 391 580 417 rem
612 390 781 417 omnem.
840 378 930 428 quid
963 376 1110 428 igitur?
1143 389 1257 416 nemo
1288 377 1325 416 id
1356 377 1501 429 probro

239 448 414 498 profecto
445 447 561 485 ducet
590 446 845 493 Alcumenam
878 457 966 483 nam
998 445 1114 484 deum

240 528 320 553 non
352 526 422 565 par
451 514 600 552 videtur
630 513 770 559 facere,
802 513 984 551 delictum
1015 525 1126 551 suom

237 593 424 632 suamque
454 588 496 620 ut
526 581 679 632 culpam
710 586 891 631 expetere
921 580 961 618 in
995 580 1197 619 mortalem
1230 587 1273 620 ut
1303 580 1418 619 sinat.
1794 592 1849 625 495

237 649 452 689 orationem
484 649 757 699 comprimam:
788 647 942 698 crepuit
973 647 1080 686 foris.

237 716 468 768 Amphitruo
498 715 710 755 subditivos
740 727 876 754 eccum
909 714 986 753 exit
1015 715 1119 753 foras

236 797 325 824 cum
354 785 566 823 Alcumena
596 796 718 822 uxore
749 782 938 822 usuraria.

814 894 1088 935 IVPPITER
1705 893 1725 931 1
1758 895 1780 932 3

123 964 228 1003 Bene
259 964 350 1010 vale,
382 964 607 1009 Alcumena,
638 976 732 1003 cura
762 975 844 1002 rem
876 975 1140 1008 communem,
1172 961 1276 1013 quod
1308 962 1424 1009 faeis;

122 1038 238 1082 atque
270 1033 429 1084 inperce
461 1044 626 1083 quaeso:
658 1044 813 1070 menses
843 1032 918 1070 iam
949 1030 1017 1069 tibi
1049 1042 1134 1069 esse
1165 1035 1271 1069 actos
1300 1029 1418 1068 vides.
1794 1045 1851 1077 500

122 1099 214 1137 mihi
249 1112 406 1138 necesse
438 1106 495 1138 est
524 1100 580 1138 ire
609 1099 728 1146 hinc;
758 1111 892 1138 verum
924 1099 1028 1149 quod
1060 1098 1134 1137 erit
1165 1103 1299 1136 natum
1330 1097 1467 1136 tollito.

792 1188 1116 1228 ALCVMENA

124 1255 224 1301 Quid
256 1256 356 1295 istuc
388 1262 457 1303 est,
488 1256 541 1294 mi
570 1256 638 1303 vir,
671 1256 818 1307 negoti,
851 1256 953 1306 quod
984 1263 1026 1294 tu
1057 1261 1133 1293 tam
1165 1253 1294 1293 subito
1326 1254 1441 1292 domo

122 1321 267 1362 abeas?
325 1323 441 1363 IVPP.
490 1323 640 1374 Edepol
671 1324 770 1362 haud
804 1323 909 1374 quod
941 1323 998 1362 tui
1029 1335 1091 1361 me
1124 1335 1252 1373 neque
1283 1322 1387 1360 domi
1417 1321 1649 1365 ‹listaedeat;

120 1389 186 1428 sed
218 1389 284 1428 ubi
314 1402 489 1429 summus
520 1390 734 1441 imperator
765 1403 844 1429 non
877 1391 986 1429 adest
1015 1391 1060 1428 ad
1093 1390 1321 1436 exercitum,

121 1457 235 1495 citius
266 1457 370 1508 quod
403 1470 482 1496 non
513 1458 613 1496 facto
646 1465 704 1497 est
734 1471 828 1497 usus
858 1458 902 1496 fit
931 1470 1048 1508 quam
1083 1458 1186 1508 quod
1220 1458 1321 1496 sacto
1352 1463 1410 1495 est
1441 1468 1551 1507 opus.
1792 1472 1849 1504 505

122 1524 262 1564 MERC.
312 1525 433 1563 Nimis
463 1525 526 1564 hic
556 1526 692 1564 scitust
722 1525 975 1577 sycophanta,
1008 1525 1073 1576 qui
1106 1524 1261 1575 quidem
1293 1536 1403 1562 meus
1432 1523 1481 1562 sit
1510 1529 1632 1575 pater.

121 1591 366 1631 observatote
394 1590 542 1647 (eum),
575 1605 690 1643 quam
723 1592 865 1631 blande
895 1592 1048 1631 mulieri
1080 1591 1312 1643 palpabitur.

119 1658 223 1699 ALC.
272 1659 435 1699 Ecastor
464 1666 502 1698 te
533 1660 715 1711 experior
745 1660 879 1710 quanti
912 1659 1029 1699 facias
1061 1672 1221 1699 uxorem
1252 1665 1371 1698 tuam.

119 1727 235 1766 vap,
287 1727 392 1766 Satin
425 1726 555 1775 habes,
587 1728 617 1767 si
649 1727 880 1766 seminarum
914 1727 1017 1766 nulla
1050 1734 1108 1766 est
1138 1739 1254 1778 quam
1284 1739 1406 1778 aeque
1436 1723 1621 1777 diligam?

121 1794 262 1834 MERC.
310 1794 459 1845 Edepol
490 1807 539 1833 ne
570 1795 632 1834 illa
663 1795 694 1834 si
725 1795 807 1834 istis
837 1795 955 1834 rebus
984 1801 1022 1834 te
1052 1795 1147 1834 sciat
1169 1807 1327 1847 operam
1358 1795 1463 1841 dare,
1793 1799 1849 1830 510

121 1874 192 1913 ego
222 1863 338 1901 faxim
368 1863 431 1902 ted
464 1863 791 1914 Amphitruonem
823 1875 906 1902 esse
937 1863 1059 1910 malis,
1091 1875 1207 1913 quam
1239 1862 1379 1901 lovem.

120 1929 223 1970 ALC.
271 1929 450 1982 Experiri
481 1930 581 1970 istuc
611 1931 809 1970 mavellem
840 1943 902 1969 me
933 1943 1048 1982 quam
1080 1930 1131 1969 mi
1161 1931 1428 1969 memorarier.

121 1997 230 2048 prius
259 1997 341 2037 abis
372 2010 487 2049 quam
515 1998 638 2037 lectus
675 1998 740 2038 ubi
772 1998 941 2038 cubuisti
973 1998 1169 2038 concaluit
1198 1999 1319 2037 locus.

235 2101 299 2132 490
324 2098 546 2133 consuetudo
570 2097 736 2133 Donatus
754 2098 905 2144 Adelph.
931 2101 963 2139 4,
989 2102 1022 2138 5,
1045 2100 1101 2139 32,
1127 2099 1285 2144 suspicio
1309 2098 1433 2140 codd„
1466 2109 1560 2134 corr.
1589 2097 1783 2144 Scioppius

121 2154 404 2194 (consuetionem
435 2153 587 2189 Plautus
617 2166 683 2198 pro
715 2155 975 2190 consuetudine
1007 2155 1099 2189 dixit
1131 2154 1270 2189 Paulus
1296 2156 1352 2197 61)
1490 2157 1566 2189 489.
1593 2158 1656 2190 490
1688 2156 1786 2200 ferri

120 2220 192 2244 non
210 2220 323 2256 posse
347 2211 501 2245 ostendit
524 2210 720 2256 Lanqenus
744 2211 767 2247 l.
785 2223 814 2246 s.
930 2215 995 2246 492
1021 2212 1140 2256 agitur
1167 2212 1198 2247 Β
1312 2212 1426 2257 probo
1451 2211 1488 2246 E
1576 2215 1642 2247 495
1667 2223 1783 2247 suam-

122 2275 190 2310 que
223 2269 264 2301 ut
292 2266 450 2311 culpam:
489 2278 555 2302 sua.
585 2267 615 2302 si
647 2268 732 2312 quid
765 2269 873 2312 culpa
904 2267 1045 2302 Nonius
1075 2269 1164 2309 301,·
1199 2271 1241 2304 ut
1274 2268 1342 2302 clei.
1376 2268 1578 2310 Acidalius,
1615 2268 1666 2314 cf.
1699 2268 1784 2304 Nie-

121 2333 286 2368 meyerus
314 2323 363 2357 aci
396 2323 606 2365 Trin.141;
641 2324 774 2359 Bacch.
808 2326 872 2358 777
903 2323 1015 2359 Scicli.
1050 2326 1117 2359 248
1253 2328 1318 2359 499
1356 2335 1778 2359 IVPPITER·ALCVMENA·

121 2389 330 2413 mncvmvs
366 2378 437 2413 BE
444 2406 452 2421 ,
485 2390 553 2413 om.
586 2379 620 2414 D
768 2380 852 2424 quid
883 2379 933 2414 B¹
1071 2384 1134 2414 500
1172 2383 1211 2416 at
1246 2381 1333 2425 quin
1368 2391 1494 2426 perge,
1530 2392 1624 2415 corr.
1664 2380 1783 2416 Came-

121 2435 243 2469 rarius
346 2438 411 2470 506
436 2436 547 2471 scitus
572 2439 627 2471 est
651 2437 866 2481 sicophanta
972 2437 1019 2471 sit
1042 2448 1142 2472 meus
1169 2436 1204 2471 E
1309 2441 1372 2472 507
1397 2437 1512 2482 <eum>
1537 2436 1694 2472 Botlzius

123 2491 314 2527 obseruato
348 2503 454 2536 quam
484 2493 615 2528 blande
645 2492 885 2538 suppalpatur
908 2493 1049 2528 mulieri
1074 2493 1185 2528 schol.
1219 2493 1326 2539 Verq.
1352 2494 1440 2527 Aen.
1466 2496 1518 2535 11,
1544 2494 1626 2535 725,
1661 2494 1783 2530 obser-

124 2550 289 2582 uatorate
320 2551 362 2583 ut
385 2549 516 2583 blande
549 2549 718 2594 palpetur
740 2549 882 2584 mulieri
906 2549 1073 2584 Donatus
1096 2550 1164 2584 Ad.
1187 2549 1283 2595 prol.
1301 2551 1323 2583 2
1430 2553 1493 2584 510
1526 2550 1557 2584 si
1586 2549 1685 2584 istis:
1711 2550 1783 2585 fus-

122 2603 170 2638 tis
199 2603 236 2638 E
363 2607 424 2639 511
459 2608 496 2640 te
625 2609 688 2640 513
713 2605 799 2641 lecti
824 2618 864 2647 ς,·
886 2606 1002 2641 lectus
1026 2606 1227 2651 qenetivum
1257 2609 1408 2641 testatur
1431 2604 1645 2640 Priscianus
1669 2609 1700 2648 1,
1717 2607 1784 2640 257

122 2658 278 2700 (Probus
302 2660 396 2695 calli.
421 2661 476 2703 29,
499 2663 568 2703 31),
592 2662 644 2706 cf.
672 2661 704 2696 Τ
702 2662 770 2696 rin.
795 2664 859 2696 651
886 2661 1023 2696 Bacch.
1049 2664 1132 2703 756,
1164 2662 1426 2707 Bruqmannus
1449 2666 1636 2697 comment.
1662 2662 1783 2697 Bonn.

123 2715 166 2748 95
178 2726 251 2760 sq.;
281 2716 572 2762 proceleumatici
604 2723 772 2763 quartum
803 2719 1002 2764 septenarii
1030 2718 1146 2753 locum
1178 2718 1389 2763 occupantis
1419 2718 1622 2765 eoeemplum
1647 2718 1784 2753 nullum

123 2772 187 2815 (cf.
212 2772 293 2807 Aul.
318 2774 381 2808 187
407 2773 594 2809 Curc.17·‘>'
623 2773 733 2820 Epicl.
757 2775 824 2808 ¹202
858 2773 1075 2816 T1·uc.883),
1103 2778 1253 2820 praeter
1276 2773 1408 2810 Pseud.
1434 2775 1500 2809 704
1529 2774 1592 2810 ubi
1614 2775 1784 2810 comicum

128 2827 195 2861 vim
220 2827 351 2870 haben
373 2827 437 2863 sed
459 2828 517 2864 hic
533 2840 657 2864 versus
680 2841 866 2865 caesuram
891 2829 996 2865 habet
1020 2841 1092 2864 non
1118 2830 1297 2865 diaeresin
1388 2830 1488 2866 locu
1515 2830 1567 2866 B¹
