1998 3179
113 92 169 123 111³
188 91 291 120 39-69
828 90 1069 127 GVRCVLIO
1695 93 1776 130 325

116 207 219 246 LYc.
268 205 364 244 Novi
395 204 534 256 edepol
565 217 724 253 nomen,
755 217 845 244 nam
876 205 970 244 mihi
998 206 1098 245 istoc
1128 207 1302 253 nomine,

117 274 210 313 dum
239 272 383 318 scribo,
415 272 563 323 explevi
593 278 692 312 totas
723 284 832 312 ceras
863 279 1060 323 quattuor.

115 342 183 382 sed
215 339 307 392 quid
336 341 535 393 Lyconem
567 339 749 392 quaeris?
807 341 935 382 Cch.
985 341 1248 381 Mandatumst
1276 342 1384 390 mihi,

115 415 160 448 ut
188 409 257 448 has
287 407 447 447 tabellas
477 409 523 447 ad
554 420 645 448 eum
676 408 832 447 ferrem.
889 409 992 449 LYc.
1044 408 1139 455 Quis
1168 415 1211 448 tu
1240 409 1358 449 homo
1389 409 1459 450 es?

114 476 242 517 CVRC.
291 475 474 515 Libertus
503 475 620 523 illius,
652 487 767 526 quem
800 488 937 515 omnes
968 476 1225 515 Summanum
1255 484 1407 517 vocant.

113 544 218 583 LYc.
269 543 494 590 Summane‚
525 543 640 582 salve.
699 543 767 594 qui
797 542 1077 582 Summanu’s?
1107 544 1166 582 sao
1197 544 1328 583 sciam.

118 611 245 651 CVRC.
295 611 393 657 Quia
423 611 666 657 vestimenta,
698 609 765 649 ubi
796 609 1012 649 obdormivi
1043 611 1187 658 ebrius,

117 690 334 726 summano,
368 678 418 718 ob
449 690 532 717 eam
564 690 646 716 rem
676 689 738 716 me
770 689 909 717 omnes
939 678 1197 717 Summanum
1228 685 1381 718 vocant.

116 748 219 788 LYc.
268 745 368 785 Alibi
399 752 437 786 te
466 745 622 785 meliust
652 757 843 796 quaerere
873 745 1085 797 hospitium
1117 746 1207 785 tibi:

115 814 219 866 apud
248 816 310 853 me
341 814 520 865 profecto
552 813 647 852 nihil
678 819 736 852 est
766 813 980 852 Summano
1012 814 1099 852 loci.

114 882 181 921 sed
211 881 328 921 istum
361 893 478 932 quem
509 881 663 931 quaeris
693 893 764 932 ego
796 893 894 920 sum.
954 880 1081 921 Cvssc.
1131 879 1297 928 Quaeso,
1327 886 1422 920 tune
1453 881 1484 921 is
1516 893 1568 928 es,

115 949 218 1001 Lyco
249 947 461 1000 trapezita?
519 949 623 988 Lm
672 948 755 1000 Ego
787 961 887 988 sum.
948 948 1075 988 CVRC.
1125 948 1284 988 Multam
1315 961 1377 988 me
1407 948 1476 988 tibi

114 1017 277 1055 salutem
307 1016 418 1055 iussit
447 1016 818 1068 Therapontigonus
848 1016 989 1061 dicere,

114 1091 152 1123 et
181 1084 250 1123 has
279 1083 442 1123 tabellas
472 1085 564 1123 dare
594 1096 656 1123 me
687 1084 809 1123 iussit.
868 1084 971 1123 Lm
1021 1082 1171 1122 Mihin?
1230 1083 1357 1123 CVRC.
1408 1083 1475 1122 Ita.

115 1164 222 1203 cape,
253 1152 410 1203 signum
441 1163 573 1191 nosce.
634 1151 796 1191 nostin?
856 1152 959 1191 LYC.
1009 1150 1154 1196 Quidni
1186 1149 1387 1190 noverim?

115 1219 317 1270 clupeatus
348 1219 600 1271 elephantum
631 1218 698 1258 ubi
729 1219 931 1258 machaera
962 1218 1121 1257 dissicit.

115 1286 244 1327 CVRC.
295 1286 410 1332 Quod
442 1286 528 1326 istic
558 1286 750 1337 scriptum
782 1293 851 1332 est,
884 1286 920 1325 id
954 1293 992 1324 te
1023 1297 1135 1324 orare
1165 1285 1330 1325 iusserat

116 1355 296 1404 profecto
329 1359 371 1392 ut
400 1354 564 1402 faceres,
595 1366 706 1393 suam
737 1354 769 1393 si
799 1354 916 1393 velles
947 1353 1123 1404 gratiam.

113 1422 217 1462 Lm
269 1421 460 1467 Concede,
491 1421 696 1472 inspiciam
728 1421 820 1472 quid
852 1421 902 1460 sit
931 1420 1135 1472 scriptum.
1195 1420 1323 1460 CVRC.
1374 1420 1550 1465 Maxime,

113 1495 182 1528 tuo
212 1488 416 1535 arbitratu,
448 1488 541 1528 dum
571 1489 743 1527 auferam
775 1487 843 1527 abs
873 1494 911 1526 te
941 1487 977 1526 id
1010 1487 1115 1539 quod
1146 1494 1251 1539 peto.

114 1556 217 1597 LYC.
263 1551 392 1595 ‘Miles
422 1556 571 1608 Lyconi
602 1558 641 1594 iu
673 1555 870 1607 Epidauro
902 1555 1045 1606 hospiti

114 1636 185 1663 suo
217 1623 592 1675 Therapontigonus
624 1623 893 1673 Platagidorus
922 1623 1132 1674 plurimam

114 1692 278 1732 salutem
307 1685 422 1730 dicit?
486 1691 614 1732 Cch.
665 1691 773 1730 Meus
804 1691 866 1729 hic
897 1696 968 1738 est,
999 1691 1158 1730 hamum
1187 1695 1309 1728 vorat.

113 1760 217 1800 LYc.
263 1754 429 1799 ‘Tecum
461 1772 530 1798 oro
562 1765 600 1798 et
631 1771 788 1810 quaeso,
823 1759 887 1809 qui
918 1758 987 1798 has
1018 1758 1179 1798 tabellas
1210 1758 1359 1797 adferet

114 1827 198 1876 tibi,
229 1834 273 1867 ut
303 1827 337 1867 ei
368 1827 486 1866 detur
515 1839 632 1878 quam
663 1827 750 1865 istic
781 1827 856 1865 emi
887 1826 1093 1877 virginem,

116 1894 221 1946 quod
252 1901 290 1934 te
319 1899 528 1946 praesente
559 1894 622 1933 isti
653 1894 714 1945 egi
744 1900 861 1945 teque
892 1894 1123 1944 interprete,

116 1968 154 2002 et
183 1974 321 2001 aurum
354 1968 391 2000 et
420 1967 578 2001 vestem.
638 1961 712 2000 iam
745 1962 820 2001 scis
850 1968 892 2000 ut
922 1960 1169 2000 convenerit:

115 2036 320 2083 argentum
351 2030 419 2069 des
449 2030 596 2077 lenoni,
626 2029 659 2069 is
688 2029 779 2068 huic
810 2029 875 2068 det
906 2022 1116 2080 virginem?

115 2098 182 2138 ubi
213 2096 350 2150 ipsus?
382 2109 452 2136 cur
483 2109 564 2136 non
595 2095 731 2136 venit?
790 2097 918 2138 CVRC.
968 2096 1051 2147 Ego
1082 2096 1205 2135 dicam
1239 2094 1329 2134 tibi:

116 2165 204 2217 quia
236 2165 545 2216 nudiusquartus
575 2164 752 2204 venimus
783 2165 820 2204 in
855 2164 1004 2204 Cariam

116 2246 163 2273 ex
193 2232 322 2281 India;
352 2232 407 2271 ibi
438 2245 546 2272 nune
577 2238 744 2271 statuam
776 2232 854 2271 volt
885 2232 975 2271 dare
1006 2242 1163 2270 auream

228 2401 294 2432 410
320 2400 476 2443 quatuor
499 2396 578 2433 BV
667 2400 729 2432 411
749 2396 903 2432 liconem
922 2396 998 2431 BV
1080 2396 1289 2432 mandatust
1306 2394 1388 2438 BE,
1412 2394 1604 2430 mandatus
1629 2394 1685 2428 est
1709 2391 1740 2424 V

116 2457 182 2490 412
205 2454 318 2490 ferret
345 2455 388 2496 B,
413 2454 531 2490 ferreo
565 2453 605 2496 V,
630 2453 826 2489 abscissum
850 2454 888 2488 in
913 2453 949 2488 Ε
1037 2456 1105 2489 414
1129 2462 1330 2488 summanes
1356 2451 1453 2487 salve
1545 2449 1622 2485 seia
1651 2447 1742 2482 B¹V

117 2515 181 2547 415
212 2512 426 2547 vestimenta
455 2510 575 2556 <mea>
603 2509 859 2545 Fleckeisenus
952 2512 1017 2544 416
1049 2512 1157 2545 vocat
1180 2508 1232 2543 B¹
1325 2510 1390 2542 420
1415 2508 1487 2543 lico
1578 2508 1645 2540 424
1671 2504 1783 2550 clipe-

117 2571 200 2604 atus
313 2566 457 2603 Nonius
479 2566 562 2601 290
593 2565 728 2611 diligit,
760 2566 899 2602 dividit.
947 2566 999 2600 Pl.
1025 2566 1063 2600 in
1090 2565 1215 2600 Curc.:
1243 2564 1418 2610 clipeatus
1448 2563 1645 2607 eligantum
1675 2563 1783 2603 (-ant)

117 2624 181 2660 ubi
212 2623 289 2667 (ibi)
318 2633 463 2659 macera
492 2621 629 2667 diligit,
660 2623 709 2668 cf.
742 2622 882 2658 Paulus
909 2623 1032 2664 69,15
1121 2621 1190 2656 tibi
1223 2620 1253 2654 V
1255 2619 1292 2654 E
1381 2619 1531 2655 dessicit
1644 2619 1710 2652 428
1741 2619 1783 2652 tu

117 2680 170 2715 B¹
237 2680 399 2716 adferam
490 2681 556 2713 429
580 2669 663 2724 epla.
686 2683 721 2714 et
737 2681 801 2713 437
826 2678 903 2714 LY.
918 2689 1056 2724 praem.
1082 2676 1151 2712 VE
1221 2675 1333 2711 liconi
1405 2675 1644 2719 inephidauro
1662 2673 1740 2708 BV

117 2736 297 2782 (hospes)
324 2735 461 2781 hospiti
492 2734 766 2777 Fleckeisenus,
800 2735 851 2779 cf.
877 2734 991 2769 Poen.
1020 2734 1096 2768 685
1207 2734 1274 2767 434
1305 2732 1388 2768 istic
1479 2731 1539 2766 hic
1570 2730 1645 2775 egit
1672 2728 1783 2765 schol.

119 2792 205 2826 Aen.
230 2793 274 2836 4,
306 2792 384 2827 608
497 2793 564 2826 436
593 2791 625 2826 is
655 2791 741 2826 huic
776 2791 838 2826 det
869 2789 1083 2825 Muellerus:
1115 2788 1200 2823 huic
1233 2788 1296 2823 des
1412 2790 1475 2822 437
1507 2788 1625 2832 ipsust
1654 2785 1781 2822 Fleck-

119 2848 260 2883 eisenus
350 2850 415 2883 438
440 2847 649 2883 advenimus
674 2847 817 2883 Cariam
843 2845 1015 2881 Goetzz'us

1787 285 1845 318 410

1788 622 1845 655 415

1792 961 1848 993 420

1793 1299 1850 1331 425

1791 1634 1848 1666 430

1793 1972 1850 2004 435
