2018 3183
234 102 313 139 310
968 99 1149 135 PLAVTI
1725 96 1739 124 1
1759 98 1783 129 1.
1794 97 1894 124 16-4r

233 217 345 264 salve,
376 214 585 256 valuistin?
644 215 746 254 PAL.
798 213 950 253 Ostium
983 212 1306 259 occlusissimum,

233 284 409 324 caruitne
440 282 561 322 febris
591 288 628 320 te
659 281 743 320 heri
774 280 832 319 vel
864 280 1150 320 nudiustertius

234 359 272 391 et
301 351 384 390 heri
416 347 684 389 cenavistine?
743 349 915 388 PHAED.
967 347 1182 388 Deridesne
1212 345 1303 387 me?

229 418 332 458 PAL.
383 417 485 462 Quid
515 422 556 456 tu
588 428 696 467 ergo,
727 416 877 463 insane,
908 415 1054 467 rogitas
1084 415 1258 454 valeatne
1289 413 1458 454 ostium?

232 485 400 524 PHAED.
450 483 710 523 Bellissimum
740 483 872 523 hercle
902 483 977 523 vidi
1008 488 1046 523 et
1076 482 1441 530 taciturnissimum,
1924 491 1960 523 20

232 563 446 603 numquam
476 550 600 590 ullum
630 550 792 591 verbum
823 552 973 592 muttit:
1006 562 1094 590 cum
1126 550 1300 602 aperitur
1330 556 1443 598 tacet,

233 631 323 658 cum
354 618 416 657 illa
447 624 568 658 noctu
599 618 820 659 clanculum
851 619 898 659 ad
928 631 991 658 me
1021 618 1110 665 exit,
1143 624 1257 656 tacet.

228 686 332 726 PAL.
382 686 580 738 Numquid
610 693 651 725 tu
683 687 788 738 quod
819 693 857 726 te
888 692 955 727 aut
982 697 1129 737 genere
1160 685 1368 736 indignum
1399 685 1448 724 sit
1479 691 1546 725 tuo

229 755 323 794 facis
352 760 418 793 aut
448 754 625 806 inceptas
655 755 807 794 facinus
839 754 980 801 facere,
1013 750 1284 792 Phaedrome?

231 835 324 862 num
356 828 399 861 tu
430 821 594 873 pudicae
626 822 794 874 cuipiam
826 820 984 860 insidias
1014 820 1119 859 locas
1925 828 1961 860 25
2015 859 2018 876 Ξ

229 895 294 928 aut
327 901 443 940 quam
474 889 655 941 pudicam
688 892 772 928 esse
803 885 986 940 oportet?
1044 887 1214 926 PHAED.
1264 886 1432 933 Nemini,
2014 881 2018 890 ⁴

229 968 303 995 nec
332 968 394 995 me
424 955 488 995 ille
518 956 603 995 sirit
633 956 822 1008 Iuppiter.
881 956 984 995 PAL.
1035 954 1118 1005 Ego
1150 954 1242 992 item
1272 954 1373 993 volo.

228 1024 280 1063 ita
310 1030 419 1063 tuom
451 1023 630 1063 conferto
663 1035 792 1063 amare
823 1035 992 1074 semper,
1023 1022 1055 1062 si
1085 1022 1202 1074 sapis,

229 1103 279 1130 ne
309 1091 347 1130 id
378 1091 483 1142 quod
514 1103 619 1130 ames
652 1090 819 1142 populus
850 1091 881 1130 si
913 1090 1021 1137 sciat,
1052 1089 1122 1128 tibi
1154 1089 1203 1129 sit
1235 1088 1397 1141 probro.

231 1170 386 1210 semper
417 1164 552 1198 curato
586 1171 634 1197 ue
664 1158 718 1198 sis
748 1157 993 1198 intestabilis.
1922 1167 1959 1197 3«)

230 1227 400 1266 PHAED.
450 1225 553 1272 Quid
583 1226 683 1266 istuc
715 1231 773 1265 est
803 1223 939 1264 verbi?
997 1224 1099 1282 PAL.
1152 1223 1270 1264 Caute
1302 1231 1345 1264 ut
1376 1225 1532 1265 incedas
1563 1225 1640 1264 via:
1920 1233 1958 1266 32

228 1295 331 1346 quod
363 1306 468 1333 amas
499 1300 625 1333 amato
657 1293 822 1333 testibus
852 1291 1138 1344 praesentibus.
1921 1302 1957 1334 31

226 1363 395 1402 PHAED.
446 1361 551 1407 Quin
583 1361 674 1401 leno
704 1361 768 1400 hic
798 1360 957 1400 habitat.
1024 1360 1127 1400 PAL.
1179 1359 1301 1398 Nemo
1332 1359 1424 1399 hinc
1454 1360 1637 1412 prohibet
1675 1374 1748 1402 nec
1779 1370 1891 1411 vetat,

227 1430 321 1482 quin
354 1430 458 1481 quod
490 1428 616 1481 palam
647 1435 706 1468 est
736 1428 884 1475 venale,
915 1428 947 1467 si
978 1434 1185 1479 argentum
1217 1433 1287 1476 est,
1318 1440 1435 1467 emas.

227 1511 344 1538 nemo
375 1498 432 1537 ire
463 1509 699 1548 quemquam
730 1497 886 1548 publica
917 1496 1102 1548 prohibet
1130 1496 1213 1544 via3
1653 1543 1658 1548 ι
1923 1507 1959 1538 35

226 1566 317 1605 dum
349 1578 399 1604 ne
430 1577 501 1617 per
530 1565 696 1604 fundum
727 1572 906 1617 saeptum
936 1564 1053 1603 facias
1083 1564 1272 1607 semitam,

226 1634 319 1674 dum
349 1634 412 1672 ted
443 1632 641 1673 abstineas
672 1640 806 1684 nupta,
838 1633 964 1679 vidua,
993 1632 1157 1684 virgine,

225 1703 426 1741 iuventute
458 1708 496 1740 et
526 1701 659 1753 pueris
688 1700 835 1748 liberis,
867 1713 952 1740 ama
984 1700 1076 1752 quid
1109 1699 1230 1739 lubet.

224 1770 393 1810 PHAED.
444 1769 618 1809 Lenonis
649 1769 720 1808 hae
751 1775 845 1808 sunt
875 1769 1003 1808 aedes.
1062 1769 1165 1808 PAL.
1215 1767 1313 1807 Male
1343 1768 1426 1808 istis
1457 1774 1607 1808 evenat.

224 1837 394 1877 PHAED.
445 1835 549 1883 Qui?
608 1838 710 1877 PAL.
761 1836 860 1883 Quia
891 1836 1093 1876 scelestam
1124 1836 1350 1876 servitutem
1380 1837 1567 1876 serviunt.
1923 1845 1962 1878 40
2007 1870 2009 1875 .

224 1906 394 1945 PHAED.
445 1905 682 1956 Obloquere.
742 1904 844 1945 PAL.
895 1904 979 1944 Fiat
1009 1916 1201 1943 maxume.
1261 1905 1432 1945 PHAED.
1482 1904 1607 1944 Etiam
1637 1903 1770 1944 taces?

225 1973 328 2013 PAL.
387 1973 536 2025 Nempe
567 1973 728 2025 obloqui
762 1984 822 2011 me
854 1973 1036 2012 iusseras.
1096 1972 1266 2012 PHAED.
1319 1974 1367 2011 At
1399 1985 1505 2012 nunc
1536 1978 1633 2012 veto.

226 2041 292 2080 sed
323 2041 372 2079 ita
404 2039 461 2078 uti
493 2041 628 2092 occepi
661 2040 813 2080 dicere:
846 2040 880 2079 ei
912 2038 1094 2079 ancillula
1125 2046 1196 2079 est.

224 2109 326 2147 PAL.
377 2107 525 2159 Nempe
555 2108 646 2147 huic
678 2107 812 2147 lenoni
844 2107 910 2158 qui
942 2107 1007 2146 hic
1038 2105 1217 2146 habitat?
1277 2107 1448 2147 PHAED.
1498 2107 1620 2147 Recte
1651 2113 1774 2148 tenes.

224 2175 327 2215 PAL.
377 2174 506 2214 Minus
536 2175 768 2222 formidabo,
801 2187 851 2213 ne
883 2175 1046 2214 excidat.
1108 2175 1278 2215 PHAED.
1330 2175 1498 2214 Odiosus
1528 2187 1582 2215 es.
1920 2183 1957 2216 45

225 2255 307 2282 eam
339 2242 417 2281 volt
446 2242 691 2282 meretricem
723 2243 864 2281 facere.
925 2244 969 2281 ea
999 2253 1061 2281 me
1093 2242 1258 2293 deperit,

224 2323 296 2362 ego
327 2317 454 2350 autem
488 2322 578 2350 cum
609 2309 670 2348 illa
703 2310 831 2349 facere
863 2309 955 2348 nolo
988 2316 1177 2348 mutuom.

339 2456 379 2490 16
403 2454 575 2490 voluistin
601 2452 670 2489 VE
758 2454 846 2489 ΡΑ».
865 2453 927 2488 L..·
953 2464 1021 2489 om.
1118 2457 1156 2488 17
1182 2454 1271 2489 Pu..
1295 2464 1434 2499 praem.
1527 2454 1645 2490 caruit
1667 2464 1724 2490 me
1750 2454 1819 2490 VE

223 2512 283 2547 uel
313 2511 335 2545 ἱ.
361 2521 389 2545 e.
422 2510 493 2554 vel,
522 2510 555 2546 si
576 2509 694 2555 febris
726 2516 788 2545 tua
820 2514 1004 2556 quartana
1037 2515 1107 2552 est,
1139 2510 1401 2545 nudiustertius
1515 2513 1554 2545 21
1581 2510 1692 2547 mittit
1715 2510 1807 2547 B¹E

225 2570 266 2602 22
292 2578 442 2612 cumque
466 2565 628 2614 Pylades
721 2569 764 2602 23
788 2567 910 2612 generi
1004 2569 1047 2602 24
1070 2566 1259 2612 incoeptas
1284 2566 1338 2609 B,
1360 2566 1529 2612 inceptus
1555 2566 1592 2602 E
1682 2570 1724 2603 26
1748 2572 1893 2614 oportet

223 2634 302 2659 esse
328 2623 486 2670 Pylades
590 2626 631 2658 27
656 2623 711 2658 ini
742 2622 813 2658 VE
906 2622 1004 2668 sinit,
1029 2633 1122 2658 corr.
1148 2622 1315 2659 Muretus
1419 2625 1486 2658 31.
1500 2625 1542 2658 32
1568 2625 1796 2671 transposuit
1817 2625 1893 2661 Bo-

223 2679 318 2715 thius
388 2682 430 2714 32
455 2679 559 2715 uerbi
584 2690 653 2714 om.
687 2678 753 2714 VE
821 2683 859 2714 31
888 2682 1008 2716 amato
1036 2679 1284 2716 Camerarius:
1308 2689 1391 2715 ama
1459 2682 1502 2715 33
1526 2680 1612 2716 hinc
1637 2693 1673 2717 ς.·
1697 2680 1782 2716 huic
1815 2680 1891 2723 ΥΕ,

222 2735 281 2771 hic
306 2735 342 2770 B
419 2738 461 2770 36
486 2735 599 2772 faciat
616 2734 870 2772 Fleckeisenus
893 2736 1116 2782 coniungens
1139 2746 1219 2771 cum
1243 2746 1275 2771 υ.
1293 2736 1344 2771 35
1415 2738 1456 2770 37
1474 2738 1512 2772 te
1589 2739 1632 2772 39
1655 2736 1802 2774 eueniat

225 2794 267 2826 43
292 2791 355 2827 sed
378 2791 431 2828 ita
455 2793 495 2827 ut
519 2791 687 2827 Reizius:
710 2791 749 2826 id
773 2792 828 2828 uti
852 2791 907 2834 B,
939 2791 1060 2828 induti
1093 2791 1180 2834 VE,·
1213 2792 1262 2838 cf·
1287 2791 1398 2828 Poen.
1425 2793 1500 2828 470
1614 2796 1659 2829 44
1682 2794 1792 2830 habet
1815 2794 1892 2831 Bo-

225 2846 320 2882 thius
427 2851 470 2883 45
495 2849 638 2893 exedat,
665 2859 758 2884 corr.
786 2848 985 2884 Lambinus
1078 2851 1122 2883 46
1146 2848 1230 2894 (at)
1253 2858 1297 2884 ea
1321 2847 1575 2885 Fleckeisenus
