1998 3179
119 62 146 91 v
162 65 188 97 2,
202 65 304 93 34—53
832 64 1057 101 EPIDICVS
1691 65 1772 103 375

119 178 216 218 PER.
265 178 339 217 Ain
372 177 444 218 tu?
475 177 616 218 libuit?
673 179 748 220 ΕΡ.
798 179 884 218 Αἰο.
944 179 1002 219 vei
1033 179 1080 218 da
1110 179 1266 231 pignus,
1299 179 1340 218 ni
1371 191 1413 219 ea
1444 180 1492 219 sit
1522 180 1611 219 filia.

120 245 216 285 PER.
267 244 393 291 Quam
424 252 542 298 negat
571 246 725 286 novisse
756 245 908 286 mater?
966 247 1041 287 ΕΡ.
1091 247 1138 285 Ni
1169 258 1263 297 ergo
1297 247 1430 287 matris
1459 247 1536 287 filia
1569 254 1640 294 est,
1785 256 1841 287 700

119 312 156 351 in
173 324 305 352 meum
321 325 538 359 nummum,
563 313 603 352 in
620 319 728 352 tuom
745 314 935 352 talentum
952 314 1096 365 pignus
1112 314 1170 352 da.
1202 314 1303 354 PER.
1324 314 1439 354 Enim
1456 315 1576 354 istaec
1597 316 1773 367 captiosi.

119 379 183 418 sed
214 379 301 431 quis
331 386 412 419 east
439 379 610 419 mulier?
668 381 743 421 ΕΡ.
793 381 867 420 Tui
896 381 1003 432 gnati
1034 380 1167 426 amica,
1199 386 1243 420 ut
1273 394 1428 421 omnem
1459 379 1591 436 (rem)
1620 382 1732 422 scias.

121 446 218 487 PER.
267 446 392 486 Dedin
424 446 496 486 tibi
527 448 651 487 minas
681 448 839 499 triginta
870 446 920 486 oh
952 445 1099 486 filiam?
1157 448 1232 487 ΕΡ.
1283 448 1423 488 Fateor
1453 449 1559 489 datas

119 520 155 553 et
185 526 231 553 eo
262 521 425 566 argento
457 515 561 554 illam
591 528 653 554 me
685 515 824 554 emisse
854 515 1018 553 amicam
1048 514 1101 552 fili
1131 514 1327 553 fidicinam

118 592 188 632 pro
219 587 285 620 tua
314 581 411 621 filia:
445 582 477 621 is
506 589 544 621 te
576 595 660 621 eam
691 581 741 621 ob
772 593 856 621 rem
885 581 995 632 tetigi
1025 580 1186 631 triginta
1216 582 1345 621 minis.
1787 592 1842 624 705

118 647 216 688 PER..
267 648 354 695 Quo
384 650 501 688 modo
533 652 594 689 me
623 650 736 689 ludos
767 649 893 688 fecisti
924 649 971 687 de
1002 647 1065 686 illa
1097 647 1341 688 conducticia

118 714 301 754 fidicina?
359 717 434 756 ΕΡ.
484 716 644 756 Factum
676 717 807 756 hercle
838 727 942 763 vero,
975 722 1013 754 et
1043 722 1150 755 recte
1180 716 1325 755 factum
1357 716 1498 755 iudico.

117 782 214 823 PER.
264 782 362 828 Quid
383 790 581 835 postremo
603 791 765 835 argento
788 785 933 823 factum
955 789 1013 822 est
1034 782 1140 834 quod
1171 781 1290 822 dedi?
1350 783 1424 823 ΕΡ.
1463 784 1594 823 Dicam
1626 785 1715 823 tibi:

118 863 246 902 neque
275 851 377 890 malo
407 851 558 890 homini
590 864 718 903 neque
748 852 920 903 maligno
950 857 1018 890 tuo
1050 850 1138 890 dedi
1169 851 1432 902 Stratippocli.

117 917 219 958 PER.
270 918 381 965 Quor
410 920 501 958 dai-e
523 918 682 959 ausu's?
739 919 814 959 ΕΡ.
861 918 959 964 Quia
990 918 1042 957 mi
1072 918 1225 957 libitum
1258 925 1328 958 est.
1387 919 1490 959 PER.
1527 918 1634 964 Quae
1665 918 1773 963 haec,

1003 986 1159 1033 malum,
1192 985 1500 1037 impudentiast?
1787 995 1842 1027 710

117 1052 191 1092 ΕΡ.
241 1053 364 1093 Etiam
404 1054 627 1094 inclamitor
664 1054 773 1105 quasi
811 1052 971 1094 servos?
1030 1054 1132 1093 PER.
1184 1053 1280 1093 Cum
1320 1060 1363 1092 tu
1393 1066 1435 1093 es
1466 1054 1578 1100 liber,
1609 1053 1773 1104 gaudeo.

116 1120 191 1160 ΕΡ.
226 1120 349 1161 Merui
372 1129 413 1160 ut
434 1123 580 1161 fierem.
633 1122 736 1161 ΡΕΡ..
773 1121 831 1160 Tu
853 1120 1059 1160 meruisti?
1098 1121 1172 1160 ΕΡ.
1209 1120 1296 1160 Vise
1319 1121 1444 1160 intro:
1477 1133 1549 1173 ego
1572 1122 1658 1160 faxo
1675 1121 1774 1160 scies

115 1188 190 1227 hoc
222 1188 271 1227 ita
304 1201 400 1228 esse.
459 1189 558 1229 PER.
610 1188 710 1235 Quid
743 1195 802 1228 est
832 1187 994 1239 negoti?
1052 1189 1127 1228 ΕΡ.
1177 1188 1255 1227 lam
1288 1188 1369 1240 ipsa
1402 1201 1464 1228 res
1495 1189 1596 1228 dicet
1626 1189 1709 1228 tihi.

116 1254 177 1294 abi
219 1255 334 1295 modo
373 1257 491 1295 intro.
551 1257 628 1296 ΑΡ.
678 1256 743 1302 Ei,
786 1269 864 1295 non
909 1256 1000 1295 illuc
1032 1263 1231 1295 temerest.
1289 1256 1392 1296 PER.
1443 1256 1611 1295 Adserva
1642 1257 1772 1301 istum,

1184 1324 1416 1374 Apoecides.
1447 1346 1501 1351 —

113 1389 192 1430 ΑΡ.
244 1390 345 1436 Quid
376 1391 480 1437 illuc,
512 1390 686 1442 Epidico,
719 1397 775 1430 est
808 1389 970 1442 negoti?
1029 1391 1103 1430 ΕΡ.
1154 1390 1317 1429 Maxima
1348 1390 1478 1430 hercle
1510 1391 1651 1430 iniuria
1785 1400 1842 1432 715

114 1457 268 1496 vinctus
298 1463 393 1506 asto,
426 1458 537 1497 cuius
567 1459 662 1497 haec
693 1458 806 1497 hodie
838 1462 957 1509 opera
988 1457 1182 1496 inventast
1212 1457 1301 1496 filia.

112 1523 191 1564 ΑΡ.
240 1525 314 1563 Αἰη
347 1533 387 1564 ω
420 1533 456 1564 te
487 1525 589 1565 illius
619 1525 815 1565 invenisse
846 1523 991 1564 filiam?
1049 1525 1124 1565 ΕΡ.
1177 1524 1324 1571 Inveni,
1357 1531 1395 1563 et
1425 1526 1529 1564 domi
1562 1533 1631 1565 est.

113 1591 180 1630 sed
213 1598 259 1636 ut,
283 1592 466 1631 acerbum
499 1599 568 1639 est,
599 1604 672 1644 pro
703 1593 805 1632 bene
836 1593 945 1632 factis
978 1604 1066 1631 cum
1097 1592 1186 1631 mali
1216 1593 1374 1632 messim
1406 1600 1540 1632 metas.

112 1658 190 1698 ΑΡ.
241 1659 419 1705 Quamne
451 1660 565 1699 hodie
594 1673 667 1712 per
698 1660 834 1700 urbem
866 1667 1032 1711 uterque
1063 1672 1198 1700 sumus
1228 1660 1370 1700 defessi
1402 1659 1618 1712 quaerere?

113 1726 188 1766 ΕΡ.
238 1726 322 1778 Ego
353 1740 439 1767 sum
470 1728 645 1767 defessus
676 1728 864 1779 reperire,
896 1741 963 1768 vos
993 1727 1134 1768 defessi
1166 1739 1365 1779 quaerere.
1787 1738 1842 1770 720

112 1794 215 1833 PER.
265 1794 365 1840 Quid
396 1795 458 1834 isti
489 1796 606 1834 oratis
638 1807 758 1846 opere
790 1795 928 1834 tanto?
989 1796 1041 1834 mi
1069 1793 1313 1849 (orandum)
1343 1809 1427 1835 esse
1458 1796 1655 1848 intellege.

112 1870 156 1901 ut
185 1863 298 1902 liceat
328 1863 467 1902 merito
498 1863 613 1903 huius
645 1864 785 1902 facere.
847 1864 942 1903 cedo
974 1871 1015 1902 tu
1047 1871 1090 1903 ut
1121 1864 1315 1903 exsolvam
1346 1876 1497 1904 manus.

111 1930 188 1969 ΕΡ.
227 1930 284 1969 Ne
309 1930 457 1981 attigas.
498 1931 599 1970 PER.
641 1930 814 1969 Ostende
835 1943 940 1969 vero.
981 1931 1055 1971 ΕΡ.
1088 1931 1197 1970 Nolo.
1238 1932 1338 1972 PER.
1368 1932 1455 1971 Non
1479 1944 1642 1982 aequom
1666 1932 1773 1970 facis.

225 2043 291 2076 699
315 2040 363 2076 da
385 2042 434 2076 A:
457 2041 504 2076 ad
527 2040 564 2075 P
650 2042 689 2076 ni
713 2053 756 2077 ea
779 2041 833 2076 B:
855 2052 935 2077 mea.
960 2040 1036 2082 EI;
1063 2043 1094 2076 Α
1119 2054 1153 2076 η.
1178 2041 1200 2076 l.
1294 2046 1356 2078 701
1383 2041 1604 2088 Ρειηῗρῇαηῖς
1628 2041 1690 2077 EI

111 2097 219 2141 emim
250 2098 355 2132 etiam
388 2099 419 2132 Α
533 2098 602 2132 iste
626 2096 677 2140 P,
709 2107 804 2133 corr.
837 2097 995 2133 Brixius
1025 2099 1069 2140 (A
1094 2109 1128 2132 η.
1153 2097 1192 2140 Ζ.)
1306 2100 1372 2133 702
1395 2097 1510 2144 (rem)
1542 2098 1721 2143 Pylades;
1744 2101 1775 2134 A

110 2165 146 2188 η.
174 2153 195 2188 l.
288 2156 354 2187 703
378 2153 487 2189 dedin
509 2152 582 2188 AI:
605 2154 713 2188 diden
738 2152 814 2188 BE
914 2157 980 2189 704
1004 2165 1046 2190 eo
1073 2154 1142 2188 B2:
1166 2165 1230 2198 ego
1255 2153 1324 2189 ΑΡ
1424 2158 1489 2190 705
1513 2154 1545 2190 is
1569 2158 1606 2190 te
1629 2154 1775 2190 Merula

110 2214 145 2245 et
160 2210 268 2245 istam
282 2208 364 2252 (hoc
379 2211 516 2252 vitiose)
535 2210 580 2245 ob
596 2221 672 2245 rem
689 2223 723 2246 ςι
748 2211 818 2246 iste
839 2210 950 2246 abore
967 2209 1011 2255 P,
1035 2211 1132 2246 istaa
1148 2231 1192 2236 -—
1208 2210 1264 2246 vel
1277 2210 1385 2246 istam
1403 2230 1445 2235 ——
1462 2212 1494 2245 A
1586 2211 1701 2247 minas
1719 2211 1754 2246 B
1762 2225 1775 2253 ;

109 2267 141 2302 A
164 2277 199 2301 n.
216 2266 246 2301 -ἰ,
364 2268 428 2300 706
451 2266 585 2307 l[ud]os
609 2268 659 2301 A:
684 2266 769 2302 ludo
795 2265 830 2301 P
934 2270 998 2301 707
1024 2270 1163 2302 rectum
1190 2264 1268 2308 EI,·
1291 2269 1323 2302 A
1347 2278 1380 2301 η.
1409 2267 1431 2301 l.
1548 2270 1612 2302 708
1639 2278 1677 2303 es
1703 2267 1775 2310 13¹,-

109 2326 142 2358 A
165 2333 200 2357 η.
227 2322 249 2357 l.
367 2325 430 2357 709
454 2322 609 2368 maligno
634 2321 818 2368 scalper,
847 2328 884 2358 et
906 2334 928 2358 a
951 2334 1133 2370 apparere
1161 2322 1303 2358 videtur
1328 2324 1364 2359 in
1389 2326 1439 2359 A:
1471 2324 1625 2368 benigno
1650 2323 1686 2359 P

109 2381 173 2414 tuo
198 2389 267 2414 om.
293 2378 349 2420 B;
381 2380 412 2413 A
436 2389 471 2414 n.
498 2379 521 2413 l.
659 2379 779 2415 dedist
805 2380 942 2425 ippoeli
967 2378 1056 2422 BE,
1093 2380 1322 2424 stratiphocli
1354 2381 1438 2415 dedi
1462 2379 1502 2421 I,
1534 2380 1772 2426 ——rasi[pp]o-

110 2434 176 2470 clis
192 2435 224 2470 A
293 2438 358 2469 710
375 2435 637 2478 impudentiam:
652 2437 696 2477 A,
721 2435 889 2471 Donatus
906 2435 954 2471 acl
969 2435 1064 2471 Eun.
1090 2437 1126 2478 4,
1148 2438 1176 2478 7,
1194 2437 1264 2471 10:
1290 2447 1358 2471 om.
1385 2434 1420 2470 P
1488 2439 1668 2471 711-724
1683 2449 1772 2483 per-

104 2501 231 2537 pauca
255 2482 481 2536 lequaeztur'A
550 2494 612 2527 711
639 2491 834 2527 inclamitor
858 2502 926 2536 que
952 2492 983 2527 si
1002 2491 1096 2533 BE‚·
1119 2494 1151 2527 A
1167 2503 1201 2527 η.
1221 2492 1244 2526 l.
1313 2492 1495 2537 ragaudeo
1520 2492 1576 2527 vel
1592 2493 1773 2538 argaudeo

109 2556 248 2582 versum
266 2546 404 2582 claudit
418 2550 451 2583 A
530 2551 595 2583 712
612 2548 710 2583 uisse
728 2547 774 2590 B,
790 2549 890 2584 iusse
906 2547 963 2583 EI
969 2562 984 2590 ,·
1000 2551 1030 2583 Α
1048 2560 1081 2582 n.
1100 2548 1121 2583 l.
1205 2552 1272 2583 714
1287 2550 1318 2583 A
1336 2553 1473 2582 tantum
1490 2549 1682 2594 apoecides

110 2602 189 2638 abi:
213 2603 264 2638 ibi
287 2603 342 2646 B,
366 2603 426 2638 ibo
452 2601 490 2638 E
577 2604 621 2638 A.
646 2603 842 2640 Richterus
869 2605 905 2640 in
929 2603 1168 2640 Studemundi
1191 2603 1284 2639 stud.
1310 2605 1343 2647 1,
1368 2605 1443 2639 470
1468 2604 1542 2648 (qui
1565 2606 1715 2650 aqnovz't
1739 2606 1773 2640 ei

109 2658 390 2704 imperativum:
413 2658 453 2694 P.
542 2660 637 2704 fort.
662 2660 749 2696 illuc
772 2671 846 2696 non
937 2661 978 2695 P.
999 2659 1039 2695 I:
1062 2666 1154 2707 spat.
1175 2661 1220 2701 AB,
1244 2671 1311 2695 om.
1329 2659 1365 2694 E
1454 2661 1610 2696 aduersa.
1626 2660 1689 2696 EI

111 2716 177 2749 716
194 2716 294 2757 (e)st:
320 2716 352 2750 si
371 2714 469 2757 BOE,
493 2716 541 2752 sit
557 2714 652 2758 IB25
676 2717 708 2751 Α
725 2727 759 2752 n.
778 2717 802 2752 l.
875 2719 938 2752 718
955 2717 1060 2753 malis
1072 2727 1128 2752 me
1145 2717 1211 2752 sim
1228 2722 1391 2760 (messem
1407 2715 1446 2760 I)
1471 2717 1513 2758 P,
1539 2737 1580 2742 -
1598 2729 1634 2762 Ψ
1650 2720 1682 2753 A

111 2772 176 2804 720
200 2781 268 2806 om.
288 2769 344 2805 EI
414 2773 475 2806 721
502 2773 551 2807 mi
567 2773 743 2808 orandum
760 2783 838 2808 esse
854 2773 916 2809 L..·
942 2773 1116 2808 meruisse
1140 2771 1183 2815 P,
1209 2793 1251 2798 -—
1269 2783 1308 2818 se
1325 2774 1358 2807 A
1450 2775 1514 2808 723
1539 2774 1671 2810 atticas
1688 2774 1771 2818 BE,

110 2826 267 2872 attingas
292 2825 334 2868 I,·
355 2827 387 2862 A
410 2838 446 2863 n.
470 2827 493 2863 l.
