2018 3183
239 43 292 81 82
978 43 1158 79 PLAVTI
1697 48 1741 76 1v
1752 50 1778 83 1,
1797 50 1899 79 15-44

295 159 333 197 in
366 158 515 198 foribus
545 157 689 197 scribat
719 163 946 209 occupatam
979 161 1061 196 esse
1093 170 1147 196 se.

294 232 360 265 aut
391 226 494 277 quod
526 226 586 264 illa
618 225 720 264 dicat
750 236 914 276 peregre
946 224 1095 263 allatam
1127 224 1344 275 epistulam,

295 307 344 333 ne
375 293 538 345 epistula
569 292 726 343 quidem
757 292 831 330 ulla
864 292 913 331 sit
943 292 982 330 in
1014 292 1175 331 aedibus

295 374 367 400 nec
398 367 526 400 cerata
555 360 650 398 adeo
680 359 829 408 tabula3
861 366 899 399 et
929 360 960 399 si
992 372 1067 410 qua
1099 359 1246 399 inutilis

293 429 445 480 pictura
475 428 536 475 sit,
568 440 652 466 eam
682 427 843 467 vendat:
875 427 915 466 ni
946 427 986 466 in
1019 427 1235 478 quadriduo

292 495 533 543 abalienarit,
565 508 642 546 quo
673 495 741 534 abs
771 502 809 533 te
840 501 1044 547 argentum
1076 495 1283 547 acceperit,

291 572 379 603 tuos
409 563 618 602 arbitratus
646 563 708 610 sit,
739 562 958 610 comburas,
989 563 1021 602 si
1050 564 1154 610 velis,

294 644 342 671 ne
373 632 426 671 illi
457 632 506 670 sit
536 643 636 679 cera,
667 630 734 669 ubi
766 632 893 671 facere
924 632 1047 683 possit
1077 632 1236 671 litteras.

291 706 403 739 vocet
433 699 631 739 convivam
664 699 861 738 neminem
892 699 967 746 illa,
999 706 1040 738 tu
1071 711 1205 748 voces;

292 768 338 807 ad
369 779 506 807 eorum
539 780 586 806 ne
618 779 733 818 quem
766 767 901 806 dculos
931 767 1071 806 adiciat
1099 780 1205 806 suos.

291 835 322 875 si
354 847 470 886 quem
501 835 618 874 alium
650 835 812 886 aspexit,
843 847 956 874 caeca
987 835 1177 874 continuo
1207 835 1291 874 siet.

291 910 420 942 tecum
452 915 530 941 una
560 909 683 954 potet,
714 915 838 953 aeque
869 902 980 954 pocla
1013 903 1172 954 potitet:

290 970 358 1010 abs
388 971 451 1009 ted
483 970 660 1022 accipiat,
691 969 761 1009 tibi
792 970 990 1021 propinet,
1021 976 1063 1009 tu
1093 969 1215 1017 bibas,

291 1051 341 1077 ne
371 1038 433 1076 illa
464 1038 594 1077 minus
624 1045 690 1076 aut
720 1037 808 1088 plus
839 1050 954 1088 quam
986 1044 1027 1076 tu
1058 1031 1204 1088 sapiat?
1266 1037 1395 1079 DIAB.
1446 1038 1544 1078 Satis
1574 1039 1714 1090 placet.

287 1106 393 1146 PAR.
438 1100 710 1156 ‘Suspiciones
742 1117 878 1144 omnes
908 1105 955 1143 ab
986 1117 1027 1144 se
1058 1112 1248 1156 segreget.

291 1186 418 1224 neque
448 1172 558 1212 illaec
589 1172 655 1211 ulli
687 1173 786 1224 pede
817 1172 954 1223 pedem
986 1172 1136 1211 homini
1166 1179 1332 1223 premat,

289 1253 377 1280 cum
407 1248 555 1291 surgat,
587 1253 716 1292 neque
746 1238 883 1296 (cum)
913 1240 952 1279 in
984 1240 1127 1279 lectum
1160 1241 1366 1280 inscendat
1395 1241 1629 1292 proximum,

290 1321 418 1359 neque
449 1320 538 1347 cum
570 1308 782 1347 descendat
813 1308 916 1355 inde,
948 1308 1014 1347 det
1044 1308 1226 1359 cuiquam
1261 1320 1441 1348 manum:

287 1376 545 1428 spectandum
578 1388 628 1415 ne
659 1376 720 1415 cui
754 1376 913 1415 anulum
945 1375 1010 1415 det
1041 1388 1169 1427 neque
1201 1382 1325 1428 roget.

286 1446 383 1485 talos
413 1458 464 1484 ne
496 1445 678 1495 cuiquam
711 1444 859 1483 nemini
889 1444 1092 1483 admoveat
1124 1444 1197 1482 nisi
1228 1443 1312 1483 tibi.

287 1526 377 1553 cum
407 1513 532 1559 iaciat,
559 1506 625 1551 ‘te'
664 1525 711 1551 ne
744 1512 865 1551 dicat:
898 1524 1044 1551 nomen
1078 1512 1266 1551 nominet.

288 1582 397 1621 deam
429 1582 585 1620 invocet
614 1580 687 1619 sibi
720 1592 835 1631 quam
867 1579 1003 1619 libebit
1032 1580 1254 1631 propitiam,

288 1651 402 1689 deum
435 1649 606 1696 nullum;
637 1648 668 1688 si
700 1648 823 1699 magis
855 1648 1031 1699 religiosa
1065 1648 1195 1695 fuerit,

287 1717 357 1757 tibi
388 1717 508 1756 dicat:
539 1723 581 1755 tu
613 1729 685 1767 pro
717 1716 780 1755 illa
812 1728 900 1755 ores
932 1722 973 1755 ut
1003 1716 1053 1755 sit
1082 1715 1287 1768 propitius.

288 1798 416 1836 neque
447 1785 509 1823 illa
539 1784 605 1824 ulli
637 1784 786 1823 homini
819 1789 943 1830 nutet,
974 1784 1107 1830 nictet,
1139 1789 1297 1822 annuat.

286 1859 386 1905 post,
418 1852 449 1892 si
479 1852 639 1891 lucerna
672 1852 865 1890 exstincta
895 1851 956 1899 sit,
990 1864 1040 1890 ne
1072 1851 1162 1901 quid
1194 1851 1254 1890 sui

285 1919 450 1959 membri
482 1926 724 1959 commoveat
754 1920 962 1970 quicquam
995 1918 1034 1957 in
1066 1912 1265 1958 tenebris.'
1329 1918 1457 1959 DIAB.
1508 1917 1727 1971 Optumest.

286 1988 337 2027 ita
367 1988 516 2027 scilicet
547 1988 747 2026 facturam.
798 1999 933 2025 verum
965 1987 1003 2025 in
1038 1986 1221 2026 cubiculo
1251 2010 1306 2015 —

286 2055 397 2095 deme
426 2056 526 2095 istuc
556 2077 611 2083 —
641 2055 820 2105 equidem
852 2055 955 2094 illam
986 2055 1135 2094 moveri
1166 2054 1304 2105 gestio.

287 2123 377 2163 nolo
408 2123 511 2162 illam
541 2123 684 2162 habere
714 2118 871 2162 causam
902 2129 940 2161 et
970 2122 1127 2161 votitam
1157 2122 1302 2162 dicere.

341 2248 406 2280 762
431 2245 506 2280 ulla
529 2245 672 2290 quidem
697 2244 752 2286 E,·
774 2245 868 2280 inter
892 2244 1034 2290 quidem
1059 2248 1093 2279 et
1111 2244 1186 2279 ulla
1202 2243 1324 2279 hiatus
1416 2247 1482 2278 764
1505 2243 1543 2278 ni
1568 2255 1636 2279 om.
1662 2243 1699 2279 E
1786 2245 1898 2290 quad-

226 2303 333 2339 ridua
357 2301 394 2337 E
484 2304 548 2336 765
573 2312 660 2346 quo:
687 2301 737 2346 cf.
766 2301 844 2336 Ter.
870 2301 961 2336 And.
986 2302 1079 2342 104,
1113 2300 1181 2336 Cic.
1200 2312 1276 2347 pro
1302 2300 1409 2336 Rosc.
1434 2303 1510 2337 Am.
1535 2302 1591 2335 20
1615 2300 1676 2341 al„
1703 2301 1799 2346 quod
1823 2300 1896 2336 No-

227 2361 308 2395 nius
331 2360 407 2394 190
416 2372 430 2400 ;
454 2369 561 2403 quom
585 2358 825 2400 Abralzcmms,
850 2369 922 2403 quo
946 2358 1125 2392 sententia
1148 2357 1191 2401 fic
1215 2368 1323 2403 quam
1349 2362 1524 2403 expecto.-
1548 2357 1620 2392 nisi
1638 2361 1726 2403 post
1750 2356 1899 2403 quadri-

227 2415 336 2450 duum
370 2415 589 2456 vendiderit,
622 2419 705 2449 tuus
730 2414 928 2449 arbitratus
951 2414 1018 2456 sit,
1044 2414 1104 2449 ubi
1129 2420 1166 2448 tu
1190 2417 1383 2458 arqenlum
1407 2413 1549 2449 dederis
1685 2413 1788 2449 abste
1814 2413 1896 2454 BD,

228 2472 390 2507 Nonius:
415 2474 497 2508 exte
524 2471 559 2506 E
649 2474 713 2506 766
738 2474 813 2506 tum
837 2471 868 2506 is
894 2482 926 2506 a.
952 2471 1000 2506 sit
1024 2471 1213 2506 comburat
1237 2470 1268 2505 si
1292 2470 1381 2505 uelit:
1405 2469 1548 2505 Nonius
1649 2472 1710 2504 767
1736 2469 1827 2505 nulli
1851 2470 1899 2506 sit

226 2528 369 2564 Nonius
462 2531 527 2564 769
552 2539 675 2564 eorum
702 2528 952 2564 Camerarius.-
979 2527 1097 2563 forum
1211 2537 1424 2571 quemquam
1450 2525 1605 2561 Botln'us
1708 2530 1773 2562 770
1799 2527 1900 2562 iocus

226 2587 269 2622 ab
294 2584 361 2621 hoo
384 2584 599 2632 synqraplzo
624 2585 765 2620 alienus
880 2588 940 2619 771
968 2587 1072 2630 potet
1096 2583 1155 2618 L„-
1178 2586 1307 2629 postea
1406 2584 1503 2629 poda
1531 2582 1655 2618 B¹DE
1744 2585 1810 2618 772
1835 2583 1898 2618 ab-

227 2646 297 2679 stet
319 2641 392 2678 DE
482 2644 546 2676 776
570 2641 699 2683 (cum)
723 2640 922 2676 Muellerus
1015 2643 1079 2675 778
1105 2640 1165 2675 cui
1188 2641 1270 2676 icem
1295 2639 1438 2674 Nonius
1455 2640 1531 2673 383
1553 2643 1589 2674 et
1604 2640 1708 2681 402;
1731 2639 1898 2684 cuiquam

226 2699 384 2747 Pylades
510 2701 572 2733 780
604 2699 723 2734 iaceat
839 2700 902 2733 785
936 2700 1020 2743 post
1047 2697 1100 2732 B:
1129 2699 1212 2742 post
1236 2696 1274 2731 id
1297 2695 1372 2731 DE
1495 2695 1541 2732 sit
1565 2695 1727 2731 Merula:
1753 2699 1808 2732 est

229 2759 292 2791 786
318 2758 477 2802 optumst
495 2754 529 2788 B
623 2757 686 2790 789
711 2755 810 2789 illam
840 2755 975 2790 habere
1002 2753 1143 2788 Nonius
1167 2754 1235 2788 45:
1263 2752 1400 2788 habere
1422 2752 1522 2788 illam
1614 2752 1766 2788 notitam
1792 2756 1899 2788 cesta-

229 2818 286 2846 tm·
312 2812 452 2846 Nonius
476 2812 526 2845 45

1911 1183 1968 1214 775
