2018 3183
251 71 303 109 94
991 70 1173 106 PLAVTI

250 199 391 227 curare
421 189 632 237 minusque
662 198 724 224 me
755 185 955 237 impertire
985 184 1216 224 honoribus.

249 255 340 294 item
371 266 391 293 a
420 266 484 293 me
515 259 653 292 contra
683 254 826 292 factum
858 258 928 298 est,
961 264 1050 291 nam
1081 252 1173 292 item
1195 251 1291 291 obiit
1320 252 1434 291 diem.

249 323 281 363 is
313 334 359 360 ex
389 334 430 360 se
461 321 569 360 hunc
600 319 758 370 reliquit
788 319 852 370 qui
885 319 948 358 hic
980 331 1087 358 nunc
1117 319 1266 358 habitat
1296 319 1416 359 filium

246 390 394 441 pariter
423 393 616 427 moratum
645 392 689 425 ut
718 393 830 438 pater
860 399 1029 438 avosque
1058 387 1174 426 huius
1205 387 1288 427 suit.

247 456 339 495 huic
369 454 446 494 filia
476 466 554 493 una
586 460 656 493 est.
706 466 750 493 ea
780 454 875 493 milii
905 454 1064 494 cottidie

246 529 312 562 aut
342 529 431 562 ture
461 527 528 561 aut
558 521 648 560 vino
680 527 746 560 aut
775 521 893 572 aliqui
925 534 1082 574 semper
1111 521 1316 574 supplicat,

246 590 310 629 dat
340 589 433 628 mihi
463 600 642 628 coronas.
693 589 777 628 eius
806 589 969 629 honoris
998 590 1120 641 gratia

246 657 333 706 feci,
364 658 619 696 thensaurum
652 662 696 696 ut
725 657 789 696 hic
818 657 1010 709 reperiret
1039 656 1188 705 Euclio,

247 737 325 776 quo
357 724 460 764 illam
490 725 641 764 facilius
672 732 853 777 nuptum,
884 725 915 764 si
946 724 1072 771 vellet,
1103 724 1224 764 daret.

245 804 333 831 nam
365 804 451 832 eam
480 793 714 844 compressit
741 794 789 833 de
818 805 971 833 summo
1000 792 1231 831 adulescens
1258 792 1359 832 loco.

245 860 277 899 is
307 859 380 900 scit
409 859 640 900 adulescens
671 872 770 912 quae
800 861 850 900 sit
879 872 996 911 quam
1027 860 1318 911 compresserit,

245 927 309 966 illa
341 927 449 967 illum
480 928 619 978 nescit,
652 939 781 978 neque
813 939 1075 979 compressam
1105 933 1235 966 autem
1264 934 1385 979 pater.

245 1007 329 1034 eam
360 1007 431 1047 ego
463 995 578 1034 hodie
608 995 747 1034 faciam
780 1000 823 1033 ut
852 995 914 1034 hic
945 1006 1065 1033 senex
1095 993 1142 1032 de
1173 1007 1366 1046 proxumo

244 1062 318 1101 sibi
349 1066 512 1102 uxorem
543 1068 691 1114 poscat.
742 1061 778 1100 id
810 1074 855 1101 ea
885 1062 1023 1101 faciam
1052 1061 1188 1112 gratia,

244 1141 321 1180 quo
353 1128 417 1168 ille
448 1141 531 1168 eam
563 1129 715 1169 facilius
745 1129 861 1169 ducat
892 1128 958 1179 qui
989 1135 1286 1180 compresserat.

243 1202 283 1235 et
313 1196 375 1235 hic
406 1196 473 1247 qui
503 1202 642 1248 poscet
671 1208 753 1237 eam
785 1196 859 1236 sibi
890 1208 1052 1236 uxorem
1084 1209 1216 1242 senex,

242 1264 274 1303 is
306 1263 567 1304 adulescentis
597 1264 699 1304 illius
730 1272 788 1305 est
817 1265 1044 1311 avonculus,

243 1332 310 1384 qui
340 1331 444 1371 illam
475 1333 667 1384 stupravit
697 1338 831 1381 noctu,
863 1332 1016 1372 Cereris
1044 1331 1194 1383 vigiliis.

242 1399 310 1439 sed
341 1399 404 1438 hic
433 1411 554 1439 senex
585 1399 660 1439 iam
691 1400 832 1440 clamat
861 1400 967 1439 intus
999 1406 1040 1438 ut
1069 1399 1179 1439 solet.

242 1479 361 1506 anum
394 1467 498 1506 foras
528 1467 711 1514 extrudit,
744 1480 793 1507 ne
823 1468 873 1507 sit
904 1467 1072 1507 conscia.

242 1535 360 1574 credo
390 1547 530 1574 aurum
562 1535 758 1587 inspicere
787 1535 876 1580 volt,
909 1548 959 1574 ue
988 1534 1219 1586 subreptum
1251 1534 1335 1573 siet.

970 1646 1184 1688 EVCLIO

242 1725 325 1775 Exi,
359 1728 534 1777 inquam.
589 1738 660 1779 age
690 1726 764 1765 exi.
815 1725 1039 1765 exeundum
1073 1726 1202 1766 hercle
1232 1724 1302 1765 tibi
1331 1725 1426 1765 hinc
1456 1731 1514 1765 est
1544 1725 1658 1774 foras,

243 1793 604 1846 circumspectatrix
636 1806 725 1833 cum
757 1794 879 1833 oculis
909 1794 1123 1833 emissiciis.

919 1906 1230 1947 STAPHYLA

241 1985 338 2024 Nam
370 1997 441 2024 cur
471 1997 533 2024 me
565 1985 745 2025 miseram
777 1984 988 2025 verberas?
1045 1985 1177 2026 EVCL.
1227 1985 1275 2023 Vt
1303 1985 1444 2024 misera
1474 1985 1527 2024 sis

239 2059 356 2103 atque
386 2058 430 2091 ut
458 2058 496 2091 te
526 2053 683 2104 dignam
714 2054 811 2092 mala
842 2053 980 2092 malam
1012 2059 1175 2092 aetatem
1206 2053 1349 2105 exigas.

239 2120 399 2160 STAPH.
447 2120 544 2159 Nam
577 2133 652 2172 qua
683 2133 746 2160 me
777 2133 884 2160 nunc
916 2133 1030 2159 causa
1061 2119 1258 2159 extrusisti
1289 2131 1334 2157 ex
1365 2117 1554 2160 aedibus?

238 2188 369 2229 EVCL.
421 2186 507 2226 Tibi
541 2192 613 2239 ego
643 2188 835 2227 rationem
867 2188 1038 2236 reddam,
1069 2188 1315 2227 stimulorum
1346 2185 1489 2239 seges?

240 2255 334 2294 illuc
364 2255 572 2305 regredere
604 2256 652 2295 ab
685 2257 797 2296 ostio.
848 2256 939 2295 illuc
970 2257 1022 2295 sis
1052 2256 1151 2303 vide,

239 2329 282 2362 ut
313 2322 470 2362 incedit.
522 2329 560 2362 at
590 2324 675 2363 scin
708 2337 785 2375 quo
817 2324 933 2363 modo
964 2323 1034 2363 tibi
1066 2336 1127 2362 res
1157 2335 1198 2362 se
1230 2321 1376 2362 habet?

353 2491 395 2523 20
420 2489 479 2524 die
572 2494 808 2536 expectamus
836 2499 920 2524 nam
944 2499 1072 2524 aurum
1096 2489 1130 2523 ei
1154 2498 1227 2523 non
1251 2487 1334 2523 dedi

1667 71 1739 107 prol.
1760 71 1842 100 19—1
1853 72 1879 105 1.
1896 72 1914 100 8

1840 1646 1906 1686 11

1427 2490 1466 2522 21
1495 2488 1551 2523 his
1576 2487 1719 2523 Nonius
1743 2488 1817 2523 375

237 2555 334 2580 nunc
360 2556 428 2580 om.
454 2545 597 2581 Nonius
712 2548 754 2580 22
787 2556 950 2590 anusque
980 2545 1058 2580 eius
1087 2544 1198 2579 schol.
1230 2543 1337 2590 Verq.
1360 2554 1484 2590 qeorq.
1508 2544 1539 2585 1,
1562 2544 1654 2586 189,
1679 2546 1788 2590 atque
1811 2555 1904 2580 auus

237 2601 315 2636 eius
341 2601 484 2638 Nonius
610 2604 652 2636 24
677 2602 813 2647 aliquid
838 2600 874 2635 E
987 2603 1028 2635 26
1064 2601 1267 2646 repperiret
1302 2599 1376 2635 DE

1510 2603 1551 2635 28
1577 2601 1791 2646 compressit
1814 2611 1904 2644 eam,

238 2668 334 2694 corr.
363 2659 518 2694 Botlqus
611 2661 652 2692 35
677 2658 878 2694 auonculus
899 2669 1028 2693 nomen
1052 2663 1207 2693 celerum
1233 2655 1471 2702 trisyllabum,
1486 2657 1614 2704 possis
1637 2660 1694 2693 est
1716 2657 1814 2693 illius

238 2717 279 2749 36
298 2715 347 2760 cf.
371 2716 450 2750 795.
478 2715 582 2750 Truc.
611 2716 682 2750 821
787 2717 827 2749 37
854 2716 921 2749 hec
947 2714 997 2749 B¹
1117 2714 1261 2749 Evcmo
1287 2723 1414 2749 senex.
1452 2723 1634 2748 surram
1657 2724 1751 2749 mvs
1777 2712 1825 2755 B,
1849 2713 1901 2748 in—

237 2781 339 2805 verso
366 2771 492 2806 ordine
510 2770 547 2806 E
636 2774 680 2806 44
704 2782 776 2816 qua
798 2781 855 2806 me
879 2781 995 2806 nunc:
1019 2781 1076 2806 me
1100 2781 1171 2816 qua
1190 2769 1224 2805 B
1315 2780 1360 2805 ex
1390 2770 1439 2805 B.-
1463 2770 1520 2806 his
1544 2781 1590 2806 ex
1615 2769 1660 2808 E.
1685 2780 1754 2806 om.
1778 2769 1814 2806 D

236 2828 278 2859 45
304 2827 353 2872 cf.
381 2826 477 2861 Trin.
503 2828 573 2862 515
662 2829 705 2862 46
728 2827 878 2872 regrede

1939 946 2018 979 30.

1934 1272 1972 1305 35

1935 1747 2018 1807 ⁴¹⁰3

2007 2188 2018 2200 Q

1933 2208 2015 2241 45·

2004 2250 2018 2283 :¹-
