1998 3179
58 71 132 107 prol.
150 71 235 99 1-18

637 906 756 947 LAR
784 906 1125 948 FAMILIARIS
1533 909 1720 963 prologus

439 997 496 1037 Ne
527 999 614 1049 quis
643 997 808 1036 miretur
838 998 905 1048 qui
936 998 1022 1045 sim,
1053 997 1187 1049 paucis
1218 997 1392 1049 eloquar.

329 1077 402 1116 ego
433 1064 509 1104 Lar
539 1077 624 1104 sum
657 1065 853 1104 familiaris
886 1077 933 1104 ex
965 1065 1035 1104 hac
1066 1065 1208 1104 familia

326 1133 432 1172 unde
462 1138 670 1172 exeuntem
699 1144 762 1170 me
792 1132 1007 1183 aspexistis.
1060 1133 1161 1171 hanc
1191 1132 1349 1171 domum

328 1199 404 1239 iam
432 1200 576 1240 multos
607 1212 733 1238 annos
764 1206 822 1238 est
852 1211 940 1238 cum
973 1199 1152 1250 possideo
1184 1204 1224 1238 et
1253 1199 1340 1238 colo

327 1268 428 1320 patri
458 1280 608 1319 avoque
639 1267 714 1306 iam
746 1266 862 1305 huius
894 1267 959 1318 qui
992 1279 1099 1305 nunc
1130 1267 1192 1305 hic
1223 1265 1353 1306 habet.
1752 1279 1770 1310 5

327 1335 395 1375 sed
424 1338 478 1373 mi
507 1347 596 1374 avos
626 1334 741 1373 huius
773 1334 984 1373 obsecrans
1014 1334 1257 1373 concredidit

328 1402 585 1441 thensaurum
615 1401 699 1441 auri
731 1401 827 1440 clam
861 1401 1008 1439 omnis:
1041 1401 1079 1439 in
1114 1401 1240 1440 medio
1272 1402 1359 1441 foco

328 1468 485 1515 defodit,
518 1480 709 1507 venerans
739 1470 801 1506 me
832 1474 875 1506 ut
905 1468 941 1506 id
973 1480 1168 1507 servarem
1199 1468 1284 1507 sibi.

329 1536 362 1576 is
392 1536 576 1587 quoniam
608 1535 775 1574 moritur
806 1535 873 1583 (ita
903 1535 1012 1574 avido
1044 1536 1204 1587 ingenio
1237 1536 1337 1586 suit),

329 1615 544 1654 numquam
575 1603 746 1642 indicare
778 1603 813 1641 id
848 1603 925 1641 filio
958 1603 1075 1642 voluit
1107 1615 1192 1649 suo,
1755 1615 1790 1647 10

330 1670 569 1722 inopemque
600 1670 745 1722 optavit
775 1670 907 1721 potius
938 1684 1027 1710 eum
1059 1671 1295 1721 relinquere,

328 1749 444 1788 quam
476 1750 563 1777 euin
596 1739 851 1777 thensaurum
884 1744 1210 1777 commonstraret
1240 1737 1339 1786 filio;

329 1805 410 1856 agri
441 1805 597 1856 reliquit
630 1806 664 1844 ei
696 1819 776 1844 non
808 1817 993 1856 magnum
1026 1806 1198 1852 modum,

329 1884 408 1923 quo
439 1885 527 1912 cum
559 1873 691 1912 labore
720 1885 862 1923 magno
895 1878 932 1912 et
964 1873 1103 1911 misere
1133 1873 1288 1912 viveret.

329 1939 397 1979 ubi
428 1939 459 1979 is
490 1939 585 1979 obiit
614 1947 782 1979 mortem
814 1940 880 1990 qui
909 1940 1003 1978 mihi
1034 1939 1071 1978 id
1102 1952 1241 1979 aurum
1272 1939 1448 1987 eredidit,
1757 1953 1792 1985 15

332 2008 444 2059 coepi
476 2007 696 2055 observare,
729 2009 841 2059 ecqui
873 2007 1060 2046 maiorem
1093 2008 1195 2046 filius

330 2074 424 2113 mihi
454 2074 646 2113 honorem
677 2074 839 2113 haberet
869 2086 983 2124 quam
1016 2075 1099 2113 eius
1131 2075 1327 2114 habuisset
1358 2080 1480 2125 pater.

330 2147 447 2192 atque
477 2141 539 2180 ille
570 2154 660 2180 vero
692 2141 821 2181 minus
851 2142 1059 2192 minusque
1090 2142 1290 2194 impendio

172 2263 254 2298 Lm
277 2273 490 2299 numnam
516 2262 598 2305 ΒΕ,
623 2274 690 2298 om.
708 2263 743 2297 D
766 2268 806 2298 ut
828 2263 919 2299 solet
1011 2266 1030 2297 2
1055 2274 1134 2298 sum
1157 2263 1212 2299 lar
1236 2262 1450 2298 Priscianus
1464 2264 1498 2306 1,
1520 2262 1612 2306 223,
1633 2261 1726 2297 Pro-

61 2318 126 2354 bus
148 2318 278 2354 cathol.
302 2320 350 2354 15
462 2322 481 2354 3
507 2322 690 2355 eteuntem
713 2330 769 2354 me
793 2319 970 2365 aspexisti
995 2318 1031 2354 E
1149 2322 1170 2353 4
1195 2330 1294 2355 cum:
1328 2321 1369 2355 ut
1393 2318 1534 2354 Nonius
1557 2319 1637 2354 250

60 2375 228 2420 possideo
253 2378 289 2411 et
313 2375 392 2411 colo
417 2381 457 2411 ut
480 2375 629 2411 colonus
653 2387 782 2422 aqrum
808 2376 1102 2422 occupatorium;
1135 2376 1195 2410 cui
1218 2376 1425 2421 oppositam
1447 2376 1566 2420 fuisse
1591 2373 1728 2410 heredia·

62 2430 117 2466 vel
132 2431 378 2478 proprietatis
401 2432 579 2468 notionem
604 2437 786 2477 expectes.
825 2438 912 2478 post
937 2431 971 2467 lz.
989 2441 1018 2466 v.
1044 2431 1222 2466 nonnulla
1245 2431 1471 2467 intercidisse
1489 2429 1730 2477 probabiliter

63 2487 190 2522 statuit
220 2486 415 2532 Lanqenus
450 2487 526 2530 (sed
549 2486 735 2524 Euclionis
764 2499 893 2524 nomen
928 2499 1001 2524 non
1025 2487 1264 2530 desideratur)
1392 2490 1411 2522 5
1441 2487 1539 2532 patri
1570 2497 1727 2532 auoque:

62 2541 227 2586 patriabo
253 2541 394 2578 Nonius
418 2544 501 2586 318,
525 2543 693 2589 patrique
717 2552 859 2587 auoque
883 2544 1008 2586 Aldus,
1034 2544 1084 2589 cf.
1109 2543 1205 2579 Trin.
1234 2543 1317 2585 645,
1341 2545 1446 2589 patre
1471 2543 1558 2579 uiuo
1585 2553 1729 2588 auoque

63 2596 253 2633 Palmerus
277 2597 464 2633 Hermatlz.
504 2600 535 2641 5,
562 2600 641 2634 308
734 2603 751 2633 'I
778 2601 1002 2645 thesaurum,
1027 2602 1109 2635 item
1133 2602 1193 2635 12.
1216 2601 1270 2634 26
1372 2600 1453 2635 auri
1482 2601 1534 2635 th.
1562 2598 1728 2634 Camera-

63 2653 140 2687 rius
276 2657 296 2689 9
321 2654 490 2698 quoniam
513 2655 543 2690 is
569 2655 737 2691 Donatus
760 2656 810 2690 ad
834 2655 913 2691 Ter.
941 2656 1005 2691 Ad.
1032 2656 1126 2702 prol.
1150 2657 1170 2691 1
1312 2659 1352 2689 15
1379 2655 1455 2691 obit
1478 2655 1622 2691 Nonius
1644 2657 1730 2692 275.

65 2709 142 2743 360
254 2709 316 2754 qui
339 2709 426 2744 mihi
449 2710 487 2745 id
510 2711 593 2746 item
617 2711 758 2746 Nonius
783 2712 880 2746 360:
905 2712 991 2756 quid
1014 2712 1101 2747 mihi
1125 2712 1163 2746 in
1188 2710 1330 2746 Nonius
1352 2713 1430 2746 275
1544 2714 1585 2746 16
1610 2714 1647 2748 et
1671 2712 1731 2757 qui

64 2764 185 2810 codd„
217 2767 253 2801 et
284 2765 426 2810 quidem
457 2765 601 2802 Nonius
624 2768 703 2802 320
733 2767 837 2809 (idem
866 2767 981 2803 filium
1005 2773 1039 2803 et
1067 2772 1105 2802 17
1131 2766 1299 2811 habere),
1331 2767 1459 2812 ecquid
1489 2767 1622 2804 Caesar
1644 2767 1730 2803 diss.

63 2821 211 2867 Arqent.
235 2821 288 2863 11,
313 2822 416 2863 270;
439 2823 543 2867 ecqui
565 2823 726 2869 priorem
751 2824 909 2870 corripit
