2018 3183
202 94 282 133 230

206 1117 276 1154 VE

314 1008 356 1041 78
382 1007 468 1052 quid
490 1007 596 1042 AB².·
621 1008 680 1053 qui
715 1008 784 1049 VE,
810 1010 906 1053 quod
930 1009 983 1044 B¹
1075 1014 1116 1045 79
1141 1011 1297 1055 puellam
1320 1011 1418 1046 illam
1443 1010 1602 1057 Pylades

199 1072 305 1107 quam
328 1064 360 1097 Α

942 97 1124 135 PLAVTI
1679 102 1751 138 μοι.
1765 103 1866 132 78-88

460 212 552 262 quid
585 210 720 250 nunc?
752 212 849 250 nihil
878 210 1020 262 agitis?
1050 212 1192 259 sentio,
1223 225 1338 252 nemo
1369 214 1462 253 sitit.

460 286 634 318 revortar
664 278 710 317 {nd
741 278 846 317 illam
877 279 1046 330 puellam
1078 280 1366 331 expositiciam:

462 357 576 396 quam
607 345 707 385 servi
737 359 887 385 summa
918 347 952 386 vi
982 347 1057 387 sihi
1089 360 1252 387 uxorem
1283 355 1484 400 expetunt,
1895 360 1932 393 So

461 425 504 452 ea
534 413 758 453 invenietur
787 421 826 453 et
856 415 995 466 pudica
1027 421 1065 454 et
1095 415 1230 463 libera,

460 481 632 531 ingenua
662 481 925 530 Atheniensis,
958 495 1086 534 neque
1117 483 1327 534 quicquam
1357 485 1482 536 stupri

458 548 575 588 faciet
604 549 782 600 profecto
813 550 854 589 in
885 550 957 589 hac
989 550 1146 601 quidem
1177 551 1391 590 comoedia.

458 627 549 655 mox
579 617 710 656 hercle
740 629 843 665 vero,
875 625 964 669 post
994 625 1228 658 transactam
1261 619 1445 666 fabulam,

456 691 662 736 argentum
693 685 725 724 si
756 685 842 736 quis
872 686 1033 734 dederit,
1065 694 1108 726 ut
1138 699 1210 738 ego
1240 689 1431 740 suspicor,
1895 697 1932 729 55

460 751 561 791 ultro
592 752 663 791 ibit
694 760 872 804 nuptum,
906 766 985 793 non
1018 754 1193 794 manebit
1223 756 1414 807 auspices.

460 825 611 858 tantum
643 826 712 859 est.
759 821 894 868 valete,
926 821 1026 861 bene
1058 834 1141 861 rem
1172 823 1295 872 gerite
1325 830 1364 862 et
1394 823 1535 862 vincite

458 887 599 927 virtute
631 900 732 935 vera,
763 889 868 939 quod
901 890 1043 929 fecistis
1073 891 1267 930 antidhac.

1718 1014 1736 1044 2
1785 1011 1863 1046 uid-

468 1066 510 1098 84
535 1066 721 1099 transacta
744 1063 869 1100 fabula
893 1064 928 1099 P
1038 1068 1080 1101 88
1105 1067 1207 1102 antid
1230 1068 1299 1102 hac
1329 1067 1380 1101 B:
1403 1067 1550 1102 antidac
1574 1069 1617 1109 A,
1641 1014 1745 1103 angd
1760 1022 1862 1102 (ixanc

362 1118 499 1155 subscr.
527 1119 674 1162 Caum,
697 1121 862 1166 sequitur
886 1125 1138 1167 arqumentum
1165 1121 1206 1163 P,
1227 1123 1391 1168 paqinae
1414 1122 1556 1168 reh'qua
1578 1133 1670 1169 pars
1693 1133 1807 1158 vacua
1831 1124 1863 1158 A

2002 1908 2018 1987 ψ’*
2006 1809 2018 1882 ⁴1⁵⁴-—
