2018 3183
236 76 316 114 382
973 75 1155 111 PLAVTI
1713 79 1784 115 prol.
1798 80 1899 108 18-41

436 198 586 230 tantum
617 191 662 229 ad
696 190 933 229 narrandum
964 195 1240 241 argumentum
1270 190 1375 230 adest
1404 191 1639 244 benignitas.

551 264 748 297 mercator
777 258 936 309 quidam
967 258 1040 297 suit
1069 258 1272 310 Syracusis
1300 271 1434 307 senex,

436 329 470 366 ei
501 331 595 365 sunt
625 325 704 364 nati
738 325 803 364 filii
834 325 980 375 gemini
1011 326 1102 374 duo,

437 394 488 433 ita
519 394 644 432 forma
675 393 790 432 simili
820 393 946 445 pueri,
977 396 1021 433 ut
1051 399 1173 432 mater
1203 406 1272 433 sua

438 474 519 501 non
551 461 774 501 internosse
805 467 940 513 posset
970 473 1070 512 quae
1101 473 1310 500 mammam
1341 461 1469 510 dabat,

438 542 567 581 neque
597 530 693 569 adeo
725 535 850 569 mater
879 530 961 581 ipsa
992 541 1092 581 quae
1123 529 1210 569 illos
1241 536 1464 582 pepererat,

437 604 479 636 ut
510 597 668 648 quidem
702 597 766 637 ille
798 597 894 636 dixit
925 597 1031 644 mihi,
1064 597 1132 649 qui
1163 610 1309 649 pueros
1338 598 1505 638 viderat:

437 677 509 717 ego
542 665 628 705 illos
658 678 739 705 non
770 666 860 713 vidi,
892 678 942 705 ne
973 666 1060 717 quis
1090 671 1265 705 vostrum
1296 673 1468 706 censeat.

436 740 645 785 postquam
675 734 750 772 iam
782 734 895 785 pueri
926 742 1167 786 septuennes
1198 740 1304 782 sunt,
1335 741 1447 785 pater

438 802 615 841 oneravit
645 814 781 841 navem
814 814 992 853 magnam
1027 802 1158 841 multis
1188 801 1407 851 mercibus;

437 870 607 922 imponit
636 870 837 922 geminum
867 870 1030 909 alterum
1062 870 1102 909 in
1136 882 1271 909 navem
1302 876 1425 922 pater,

437 938 651 977 Tarentum
683 938 807 977 avexit
836 950 970 977 secum
1002 938 1048 976 ad
1082 944 1296 977 mercatum
1328 938 1457 985 simul,

437 1006 546 1045 illum
578 1005 737 1056 reliquit
767 1005 931 1045 alterum
963 1005 1065 1056 apud
1097 1012 1260 1044 matrem
1293 1006 1411 1045 domi.

434 1073 594 1112 Tarenti
626 1073 706 1112 ludi
738 1074 839 1112 sorte
870 1080 995 1119 erant,
1028 1085 1116 1111 eum
1149 1073 1240 1112 illuc
1271 1074 1388 1112 venit.

438 1141 623 1181 mortales
653 1141 778 1189 multi,
811 1147 854 1181 ut
883 1140 930 1180 ad
963 1141 1087 1190 ludos,
1121 1148 1410 1180 convenerant:

437 1212 537 1261 puer
568 1208 762 1248 aberravit
792 1208 897 1248 inter
928 1209 1108 1248 homines
1138 1217 1158 1247 a
1190 1215 1311 1260 patre.

437 1277 753 1329 Epidamniensis
785 1277 940 1328 quidam
972 1277 1023 1315 ibi
1055 1284 1250 1316 mercator
1282 1277 1366 1325 fuit,

439 1347 470 1385 is
501 1357 668 1397 puerum
699 1345 801 1384 tollit
829 1345 1035 1396 avehitque
1067 1345 1354 1396 Epidamnium.

438 1421 549 1466 pater
579 1414 662 1453 eius
693 1419 821 1452 autem
854 1420 1061 1465 postquam
1094 1425 1259 1464 puerum
1294 1413 1474 1464 perdidit,

440 1481 613 1520 animum
646 1480 867 1532 despondit,
899 1492 1022 1532 eaque
1053 1481 1085 1520 is
1115 1480 1360 1531 aegritudine

437 1549 573 1601 paucis
603 1548 741 1588 diebus
772 1556 862 1600 post
891 1549 1050 1588 Tarenti
1083 1555 1314 1588 emortuost.

438 1624 646 1670 postquam
681 1617 892 1669 Syracusas
923 1617 969 1655 de
1001 1629 1043 1656 ea
1076 1629 1118 1656 re
1149 1617 1264 1656 rediit
1298 1617 1460 1656 nuntius

439 1686 486 1725 ad
517 1698 627 1725 avom
659 1697 889 1743 puerorum,
921 1697 1089 1737 puerum
1121 1691 1350 1736 sui-ruptum
1382 1685 1545 1724 alterum

438 1761 668 1806 patremque
699 1754 813 1806 pueri
843 1754 1002 1793 Tarenti
1034 1766 1117 1793 esse
1148 1759 1382 1799 emortuom,

439 1823 621 1862 immutat
652 1834 796 1861 nomen
830 1834 921 1861 avos
951 1821 1043 1860 huic
1074 1821 1231 1873 gemino
1262 1821 1394 1867 alteri;

440 1891 489 1929 ita
521 1891 630 1930 illum
661 1890 806 1936 dilexit,
839 1890 903 1941 qui
935 1889 1182 1941 subruptust,
1214 1889 1399 1928 alterum:

352 2017 392 2049 16
416 2017 558 2050 tantum
576 2013 626 2048 acl
641 2016 892 2058 argumentum
906 2014 1073 2058 pertinet.
1114 2014 1233 2048 iocose
1249 2013 1324 2048 alia
1340 2012 1506 2048 oratione
1522 2012 1636 2047 utitur
1653 2023 1762 2058 quam
1778 2012 1904 2056 solent,

235 2074 286 2118 cf.
310 2072 386 2108 Mil.
408 2072 478 2113 80,
501 2071 613 2106 Merc.
630 2072 671 2105 11
788 2072 828 2104 18
854 2069 954 2105 natei
983 2073 1018 2104 et
1040 2069 1192 2113 geminei
1219 2068 1253 2104 Β
1285 2073 1370 2105 ante
1394 2079 1489 2104 corr.
1515 2067 1593 2110 (sed
1613 2068 1709 2113 filii),
1733 2072 1776 2104 at
1797 2080 1827 2105 v.
1851 2080 1905 2116 sq.

235 2128 361 2173 puerei
384 2131 420 2162 et
443 2127 557 2162 multe
581 2127 664 2162 item
761 2129 800 2161 19
826 2129 866 2161 ut
890 2127 973 2161 item
998 2126 1141 2161 Nonius
1166 2126 1240 2160 343
1264 2130 1299 2161 et
1323 2126 1420 2166 423;
1444 2125 1493 2170 cf.
1518 2123 1630 2160 schol.
1648 2126 1734 2161 Aen.
1756 2127 1791 2167 8,
1812 2126 1908 2168 632,-

234 2186 287 2222 uti
314 2184 542 2222 Camerarius
635 2186 673 2218 21
700 2185 852 2228 peperat
879 2182 938 2218 CD
962 2185 1071 2225 (recte
1095 2193 1174 2218 cam
1199 2182 1234 2218 Β
1258 2182 1402 2218 Nonius
1418 2182 1483 2224 bis)
1574 2181 1778 2218 scurriliter
1801 2182 1908 2228 quasi

235 2242 409 2278 discernit
438 2241 534 2275 inter
556 2245 745 2286 parentem
775 2240 951 2274 nutricem
980 2238 1121 2281 (Varro
1145 2250 1215 2274 rer.
1240 2244 1328 2274 rust.
1353 2240 1391 2280 2,
1409 2239 1444 2279 4,
1461 2239 1533 2279 2ος
1565 2238 1616 2284 cf.
1641 2239 1701 2281 10,
1721 2239 1758 2282 8)
1781 2243 1817 2275 et
1840 2236 1908 2286 τὴν

235 2299 378 2346 μητέρα
403 2291 425 2344 ἦ
451 2293 518 2343 σφ’
543 2295 718 2343 ἐγείνατο
825 2298 867 2330 22
891 2296 980 2330 mihi
1004 2295 1096 2331 dixit
1115 2294 1176 2331 (JD
1268 2295 1317 2339 cfi
1336 2296 1387 2330 45
1408 2299 1442 2330 et
1465 2296 1515 2330 10
1619 2297 1660 2329 23
1686 2306 1753 2330 om.
1780 2295 1840 2331 (ΙΙ)

237 2359 278 2390 25
303 2355 422 2390 navim
442 2353 503 2390 ΟΒ
595 2355 638 2387 26
662 2352 831 2396 gemitum
851 2352 939 2394 effi,
963 2352 1186 2397 geminorum
1213 2351 1445 2387 Hermamms
1537 2353 1579 2386 29
1604 2350 1783 2392 ludeiB1,
1808 2351 1908 2387 iudei

238 2412 309 2453 CI),
328 2411 379 2457 cf.
395 2411 444 2446 acl
459 2422 489 2446 v.
505 2410 553 2444 18
647 2412 684 2443 31
705 2409 755 2452 cf.
770 2409 859 2443 1113
951 2408 1133 2444 aberravit
1149 2408 1245 2444 inter
1261 2407 1423 2443 homines
1441 2407 1640 2450 Acidalius,
1664 2407 1716 2452 cf.
1729 2408 1816 2442 236.
1837 2408 1906 2443 991

236 2468 351 2507 (Pers.
380 2469 435 2503 57.
460 2468 547 2509 355)
557 2481 565 2502 .·
591 2466 686 2500 inter
709 2465 873 2500 homines
897 2464 1080 2500 aberravit
1173 2467 1214 2499 33
1240 2464 1484 2509 Epidamnum
1508 2474 1588 2500 eum
1614 2463 1818 2510 Seyffertas

237 2528 279 2559 35
298 2525 459 2570 disponit
478 2524 511 2559 Β
605 2532 648 2557 ea.
665 2522 756 2566 quis,
774 2531 870 2556 corr.
889 2520 1118 2557 Camerarius
1209 2524 1294 2567 post
1311 2521 1361 2555 36
1378 2521 1530 2555 inseruit
1547 2518 1751 2555 Schoellius
1767 2531 1907 2556 versum

237 2593 341 2627 quem
364 2580 580 2627 Fulqentz'us
602 2590 638 2625 p.
660 2579 731 2614 559
756 2577 805 2613 acl
820 2577 990 2613 Plautum
1013 2578 1051 2612 in
1068 2577 1316 2613 Menaechmis
1340 2576 1528 2613 comoedia.
1550 2575 1686 2621 refert:
1709 2577 1806 2613 sicut
1827 2577 1906 2623 pol-

236 2638 369 2673 linctor
385 2636 488 2679 dixit,
515 2636 577 2681 qui
595 2647 676 2672 eum
692 2635 924 2680 pollinxerat‚
949 2634 1000 2679 cf.
1019 2633 1131 2670 Poen.
1146 2633 1248 2680 prol.
1267 2634 1315 2668 63
1407 2636 1448 2668 37
1474 2632 1570 2668 redit
1588 2631 1622 2667 B
1713 2637 1907 2680 utrumque

238 2704 366 2728 nomen
391 2693 603 2739 (Syracusas
628 2697 662 2727 et
688 2692 737 2726 39
762 2691 928 2734 Tarenti)
951 2691 988 2725 in
1014 2701 1118 2726 versa
1148 2689 1391 2730 intolerabile,
1424 2688 1489 2724 sed
1513 2688 1636 2724 ludere
1660 2692 1799 2724 tantum
1822 2686 1907 2726 cen-

238 2751 378 2786 icorum
407 2754 547 2795 potest,
578 2748 694 2784 velut:
726 2750 918 2793 postquam
948 2748 994 2783 de
1025 2757 1070 2783 ea
1092 2757 1132 2782 re
1158 2746 1306 2782 nuntius
1329 2745 1438 2782 rediit
1461 2746 1604 2781 domum
1629 2765 1671 2770 —
1695 2747 1906 2791 patremque

238 2817 326 2852 prae
355 2806 580 2850 aegritudine
613 2815 692 2841 esse
723 2807 922 2840 emortuom
953 2803 1017 2849 (cf.
1043 2803 1154 2839 Sticli.
1181 2804 1266 2845 215)
1382 2806 1423 2837 40
1448 2802 1533 2837 huic
1558 2801 1603 2837 de
1628 2800 1765 2837 Sosicle
1788 2801 1908 2838 dicere

239 2874 310 2898 uon
331 2863 476 2908 potuit;
499 2863 552 2897 illi
569 2861 822 2898 Fleckeisenus

1931 1488 1971 1522 35
