1998 3179
64 89 79 117 1
91 91 118 123 3,
137 89 233 118 90-11
245 89 272 121 1,
291 89 324 116 18
774 86 1006 123 ASINARIA
1667 85 1719 124 63

177 202 348 243 ARGYR.
398 202 546 249 Interii,
578 202 609 241 si
640 214 720 240 non
752 202 908 242 invenio
941 215 1012 254 ego
1044 202 1125 241 illas
1154 200 1289 252 viginti
1320 200 1457 251 minas,

178 277 215 309 et
247 271 437 322 profecto,
469 269 543 309 nisi
573 269 666 307 illud
697 270 818 320 perdo
851 275 1067 320 argentum,
1099 268 1346 320 pereundum
1377 275 1434 308 est
1463 269 1569 307 mihi.

178 350 285 377 nunc
314 350 473 389 pergam
504 337 548 376 ad
580 337 709 375 forum
740 343 855 387 atque
887 337 1064 388 experiar
1094 336 1247 388 opibus,
1278 336 1385 375 omni
1416 336 1539 388 copia,

178 404 419 457 supplicabo,
451 404 713 444 exobsecrabo
744 410 786 442 ut
817 416 1011 455 quemque
1042 404 1207 443 amicum
1238 403 1381 452 videro,

177 474 317 525 dignos
348 472 530 523 indignos
559 471 664 510 adire
695 477 809 521 atque
841 471 1008 522 experiri
1041 477 1229 510 certumst
1259 471 1364 518 mihi,
1394 481 1419 513 -t-

179 553 267 580 nam
299 541 330 580 si
358 545 512 579 mutuas
543 552 622 578 non
655 544 806 590 potere,
839 544 1027 577 certumst
1056 551 1204 578 sumam
1238 540 1411 578 faenore.
1444 563 1498 568 —

761 649 1013 690 LIBANVS
1630 651 1675 691 H
1699 655 1719 691 1

176 730 317 769 Hercle
346 741 452 777 vero,
482 728 644 777 Libane,
677 741 785 767 nunc
815 736 853 767 te
884 728 1038 767 meliust
1068 728 1332 779 expergiscier

175 805 290 850 atque
321 803 482 848 argento
514 796 777 848 comparando
809 797 957 847 fingere
990 796 1187 834 fallaciam.

176 866 249 904 iam
282 865 347 904 diu
378 870 436 904 est
466 865 610 904 sactum
643 877 759 915 quom
792 864 945 903 discesti
978 863 1024 902 ab
1057 876 1124 902 ero
1156 869 1271 914 atque
1303 863 1428 903 abiisti
1460 864 1505 903 ad
1538 865 1678 913 sorum,

176 930 310 987 [igitur
340 932 580 972 inveniundo
611 938 772 983 argento
804 938 847 970 ut
876 932 1047 982 fingeres
1078 927 1296 985 fallaciam]

176 1000 228 1039 ibi
259 1006 301 1039 tu
333 1000 376 1039 ad
409 999 484 1038 hoc
514 999 588 1038 diei
621 1005 774 1050 tempus
804 999 1020 1038 dormitasti
1052 999 1091 1037 in
1125 999 1216 1037 otio.

176 1068 270 1119 quin
301 1074 342 1107 tu
374 1067 441 1107 abs
471 1074 508 1106 te
537 1067 755 1107 socordiam
787 1079 943 1105 omnem
975 1067 1077 1105 reice
1109 1073 1147 1105 et
1177 1066 1381 1118 segnitiem
1413 1078 1545 1106 amove

175 1142 290 1186 atque
321 1134 367 1173 ad
398 1130 608 1186 ingenium'
630 1142 741 1173 vetus
771 1141 969 1173 versutum
1002 1141 1039 1172 te
1070 1134 1213 1185 recipis
1244 1141 1363 1172 tuom.

176 1215 283 1242 serva
315 1215 437 1250 erum,
469 1215 557 1242 cave
588 1206 630 1242 tu
662 1202 763 1241 idem
794 1202 889 1241 faxis
920 1202 981 1241 alii
1014 1202 1116 1252 quod
1148 1202 1248 1241 servi
1271 1201 1411 1248 solent,

176 1273 242 1321 qui
273 1270 317 1309 ad
349 1270 406 1309 eri
438 1270 721 1309 fraudationem
754 1270 934 1308 callidum
966 1269 1167 1320 ingenium
1199 1275 1354 1320 gerunt.

176 1337 280 1376 unde
310 1336 486 1377 sumam?
517 1349 633 1388 quem
665 1335 948 1376 intervortam?
981 1349 1058 1388 quo
1089 1337 1191 1375 hanc
1222 1336 1394 1375 celocem
1424 1334 1654 1375 conseram?

175 1405 428 1457 impetritum,
461 1405 791 1456 inauguratumst:
826 1404 961 1455 quovis
992 1404 1202 1443 admittunt
1233 1415 1333 1451 aves⁷

174 1473 287 1524 picus
318 1478 356 1512 et
385 1472 521 1512 cornix
553 1472 599 1511 ab
631 1472 746 1519 laeva,
779 1484 916 1511 corvos
946 1483 1061 1523 parra
1091 1470 1138 1510 ab
1171 1471 1329 1510 dextera

176 1540 437 1590 eonsuadent;
472 1545 623 1579 certum
654 1540 824 1579 herclest
851 1545 1020 1579 vostram
1053 1539 1242 1590 consequi
1273 1538 1519 1578 sententiam.

174 1608 239 1647 sed
273 1607 366 1659 quid
397 1608 484 1654 hoc,
515 1608 620 1659 quod
651 1607 763 1659 picus
794 1607 943 1647 ulmum
974 1605 1132 1647 tundit?
1164 1619 1245 1646 non
1278 1606 1577 1646 temerariumst.

176 1682 280 1714 certe
311 1675 441 1715 hercle
472 1688 542 1727 ego
575 1683 765 1726 quantum
797 1688 843 1714 ex
874 1675 1036 1726 augurio
1068 1675 1150 1714 eius
1181 1674 1258 1725 pici
1289 1674 1486 1725 intellego,

177 1748 242 1780 aut
271 1742 365 1781 mihi
396 1743 435 1781 in
468 1743 615 1782 mundo
647 1749 738 1782 sunt
767 1743 898 1794 virgae
929 1749 994 1782 aut
1025 1742 1183 1781 atriensi
1216 1742 1395 1781 Saureae.

176 1810 242 1849 sed
275 1810 367 1861 quid
397 1810 502 1857 illuc,
535 1811 638 1861 quod
670 1811 910 1850 exanimatus
942 1810 1065 1849 currit
1095 1810 1171 1848 huc
1201 1807 1405 1849 Leonida?

176 1882 307 1916 metuo
340 1890 458 1929 quom
489 1878 566 1917 illic
597 1877 840 1918 obscaevavit
869 1890 976 1917 meae
1006 1877 1124 1917 salsae
1156 1877 1339 1916 fallaciae.

176 2002 242 2034 245
267 2000 360 2035 omni
387 1996 463 2036 α’πὸ
489 2003 621 2037 κοινοῦ
714 2003 779 2035 246
803 2001 853 2045 cf.
878 1999 957 2035 Mil.
979 2001 1025 2033 69
1119 2002 1182 2034 247
1208 1999 1374 2043 indignos
1399 2010 1466 2034 om.
1492 1999 1634 2034 Nonius
1648 2000 1728 2034 296

63 2056 141 2100 (qui
171 2059 323 2091 testatur
355 2056 510 2101 experiri
540 2061 575 2091 et
605 2057 642 2091 in
670 2067 723 2102 sq.
754 2067 877 2092 versus
901 2061 1013 2102 parte
1043 2067 1065 2090 α
1096 2055 1198 2091 codd.
1219 2066 1292 2090 non
1332 2054 1527 2102 discrepat)
1665 2066 1726 2091 ex-

62 2111 182 2156 perire
206 2111 244 2146 E
331 2115 477 2147 unumst
509 2111 688 2148 Vahlenus
710 2113 782 2147 ind.
808 2113 886 2148 lect.
902 2114 1015 2153 1892,
1040 2113 1129 2157 3sq.
1236 2112 1284 2157 cf
1294 2113 1381 2147 ‚722
1474 2115 1538 2147 249
1563 2112 1726 2148 LmAst

63 2167 241 2208 (mevs
266 2167 330 2210 B¹‚
361 2169 443 2203 item
477 2169 528 2204 tic.
553 2167 639 2203 112
663 2173 698 2204 εί
728 2169 766 2203 in
794 2180 889 2214 pers.
920 2169 1017 2203 notis
1047 2167 1279 2213 aliquotiens)
1308 2178 1443 2203 SERVVS
1469 2167 1545 2203 BE
1653 2178 1726 2204 non

64 2225 100 2258 te
126 2223 253 2259 melius
284 2224 343 2259 uel
368 2223 405 2259 E
516 2227 580 2260 250
604 2225 758 2270 fingere:
791 2225 913 2260 eodem
946 2235 1068 2260 versus
1099 2224 1177 2260 loco
1209 2224 1374 2260 se'me‘liter
1397 2224 1529 2260 Pseud.
1554 2225 1628 2259 355
1649 2223 1726 2259 Mil.

67 2281 143 2315 848
168 2279 271 2315 Truc.
297 2282 383 2323 425,
413 2292 443 2316 v.
469 2281 518 2316 ad
539 2281 668 2328 Amph.
698 2283 763 2317 719
889 2284 951 2316 251
985 2281 1092 2316 abisti
1208 2283 1273 2315 252
1304 2280 1433 2316 delevit
1465 2279 1614 2315 Guietus

65 2339 131 2371 254
159 2336 287 2380 reicis,
319 2337 505 2381 segnitiem
535 2348 681 2373 amoues
709 2338 905 2373 Lambinus
913 2350 927 2378 ;
958 2338 1007 2382 cf.
1038 2336 1145 2372 Most.
1172 2337 1243 2371 815
1265 2336 1360 2372 Men.
1387 2337 1458 2372 517
1476 2336 1608 2371 Pseud.
1631 2338 1727 2372 1183

67 2392 171 2428 Truc.
198 2393 277 2434 631,
303 2393 353 2437 cs:
378 2392 510 2428 Pseud.
537 2394 624 2435 891,
656 2394 784 2439 quibus
815 2393 903 2428 locis
926 2392 1163 2438 interroqacio
1197 2393 1409 2438 imperativo
1435 2393 1621 2439 excipitur
1627 2405 1642 2433 ;
1675 2394 1726 2439 cf.

73 2449 261 2495 Vsse‘nqius
291 2448 339 2484 ad
368 2448 463 2484 hunc
493 2461 522 2485 v.
541 2454 574 2484 et
598 2449 648 2484 ad
667 2451 748 2485 697.
796 2450 834 2484 in
867 2450 980 2485 titulis
1011 2449 1130 2484 ualete
1164 2451 1201 2484 et
1231 2459 1404 2484 memores
1438 2449 1523 2484 estis
1554 2449 1727 2494 pietatem

65 2505 198 2550 patris,
230 2505 308 2550 lege
333 2507 369 2540 et
393 2505 564 2550 moraris,
589 2506 640 2551 cf.
673 2505 872 2541 Venancius
889 2505 909 2540 l
932 2517 969 2552 p.
986 2506 1063 2540 403
1087 2509 1127 2547 (s.
1150 2501 1445 2551 ‘imperativus').
1491 2505 1609 2550 fuisse
1632 2505 1727 2541 arbi·

67 2567 144 2596 lror
166 2561 272 2596 reicis
297 2563 334 2596 et
364 2561 549 2605 segnitiem
579 2572 725 2598 amoues
852 2567 943 2608 post
968 2565 1031 2597 257
1065 2561 1290 2597 intercidisse
1319 2561 1458 2596 videtur
1490 2572 1614 2597 versus
1645 2562 1728 2598 talis

66 2617 281 2652 sententiae:
319 2627 424 2661 quom
458 2617 505 2652 ad
541 2618 693 2653 salutem
729 2618 781 2653 eri
816 2619 1059 2661 adamantur,
1095 2617 1210 2652 eidem
1246 2616 1391 2660 ingenio
1426 2617 1478 2651 nil
1513 2617 1638 2653 ualent

68 2673 131 2706 258
157 2671 232 2708 celo
257 2683 336 2708 esse
360 2674 396 2709 B
422 2674 478 2716 (ee
499 2685 569 2720 pro
595 2677 649 2717 ce)
759 2677 823 2710 259
847 2675 1019 2710 amittunt
1134 2676 1197 2708 260
1224 2673 1364 2708 cornix:
1391 2673 1518 2708 cornix
1540 2676 1617 2715 (-ex
1642 2673 1727 2718 BE)

69 2731 141 2772 est,
173 2739 267 2765 corr.
293 2729 440 2765 Guietus
529 2741 639 2776 porro
665 2730 792 2766 B¹DE
880 2734 944 2766 262
975 2741 1064 2766 non:
1096 2730 1195 2765 haud
1225 2729 1368 2764 Nonius
1396 2730 1465 2764 414
1558 2734 1622 2766 263
1647 2732 1726 2767 eius

67 2784 140 2830 piei
166 2783 350 2820 Gertze'us:
372 2786 526 2831 auspicii
550 2787 622 2829 (-tii
641 2786 724 2830 DE)
815 2790 879 2822 266
905 2798 985 2822 cum
1007 2787 1148 2822 Nonius
1170 2787 1259 2821 146:
1284 2786 1395 2830 quod3
1421 2787 1473 2832 ef.
1498 2787 1654 2823 Brioeius
1677 2789 1727 2824 ad

70 2839 191 2875 Trin.²
213 2841 294 2875 290
386 2842 640 2879 obscaeruauit
660 2843 758 2885 B‘E,
783 2843 992 2880 obseruauit
1018 2843 1079 2886 ΒΞ,
1104 2841 1304 2878 obscelauit
1327 2841 1428 2878 Noni
1449 2843 1612 2880 codicum
1630 2856 1726 2891 pars

1733 341 1789 372 245

1736 799 1792 831 250

1736 1135 1791 1167 255

1736 1471 1793 1504 260

1737 1807 1793 1839 265
