1998 3179
77 99 105 128 11
117 99 143 133 2,
162 99 264 128 38-70
762 97 1046 134 AVLVLARIA
1648 98 1667 133 1
1675 97 1726 134 01

75 211 192 253 MEG.
241 212 351 252 Certe
381 212 520 264 edepol
549 213 728 263 equidem
759 219 798 252 te
827 213 950 252 civem
978 213 1063 252 sine
1093 212 1191 252 mala
1222 211 1328 250 omni
1359 210 1501 250 malitia
1740 217 1795 250 215

75 291 231 331 semper
259 291 345 319 sum
375 278 581 319 arbitratus
611 284 650 318 et
679 291 787 319 nunc
817 279 998 319 arbitror.
1055 280 1186 321 EVCL.
1235 279 1383 318 Aurum
1418 277 1508 317 huic
1538 277 1628 317 olet.

76 346 168 398 quid
199 358 307 385 nunc
338 358 399 385 me
427 345 514 386 vis?
571 346 688 388 MEG.
738 347 932 393 Quoniam
962 353 1004 386 tu
1034 359 1095 386 me
1126 354 1164 386 et
1194 359 1266 397 ego
1297 351 1334 384 te
1365 345 1488 397 qualis
1518 345 1570 385 sis
1599 345 1692 393 seio,

75 425 174 464 quae
204 425 267 453 res
296 420 401 453 recte
431 419 557 452 vortat
586 414 758 464 mihique
788 413 936 465 tibique
966 419 1135 464 tuaeque
1164 414 1276 461 filiae,

74 481 190 520 filiam
222 483 327 520 tuam
358 481 410 519 mi
441 493 603 520 uxorem
632 493 767 532 posco.
817 481 1001 532 promitte
1030 481 1106 519 1106
1136 481 1232 520 fore.

74 547 204 589 EVCL.
254 547 361 594 Heia,
392 547 611 598 Megadore,
640 548 743 586 haud
775 548 960 586 decorum
992 547 1142 586 facinus
1173 547 1249 586 tuis
1280 547 1389 586 factis
1420 546 1526 594 facis,
1740 553 1797 586 220

75 621 120 655 ut
149 616 307 667 inopem
338 620 453 666 atque
484 615 689 653 innoxium
721 614 788 653 abs
818 620 856 653 te
888 621 1002 665 atque
1035 613 1103 653 abs
1133 614 1210 652 tuis
1240 626 1302 652 me
1331 614 1512 652 inrideas.

75 694 163 721 nam
195 683 243 722 de
270 689 309 721 te
339 694 468 733 neque
498 694 540 721 re
573 694 700 733 neque
730 682 857 721 verbis
887 681 1011 720 merui
1045 687 1087 719 ut
1116 682 1264 720 faceres
1295 681 1398 731 quod
1429 681 1534 720 facis.

72 749 190 790 MEG.
239 750 373 800 Neque
404 749 541 801 edepol
571 761 643 801 ego
677 756 713 788 te
743 749 914 789 derisum
945 748 1059 788 venio
1092 760 1221 799 neque
1251 747 1421 795 derideo,

74 829 203 868 neque
232 817 394 868 dignum
424 815 605 856 arbitror.
662 816 794 857 EVCL.
844 816 921 855 Cur
954 816 1072 867 igitur
1101 815 1231 866 poscis
1261 827 1386 853 meam
1416 820 1571 866 gnatam
1603 813 1702 854 tibi?

72 884 189 924 MEG.
238 884 287 923 Vt
314 889 476 936 propter
505 895 566 922 me
598 882 666 922 tibi
698 884 747 923 sit
776 884 914 923 melius
943 883 1115 934 mihique
1145 889 1310 934 propter
1337 888 1375 921 te
1407 888 1444 921 et
1474 887 1574 921 tuos.
1741 891 1796 924 225

71 952 203 993 EVCL.
242 951 358 991 Venit
387 951 462 990 hoc
482 951 589 998 mihi,
622 951 838 1002 Megadore,
872 951 909 989 in
933 956 1118 997 mentem,
1150 950 1214 989 ted
1235 962 1319 989 esse
1341 949 1539 989 hominem
1561 950 1728 997 divitem,

73 1020 292 1067 factiosum,
325 1030 387 1057 me
417 1024 544 1057 autem
577 1031 662 1058 esse
690 1019 888 1057 hominem
920 1030 1135 1070 pauperum
1166 1017 1481 1069 pauperrimum;

74 1099 182 1128 nunc
212 1087 244 1127 si
276 1086 392 1125 filiam
422 1086 599 1125 locassim
631 1098 756 1125 meam
788 1085 870 1133 tibi,
902 1086 940 1124 in
973 1092 1144 1124 mentem
1177 1085 1282 1123 venit

72 1161 111 1195 te
142 1153 279 1193 bovem
312 1166 396 1193 esse
429 1160 466 1193 et
497 1165 557 1192 me
589 1165 672 1192 esse
702 1153 884 1192 asellum:
916 1153 981 1192 ubi
1013 1159 1141 1192 tecum
1172 1152 1408 1192 coniunctus
1438 1152 1546 1199 siem,

74 1221 139 1262 ubi
171 1234 271 1261 onus
301 1233 493 1272 nequeam
524 1221 628 1260 ferre
658 1221 815 1272 pariter,
846 1220 990 1260 iaceam
1023 1232 1094 1271 ego
1125 1220 1257 1259 asinus
1287 1220 1327 1258 iu
1360 1220 1453 1267 luto,
1742 1227 1797 1260 230

72 1296 114 1329 tu
145 1302 207 1328 me
239 1288 310 1328 bos
339 1288 462 1339 magis
492 1289 592 1328 haud
625 1288 825 1339 respicias,
855 1294 995 1339 gnatus
1027 1287 1136 1338 quasi
1169 1299 1382 1338 numquam
1412 1287 1519 1326 516111.

72 1363 111 1396 et
141 1364 178 1396 te
207 1363 295 1395 utar
324 1355 519 1407 iniquiore
551 1358 589 1395 et
619 1368 728 1394 meus
758 1368 819 1394 me
851 1356 946 1394 ordo
977 1355 1155 1402 inrideat,

73 1424 258 1464 neutrubi
288 1423 450 1462 habeam
481 1423 617 1462 stabile
648 1422 857 1470 stabulum,
888 1422 919 1461 si
952 1422 1043 1473 quid
1074 1421 1211 1460 divorti
1242 1423 1340 1460 fuat:

71 1492 170 1532 asini
198 1504 261 1530 mc
292 1490 532 1530 mordicibus
562 1491 755 1537 scindant,
786 1489 903 1529 boves
933 1489 1137 1528 incursent
1167 1489 1367 1529 cornibus.

72 1559 148 1599 hoc
177 1570 363 1611 magnum
394 1563 453 1598 est
481 1558 684 1609 periclum,
716 1557 764 1596 ab
795 1557 912 1597 asinis
943 1557 988 1595 ad
1022 1556 1138 1595 boves
1169 1556 1459 1595 transcendere.
1744 1564 1798 1595 235

71 1626 188 1668 MEG.
238 1626 362 1673 Quam
393 1625 438 1664 ad
469 1624 616 1677 probos
646 1626 938 1678 propinquitate
969 1624 1144 1675 proxime
1176 1630 1212 1662 te
1242 1623 1477 1671 adiunxeris,

71 1701 150 1734 tam
180 1700 383 1746 optumum
415 1699 485 1732 est.
531 1700 572 1732 tu
606 1693 877 1732 condicionem
910 1692 1011 1730 hanc
1042 1691 1186 1742 accipe,
1218 1691 1391 1730 ausculta
1423 1690 1529 1735 mihi,

72 1768 187 1813 atque
209 1773 293 1801 eam
313 1760 513 1812 desponde
534 1760 599 1799 mi.
644 1761 774 1801 Evcn.
805 1762 854 1799 At
872 1760 966 1798 nihil
989 1766 1047 1798 est
1066 1759 1168 1797 dotis
1189 1759 1290 1809 quod
1314 1759 1415 1797 dem.
1459 1756 1516 1798 M.
1547 1757 1603 1796 Ne
1624 1757 1730 1797 duas.

73 1829 163 1869 dum
195 1829 310 1868 modo
342 1834 489 1867 morata
520 1834 626 1867 recte
655 1828 797 1875 veniat,
828 1828 956 1866 dotata
988 1834 1046 1866 est
1074 1827 1178 1867 satis.

73 1897 204 1938 EVCL.
253 1896 308 1935 Eo
340 1894 439 1940 dico,
471 1907 521 1934 ne
553 1906 612 1933 me
641 1895 875 1934 thensauros
904 1895 1127 1946 repperisse
1157 1905 1330 1932 censeas.
1745 1900 1801 1933 240

72 1962 190 2002 MEG.
239 1962 347 2010 Novi,
380 1976 428 2001 ne
459 1962 611 2001 doceas.
662 1962 874 2014 desponde.
935 1962 1065 2002 EVCL.
1115 1961 1208 2000 Fiat.
1241 1961 1307 1999 sed
1341 1972 1412 2011 pro
1443 1959 1629 2010 luppiter,

75 2032 252 2081 numego
271 2029 458 2081 disperii?
479 2030 536 2071 M.
553 2030 652 2075 Quid
671 2029 740 2068 11111
759 2028 844 2068 est?
874 2029 922 2069 E.
945 2029 1046 2075 Quid
1064 2028 1217 2080 crepuit
1233 2029 1341 2079 quasi
1361 2025 1732 2067 serru1nmodo‘2—

74 2097 191 2139 MEG.
242 2098 314 2136 Hic
345 2098 445 2149 apud
477 2110 538 2135 me
567 2097 723 2136 hortum
756 2098 968 2135 confodere
1000 2097 1104 2136 iussi.
1155 2097 1221 2135 sed
1252 2096 1318 2135 ubi
1350 2096 1412 2134 hic
1443 2101 1501 2134 est
1530 2093 1677 2134 homo?

75 2165 171 2205 abiit
199 2177 329 2217 neque
359 2177 420 2204 me
451 2165 659 2204 certiorem
693 2165 794 2203 fecit.
847 2165 989 2203 fastidit,
1021 2165 1107 2211 mei,
1664 2169 1730 2201 244.
1744 2171 1800 2203 245

76 2233 166 2283 quia
197 2233 298 2272 videt
327 2245 390 2272 me
420 2245 530 2272 suam
559 2232 766 2272 amicitiam
797 2232 913 2270 velle:
944 2243 1054 2270 more
1085 2231 1288 2269 homiuum
1320 2230 1431 2279 sacit;

76 2311 164 2339 nam
195 2300 226 2339 si
258 2300 468 2352 opulentus
498 2301 527 2338 it
558 2300 722 2351 petitum
753 2299 998 2350 pauperioris
1029 2299 1204 2349 gratiam,

74 2379 226 2419 pauper
255 2368 394 2406 metuit
422 2367 658 2418 congrediri,
690 2379 760 2418 per
790 2373 936 2406 metum
968 2366 1066 2404 male
1099 2378 1181 2405 rem
1211 2365 1322 2417 gerit.

189 2468 254 2500 215
278 2469 426 2508 (a)certo
451 2466 593 2501 Nonius
617 2467 689 2500 454
783 2468 843 2500 221
873 2465 1027 2501 abstutis
1048 2465 1098 2499 Β1
1192 2467 1256 2499 222
1282 2465 1335 2499 1111
1353 2462 1428 2498 DV
1520 2464 1583 2496 22ss
1608 2465 1645 2497 te

77 2523 140 2556 227
165 2524 286 2558 autem
310 2521 484 2557 Bria-im.-
507 2522 592 2558 item
686 2525 750 2556 230
770 2523 888 2557 honus
982 2524 1046 2556 232
1071 2524 1125 2556 te:
1150 2522 1241 2566 fort.
1259 2522 1322 2555 tuo
1415 2529 1538 2554 versus
1554 2517 1736 2553 Plautinis

75 2587 147 2612 nou
173 2583 258 2624 apte
283 2578 443 2613 adiectus
581 2580 644 2612 233
675 2578 816 2613 deuerti
956 2579 1020 2611 ‘234
1050 2576 1270 2612 mordicibus
1303 2578 1456 2610 testatur
1479 2574 1622 2608 Nonius
1644 2574 1737 2608 139.-

74 2633 276 2678 mordicus3
302 2634 353 2677 cf.
380 2633 623 2669 Buecleelerus
648 2635 684 2668 in
711 2633 914 2678 Woelfflim'
938 2633 1036 2668 ccl-cle.
1063 2634 1094 2673 1,
1119 2634 1194 2668 105
1330 2633 1393 2664 235
1419 2630 1464 2664 ab
1492 2627 1733 2664 Camerarius:

74 2699 131 2723 me
155 2689 200 2724 ab
316 2692 379 2724 237
406 2691 579 2734 optimum
604 2693 675 2725 est:
702 2692 868 2734 optumus
893 2689 1035 2723 Nonius
1058 2690 1138 2723 240
1242 2689 1306 2721 238
1331 2687 1422 2721 duas
1451 2685 1502 2730 cf.
1526 2683 1638 2720 Mero.
1663 2683 1736 2718 401

76 2743 185 2787 (Men.
199 2746 289 2788 267)
381 2748 444 2780 240
462 2756 547 2781 eos*
564 2746 599 2781 Β
690 2747 879 2781 thesauros
894 2746 941 2789 B,
966 2745 1046 2779 icem
1059 2745 1139 2779 266
1232 2746 1295 2778 242
1321 2743 1416 2787 quod
1442 2740 1582 2785 crepuit
1594 2739 1645 2774 B¹

69 2803 158 2846 post
182 2803 246 2835 242
270 2800 486 2837 Βίῐςοὴεῖὶιις
508 2803 631 2848 posuit
655 2813 685 2837 v.
706 2803 781 2837 393
812 2813 877 2837 nec
902 2800 1110 2835 Plautinum
1141 2799 1205 2844 (cf.
1231 2799 1426 2844 Leonymus
1449 2797 1561 2844 symb.
1586 2797 1660 2831 135
1668 2798 1737 2841 sq.)

76 2866 142 2890 nec
163 2856 354 2902 ferendum
378 2858 472 2893 inter
496 2859 738 2904 quaestionem
764 2863 797 2893 ec
821 2867 1033 2903 responsum
1131 2859 1193 2891 243
1219 2856 1303 2890 hinc
1329 2859 1384 2891 est
1478 2856 1542 2890 248
1567 2851 1736 2896 congredi
