1998 3179
89 117 133 145 111
151 117 178 148 3.
195 114 288 147 11-4,
300 114 317 141 9
785 92 1056 134 MERCATOR
1668 75 1750 113 459

207 239 339 268 meum
369 224 541 264 animum
571 224 718 270 gestas:
749 214 825 253 scis
856 210 948 263 quid
978 213 1138 248 acturus
1167 203 1275 243 siem.

207 297 307 337 LYs.
347 293 533 332 Pervorse
553 286 682 326 facies.
730 283 848 321 Dm.
897 276 1063 324 Quodne
1094 284 1198 312 ames
1219 292 1274 299 -
1322 267 1422 306 LYs.
1463 263 1587 302 Tanto
1610 260 1755 299 minus.

208 360 419 403 ieiunitatis
447 357 601 410 plenus,
631 352 758 392 anima
788 345 942 392 foetida,

211 441 330 470 senex
360 427 538 467 hircosus
568 428 610 460 tu
641 418 818 458 osculere
849 407 1082 453 mulierem?
1772 401 1828 433 575

212 500 322 538 utine
353 491 562 534 adveniens
591 486 778 526 vomitum
810 479 982 521 excutias
1013 470 1197 515 mulieri?

213 564 294 604 scio
324 561 392 614 pol
421 566 460 599 te
490 567 632 602 amare,
664 563 780 604 quom
812 550 930 588 istaec
960 547 1250 597 praemonstras
1280 536 1387 575 mihi.

213 633 331 671 Dm.
381 626 484 674 Quid
514 625 546 663 si
575 622 693 673 igitur
723 628 848 658 unum
879 614 1016 654 faciam
1045 607 1151 649 hoc?
1182 607 1215 646 si
1245 617 1396 650 censes,
1429 611 1597 651 coquom

215 699 385 750 aliquem
415 692 659 744 arripiamus,
690 684 899 738 prandium
931 680 998 731 qui
1027 680 1245 729 percoquat

219 765 321 817 apud
352 771 390 803 te
421 762 485 801 hic
516 770 640 809 usque
669 755 716 794 ad
744 761 965 804 vesperum.
1023 746 1123 785 LYs.
1173 742 1247 781 Em
1277 740 1377 780 istuc
1408 748 1565 776 censeo.
1777 737 1835 770 580

220 844 328 872 nunc
360 838 401 870 tu
432 827 630 880 sapienter
659 824 822 873 loquere
853 824 969 868 atque
999 811 1197 852 amatorie.

218 902 335 941 Dm.
386 896 487 943 Quid
519 889 693 934 stamus?
725 887 820 940 quin
853 896 945 935 ergo
976 883 1077 921 imus
1108 885 1224 929 atque
1255 873 1463 914 obsonium

225 978 420 1011 curamus,
451 962 615 1016 pulchre
645 965 689 997 ut
718 951 867 996 simus?
925 951 1026 990 LYs.
1075 945 1269 997 Equidem
1298 949 1335 981 te
1366 950 1525 991 sequor.

222 1043 338 1086 atque
368 1031 501 1072 hercle
532 1027 708 1068 invenies
738 1031 781 1063 tu
811 1023 941 1061 locum
971 1018 1038 1063 illi,
1071 1016 1100 1055 si
1132 1013 1256 1065 sapis:

227 1103 380 1143 nullum
410 1098 542 1139 hercle
571 1100 729 1148 praeter
758 1092 865 1130 hunc
895 1087 996 1126 diem
1028 1083 1091 1123 illa
1122 1080 1224 1133 apud
1253 1078 1343 1118 med
1373 1076 1458 1116 erit.
1786 1073 1842 1105 585

225 1178 359 1211 metuo
391 1180 463 1219 ego
494 1168 671 1208 uxorem,
703 1171 788 1200 cras
817 1157 849 1196 si
878 1166 970 1195 rure
1000 1149 1160 1191 redierit

230 1252 279 1279 ne
310 1237 413 1276 illam
444 1235 507 1274 hic
539 1229 723 1272 offendat.
782 1226 898 1266 Dm.
948 1222 1024 1260 Res
1055 1224 1188 1270 parata
1219 1221 1288 1261 est,
1319 1223 1483 1262 sequere
1514 1220 1588 1247 me.
1620 1229 1673 1234 —

800 1331 1097 1378 CHARINVS
1667 1317 1735 1357 ΠΙ
1756 1319 1781 1357 4

118 1434 269 1480 Sumne
300 1441 373 1480 ego
404 1427 521 1466 homo
551 1423 682 1470 miser,
715 1419 781 1470 qui
813 1426 1006 1466 nusquam
1036 1411 1139 1450 bene
1170 1419 1271 1459 queo
1304 1398 1536 1456 quiescere?

119 1503 152 1542 si
183 1499 289 1540 domi
319 1507 419 1541 sum,
450 1491 546 1531 foris
577 1495 635 1529 est
665 1487 831 1532 animus,
863 1483 922 1522 sin
955 1480 1049 1519 foris
1076 1489 1174 1523 sum,
1206 1474 1359 1513 animus
1390 1468 1544 1509 domist.

120 1570 172 1609 ita
202 1567 254 1607 mi
283 1566 325 1605 in
355 1567 515 1614 pectore
546 1564 663 1608 atque
693 1555 733 1594 in
765 1551 883 1592 corde
914 1548 1005 1588 facit
1035 1556 1145 1584 amor
1176 1539 1421 1581 incendium:
1782 1535 1840 1567 590

124 1637 165 1676 ni
196 1646 243 1675 ex
274 1630 398 1672 oculis
427 1628 622 1667 lacrumae
653 1621 877 1663 defendant,
909 1618 985 1656 iam
1015 1613 1147 1653 ardeat
1178 1608 1295 1648 credo
1327 1612 1454 1658 caput.

124 1715 234 1757 spem
263 1708 393 1745 tenco,
424 1695 587 1736 salutem
617 1690 749 1737 amisi3
780 1688 914 1727 redeat
943 1696 993 1723 an
1025 1694 1120 1726 non,
1153 1677 1307 1718 nescio:

125 1773 159 1813 si
190 1767 376 1822 opprimit
404 1770 517 1816 pater
547 1760 650 1813 quod
682 1757 789 1803 dixit,
821 1752 1036 1794 exsulatum
1067 1748 1159 1787 abiit
1188 1745 1311 1791 salus;

127 1839 188 1878 sin
220 1834 363 1876 sodalis
394 1831 498 1884 quod
529 1826 709 1881 promisit
739 1824 843 1870 fecit,
875 1833 956 1860 non
988 1817 1082 1857 abiit
1112 1815 1227 1854 salus.

130 1906 196 1946 sed
227 1911 356 1944 tamen
389 1901 478 1939 dem
508 1898 540 1937 si
569 1893 799 1948 podagrosis
828 1889 994 1942 pedibus
1024 1890 1124 1925 esset
1155 1880 1367 1932 Eutychus,
1804 1872 1861 1904 595

131 1974 206 2013 iam
238 1985 258 2011 a
288 1976 406 2023 portu
435 1967 595 2008 rediisse
626 1962 766 2016 potuit.
826 1959 863 1997 id
894 1956 946 1996 illi
979 1953 1113 1993 vitium
1144 1951 1417 1991 maxumumst,

249 2083 313 2116 572
339 2079 405 2114 sim
499 2077 562 2111 573
588 2082 702 2109 amem
726 2068 911 2113 Scantiam·
937 2063 1080 2109 quodne
1105 2069 1201 2096 ames
1225 2056 1303 2092 scil.
1327 2055 1362 2090 si
1384 2051 1582 2089 osculeris?
1606 2048 1670 2093 (cf.
1693 2047 1798 2083 Lam-

134 2140 264 2179 binus),
287 2133 518 2178 interrumpit
533 2130 656 2165 dicens
673 2129 772 2162 tanto
789 2124 907 2159 minus
924 2120 1000 2156 scil.
1018 2117 1192 2154 osculeris
1215 2114 1246 2149 si
1263 2121 1387 2151 amas‚·
1410 2109 1460 2152 cf.
1480 2109 1528 2142 57
1532 2109 1553 2142 7
1619 2108 1684 2140 574
1707 2104 1798 2138 ieiu-

126 2195 263 2233 nitatis
287 2191 428 2227 Nonius
452 2188 550 2223 233:
574 2183 748 2221 ianutatis
775 2180 863 2220 CD1,
892 2179 962 2213 iam
986 2175 1093 2211 etatis
1118 2171 1216 2212 Bffl,
1241 2169 1293 2213 cf.
1319 2167 1368 2202 ad
1394 2166 1470 2202 Cas.
1495 2165 1569 2199 129
1662 2164 1727 2195 575
1751 2160 1800 2194 ir-

138 2261 244 2287 cosus
271 2248 343 2290 CD,
367 2247 425 2282 uir
449 2253 584 2290 quosue
613 2241 644 2276 Β
736 2236 925 2273 ausculere
1018 2234 1081 2265 577
1107 2227 1242 2263 scilicet
1266 2224 1329 2270 qui
1354 2227 1387 2257 te
1411 2231 1534 2256 aurare
1558 2219 1648 2253 <licis
1671 2223 1801 2252 contra

139 2308 230 2344 artis
253 2303 455 2341 amatoriae
475 2301 680 2346 praecepta
703 2303 855 2341 peccas,
887 2290 939 2336 cf.
966 2288 1026 2325 Ov.
1051 2290 1122 2321 art.
1146 2285 1182 2326 3,
1206 2283 1284 2317 277
1373 2280 1438 2314 578
1463 2276 1597 2311 factam
1623 2273 1701 2317 CI),
1726 2272 1802 2307 fac-

139 2368 218 2400 tum
238 2361 282 2403 B,
300 2370 396 2396 corr.
416 2355 649 2394 Gulielmius;
663 2352 753 2397 fort.
770 2359 881 2385 unum
895 2348 966 2382 hoc
982 2344 1114 2379 faciam
1183 2342 1248 2374 580
1265 2338 1356 2382 aput
1371 2334 1407 2370 B
1478 2335 1541 2367 581
1559 2329 1713 2367 amatori

141 2419 300 2465 loqueris
325 2419 362 2452 et
385 2412 560 2450 amatorie
587 2410 750 2448 Gaiam,
782 2416 848 2440 nec
872 2403 1022 2438 libenter
1045 2396 1246 2433 carebimus
1269 2392 1362 2427 artis
1384 2388 1558 2426 vocabulo
1651 2388 1716 2420 583
1742 2395 1805 2420 cu-

143 2486 276 2518 remus,
292 2482 389 2510 oorr.
410 2467 639 2506 Camerarius
720 2465 786 2498 584
801 2460 876 2495 illic
897 2459 930 2494 Β
1011 2457 1075 2490 585
1099 2451 1222 2487 hercle
1240 2461 1309 2485 om.
1328 2448 1362 2483 Β
1430 2457 1487 2481 me
1568 2446 1632 2479 586
1657 2454 1693 2478 u.
1712 2452 1742 2477 e.
1760 2452 1806 2475 m.

148 2531 318 2567 Goetzius
411 2527 475 2562 588
496 2532 679 2560 cmms
702 2526 894 2554 Evrrcrrvs
911 2517 1073 2555 (Evermvs
1091 2509 1139 2549 Β)
1163 2514 1444 2542 monascmzms
1468 2511 1542 2536 nvo
1561 2499 1637 2541 BC,
1661 2497 1809 2533 nomina

142 2587 251 2634 ponit
277 2585 340 2627 D2,
364 2594 433 2619 om.
459 2581 509 2617 D¹
623 2578 802 2612 589-600
832 2573 871 2608 in
895 2573 925 2606 Α
950 2576 1141 2617 perpauca
1170 2564 1207 2598 in
1240 2571 1404 2597 versuum
1436 2557 1549 2593 initiis
1576 2558 1721 2591 servata

151 2645 215 2678 589
239 2641 328 2677 foris
352 2650 448 2676 sum:
472 2636 561 2674 foris
585 2638 641 2671 est
658 2642 736 2668 sum
754 2630 789 2665 B
904 2630 966 2662 591
994 2624 1033 2659 ni
1056 2621 1180 2658 oculos
1203 2618 1350 2654 lacrime
1368 2615 1403 2650 Β
1520 2615 1585 2647 592
1610 2610 1714 2647 amisi
1737 2619 1811 2644 non

150 2702 204 2736 est
225 2695 381 2745 perdidi,
404 2693 468 2730 sed
491 2704 510 2728 e
526 2690 692 2727 manibus
708 2685 827 2722 dimisi
918 2682 970 2727 cf.
988 2678 1118 2715 Pseud.
1139 2677 1213 2713 709
1306 2675 1369 2707 593
1396 2669 1568 2716 opprimit
1584 2668 1648 2703 vix
1663 2676 1792 2701 sanum
1800 2678 1813 2706 ,-

151 2766 226 2790 uon
250 2755 336 2800 apte
365 2750 559 2795 confertur
582 2746 658 2782 Mil.
675 2744 777 2779 1209
869 2738 1068 2775 exsolatum
1093 2734 1128 2769 Β
1223 2733 1288 2767 594
1318 2729 1396 2773 seii)
1421 2729 1452 2762 Α
1546 2727 1609 2759 595
1641 2721 1754 2757 demsi
1777 2720 1814 2766 B

154 2808 294 2854 dempsi
312 2806 393 2847 CD;
416 2804 573 2841 solutum
592 2801 737 2846 reliqui,
759 2797 823 2834 secl
837 2794 1041 2832 tamendem
1056 2801 1131 2826 esse
1150 2792 1244 2835 puto
1268 2785 1366 2832 quod
1382 2783 1538 2819 tandem.
1578 2779 1644 2815 alii
1659 2777 1816 2821 etiamsi,

155 2867 251 2902 idem
275 2865 306 2900 si
399 2864 464 2897 596
489 2871 530 2896 a:
555 2859 604 2894 ad
628 2857 662 2892 B
