1977 3168
176 87 227 123 IV
866 74 1144 112 PRAEFATIO

179 199 386 239 desiderari
408 196 691 248 intellegebam.
743 194 822 234 scio
855 191 945 244 quid
978 192 1101 229 dicam
1125 202 1197 228 nec
1220 187 1405 238 refugiam
1429 186 1599 237 apertius
1630 184 1827 236 pluribus-

177 280 252 319 que
284 266 411 305 verbis
443 265 573 303 dicere
604 263 634 301 si
666 262 753 313 quis
775 258 1046 310 interrogabit.
1098 269 1204 296 nunc
1236 255 1326 295 satis
1357 254 1431 293 erit
1452 259 1610 304 accepta
1633 252 1828 291 rettulisse

177 333 513 386 promerentibus3
555 343 681 381 neque
723 329 824 368 enim
864 327 984 377 magis
1024 324 1256 376 recepissem
1300 321 1499 373 negotium
1531 326 1596 359 aut
1626 325 1827 370 receptum

176 407 379 440 exsecutus
411 412 554 444 essem,
598 398 669 437 nisi
701 396 842 435 Loewii
875 394 1020 433 Goetzii
1053 392 1255 438 Schoellii‚
1289 403 1386 442 quos
1417 389 1579 428 honoris
1610 400 1723 427 causa
1756 400 1828 426 no-

176 469 305 514 mino,
337 474 373 506 et
404 468 572 506 virorum
604 477 770 516 quorum
802 475 918 515 opera
950 461 1023 501 illis
1054 461 1092 500 in
1124 459 1374 500 conserendis
1404 456 1604 497 codicibus
1635 455 1689 495 uti
1720 455 1829 494 licuit

177 536 271 575 sides
301 542 471 587 spectata
504 541 541 573 et
571 532 733 584 probata
765 537 877 570 esset.

286 602 454 641 Alterius
476 600 656 640 editionis
677 598 873 650 exemplar
893 597 958 647 (P)
979 596 1196 650 restituitur
1218 609 1291 647 ope
1314 594 1491 634 codicum
1513 598 1669 645 praeter
1690 590 1827 643 palim-

176 677 345 722 psestum
377 669 562 708 omnium.
623 668 685 707 cui
724 665 882 706 editioni
915 664 1090 703 similiter
1120 663 1258 702 accidit
1287 669 1424 713 atque,
1465 667 1506 700 ut
1539 673 1617 699 uno
1649 659 1826 711 exemplo

175 738 376 787 defungar,
409 736 606 776 Ciceronis
629 734 879 786 epistularum
903 732 1071 783 corpori,
1103 732 1250 770 scilicet
1280 737 1322 769 ut
1345 736 1501 781 praeter
1530 740 1652 767 unum
1684 727 1825 766 librum

175 805 368 855 integrum
401 804 476 842 duo
509 803 689 842 editionis
720 801 811 839 torni
848 801 1053 851 separatim
1086 799 1131 837 ad
1175 804 1306 837 nostra
1346 803 1519 848 tempora
1559 795 1825 847 pervenerint.

174 884 340 922 quorum
363 872 458 910 alter
479 870 560 909 Vlll
585 870 735 921 priores
758 868 903 907 sahulas
926 867 1112 912 continet,
1135 866 1232 904 alter
1253 864 1320 903 Xll
1345 864 1581 915 posteriores
1603 863 1666 913 (de
1687 862 1826 902 ordine

174 952 205 977 v.
225 939 352 988 infra).
395 940 588 990 integrum
611 944 737 976 autem
761 936 879 975 totius
901 934 1077 986 corporis
1099 932 1296 984 exemplar
1313 932 1372 981 (B)
1397 938 1435 970 et
1456 931 1582 983 ipsum
1607 943 1651 969 ex
1675 930 1824 969 duabus

173 1006 347 1058 partibus
388 1007 460 1045 illis
500 1005 757 1057 compositum
799 1010 878 1049 est,
917 1009 957 1040 ut
997 1001 1174 1052 exposuit
1216 999 1413 1039 Chatelain
1457 999 1651 1050 palaeogr.
1683 998 1747 1037 lat.
1779 998 1824 1037 ad

173 1074 249 1113 tab.
274 1074 329 1120 ll;
361 1075 479 1113 codex
513 1073 559 1119 D,
593 1073 657 1123 qui
688 1078 777 1110 ante
808 1077 956 1122 partem
989 1069 1147 1107 alteram
1180 1068 1292 1106 etiam
1324 1067 1467 1119 prioris
1498 1073 1576 1106 tres
1608 1065 1756 1106 fabulas
1787 1073 1826 1105 et

172 1142 366 1180 dimidiam
390 1140 562 1193 praebet,
592 1146 682 1178 ante
714 1138 779 1177 Xll
804 1138 951 1177 l'abulas
981 1137 1052 1175 tria
1076 1135 1164 1174 solia
1186 1147 1302 1173 vacua
1325 1133 1453 1173 habet.
1504 1134 1823 1186 distinguendum

172 1216 230 1248 est
260 1209 376 1260 igitur
406 1209 510 1247 inter
539 1207 680 1260 prioris
712 1206 946 1255 alteriusque
979 1204 1072 1243 tomi
1104 1203 1343 1241 memoriam.

283 1276 349 1314 XX
381 1275 527 1315 fabulas
561 1277 655 1326 (non
688 1273 785 1319 XXI,
819 1285 906 1312 cum
931 1271 1123 1311 Vidularia
1156 1271 1194 1309 in
1227 1272 1304 1309 line
1336 1270 1473 1309 amissa
1505 1269 1580 1318 sit),
1612 1270 1823 1321 praemissa

171 1344 355 1390 Querolo,
377 1343 555 1383 continet
576 1342 696 1381 codex
719 1341 870 1380 Vetus
903 1338 1172 1379 Camerarii
1204 1338 1286 1388 (Β);
1310 1337 1457 1377 l'abulas
1479 1337 1546 1376 ΧΠ
1570 1337 1821 1389 posteriores,

171 1418 212 1450 ut
233 1412 278 1450 de
301 1412 358 1451 his
379 1412 548 1463 primum
573 1410 798 1454 reseramus,
831 1409 1135 1447 Decurtatus
1155 1405 1231 1455 (C),
1259 1405 1403 1445 eisdem
1427 1405 1657 1456 praemissas
1679 1406 1824 1457 primas

170 1486 248 1518 tres
278 1491 364 1517 cum
388 1479 633 1530 Captivorum
664 1489 697 1515 v.
724 1478 885 1517 1—503
917 1475 1153 1514 Vrsinian
1167 1486 1219 1512 us
1249 1473 1335 1522 (D);
1367 1480 1483 1524 atque
1504 1472 1573 1511 Xll
1605 1472 1822 1512 fabularum

169 1559 289 1585 unum
322 1546 463 1586 librum
495 1546 661 1585 reddunt
696 1544 727 1584 C
753 1550 790 1582 et
822 1543 874 1589 D,
907 1543 1015 1582 cuius
1047 1541 1214 1580 lectione
1244 1554 1332 1580 cum
1364 1542 1484 1581 altero
1516 1541 1548 1581 B
1579 1548 1822 1592 congruente

169 1614 366 1666 archetypi
398 1614 514 1653 unius
545 1612 657 1652 lectio
688 1616 859 1663 apparet,
891 1609 1142 1649 dissentiente
1172 1608 1350 1661 ambigua
1383 1616 1449 1651 est.

281 1681 363 1720 Vlll
396 1681 570 1733 priorum
593 1679 808 1718 fabularum
830 1678 966 1717 melior
988 1677 1166 1717 condicio
1189 1683 1258 1722 est,
1290 1677 1481 1728 siquidem
1514 1682 1668 1729 praeter
1698 1688 1820 1716 unum

169 1755 206 1788 et
235 1743 399 1788 solidum
422 1748 601 1788 editionis
624 1747 656 1786 P
683 1746 878 1798 exemplar
909 1745 1029 1784 altero
1053 1745 1198 1784 utimur
1220 1751 1416 1796 excerpto.
1468 1744 1633 1784 solidum
1656 1757 1821 1796 recupe-

168 1823 275 1856 ratur
295 1816 410 1855 trium
433 1816 610 1855 codicum
629 1815 816 1854 lectione:
852 1816 886 1854 1.
911 1813 1060 1852 Veteris
1077 1813 1118 1852 B.
1165 1814 1202 1852 2.
1222 1812 1415 1852 Vrsiniani
1439 1812 1485 1851 D.
1537 1814 1574 1855 3.
1599 1813 1682 1852 eius
1703 1824 1819 1864 quem

168 1883 336 1923 reddunt
366 1883 638 1923 Vossianus
669 1881 729 1931 (V,
762 1883 810 1921 cl'.
842 1881 1058 1920 Schoellius
1081 1880 1241 1920 Casinae
1273 1882 1392 1932 praef.
1425 1887 1463 1932 p.
1486 1878 1819 1930 XIX—XXXIX),

168 1951 233 2002 qui
263 1950 424 2003 praebet
460 1950 693 1990 Aululariam
736 1949 825 1988 inde
856 1961 876 1987 a
906 1961 940 1986 V.
967 1950 1066 1995 190,
1109 1948 1286 2000 Captivos
1327 1948 1603 1988 Curculionem
1642 1948 1817 1988 Casinam

168 2018 430 2066 Cistellariam‚
464 2018 610 2070 Epidici
632 2031 663 2056 v.
691 2018 874 2063 1—244;
905 2016 1270 2056 Ambrosianus
1301 2014 1362 2070 (E,
1394 2017 1442 2055 cf.
1467 2016 1648 2056 Goetzius
1670 2015 1819 2056 Curcu-

168 2086 282 2125 lionis
303 2087 424 2137 praes.
448 2099 485 2137 p.
510 2085 762 2134 Vll—XVII),
787 2084 852 2135 qui
875 2084 1051 2123 continet
1072 2097 1208 2123 omnes
1231 2084 1382 2123 omissis
1403 2083 1622 2124 Aululariae
1643 2083 1819 2124 versibus

170 2155 409 2201 191—605;
449 2152 790 2192 Londinensis
822 2151 877 2202 (Ι,
919 2153 967 2191 cl'.
1009 2152 1189 2191 Goetzius
1229 2151 1377 2204 Epidici
1419 2153 1540 2204 praef.
1571 2165 1608 2204 p.
1630 2151 1819 2203 xvltsq.)

167 2221 257 2259 item
289 2221 463 2260 omnium
496 2220 578 2259 Vlll
613 2220 852 2265 fabularum,
885 2220 950 2270 qui
981 2232 1027 2258 ex
1058 2219 1221 2270 gemello
1253 2220 1512 2272 archetypove
1543 2219 1722 2259 codicum
1758 2218 1823 2258 VE

166 2300 253 2327 cum
285 2287 587 2340 interpolatione
629 2287 905 2339 transscriptus
935 2293 972 2326 et
1010 2287 1235 2327 abiciendus
1273 2294 1331 2327 est
1369 2288 1436 2327 ubi
1466 2287 1538 2327 DE
1565 2287 1622 2326 vel
1659 2285 1735 2326 DV
1760 2286 1818 2325 vel

172 2355 235 2394 VE
253 2362 406 2407 praesto
428 2362 522 2395 sunt
543 2357 606 2404 (cl'.
629 2355 674 2394 ad
696 2355 806 2407 Epid.
832 2357 950 2404 244);
982 2355 1129 2394 accedit
1150 2355 1440 2395 Ottobonianus
1460 2355 1538 2406 (Ο),
1567 2354 1632 2406 qui
1656 2353 1819 2406 praebet

166 2422 411 2474 Captivorum
445 2435 576 2462 versus
608 2425 827 2463 :too—555
859 2423 907 2473 (v,
939 2423 984 2461 ad
1016 2421 1074 2474 l.).
1135 2422 1293 2463 alterius
1332 2423 1434 2475 quod
1478 2423 1554 2462 dixi
1585 2421 1817 2474 exemplaris

165 2497 385 2542 excerptam
425 2490 632 2529 lectionem
672 2489 857 2529 habemus
896 2490 1087 2530 beneficio
1127 2491 1442 2531 correctoris
1483 2490 1678 2530 Veteris
1720 2489 1816 2540 (13²),

165 2558 230 2608 qui
260 2570 331 2610 per
361 2558 531 2609 priorem
555 2563 702 2609 partem
726 2558 880 2605 codicis,
913 2558 937 2596 i.
960 2571 993 2598 e.
1026 2571 1096 2609 per
1127 2558 1209 2597 Vlll
1241 2557 1402 2605 fabulas,
1434 2558 1576 2597 variam
1607 2557 1814 2597 lectionem

164 2625 340 2676 ascripsit
371 2626 417 2664 de
449 2625 558 2664 cuius
589 2625 820 2676 praestantia
852 2625 1061 2665 identidem
1097 2626 1251 2665 monuit
1280 2633 1434 2678 praeter
1463 2625 1558 2665 alios
1588 2625 1813 2678 Seyffertus.

165 2692 353 2732 indicasse
375 2692 465 2732 satis
485 2692 557 2731 erit
580 2705 711 2732 versus
728 2693 866 2743 Amph.
886 2695 964 2733 755
978 2706 1034 2744 sq.
1057 2694 1141 2732 Aul.
1158 2697 1238 2735 454
1252 2707 1308 2744 sq.
1334 2694 1415 2732 Cas.
1435 2695 1515 2734 376
1537 2693 1593 2732 vel
1616 2693 1699 2732 Aul.
1719 2694 1813 2734 537.

166 2761 244 2801 7158
268 2760 374 2811 Capt.
397 2762 490 2801 420.
525 2762 618 2801 592.
642 2761 735 2801 806.
760 2763 840 2801 924
864 2762 946 2799 Cas.
970 2763 1062 2802 240.
1087 2763 1181 2802 247.
1205 2762 1299 2802 488.
1324 2763 1416 2801 722.
1442 2761 1522 2802 868
1534 2772 1614 2811 sq.;
1645 2760 1812 2799 dubitari

166 2839 242 2865 non
278 2834 401 2878 potest
433 2828 526 2878 quin
562 2827 640 2866 l'lll
676 2828 891 2867 l'ahularum
932 2829 1052 2867 altero
1093 2828 1226 2867 codice
1265 2829 1310 2868 ad
1343 2829 1629 2868 emendandum
1671 2828 1811 2867 librum
