1998 3179
84 78 151 112 112,
171 79 306 108 127-155
766 78 1054 114 AMPHITRVO
1688 84 1740 121 33

83 192 229 232 AMPH.
278 193 385 243 Nego
408 192 510 231 enim
533 204 637 240 vero,
669 198 706 231 et
727 205 787 231 me
809 194 990 232 advenire
1013 206 1120 232 nunc
1149 194 1318 245 primum
1342 195 1402 234 aio
1423 196 1468 234 ad
1499 203 1536 236 te
1568 197 1738 238 domum.

82 260 185 300 ALc.
236 259 423 307 Obsecro,
456 260 623 299 etiamne
653 260 729 300 hoc
760 260 933 311 negabis,
963 267 1002 300 te
1032 273 1186 300 auream
1219 267 1390 312 pateram
1420 264 1514 302 mihi
1752 275 1808 307 760

83 328 232 367 dedisse
263 328 367 367 dono
397 327 527 375 hodie,
559 340 634 379 qua
663 334 702 366 te
732 328 786 366 illi
818 329 1003 367 donatum
1036 341 1121 368 esse
1151 328 1328 369 dixeras?

81 395 227 436 AMPH.
276 395 410 446 Neque
441 395 580 446 edepol
610 395 696 434 dedi
729 407 855 446 neque
887 396 986 444 dixi;
1015 408 1152 435 verum
1182 396 1233 435 ita
1264 397 1455 436 animatus
1485 398 1540 438 fui

81 463 211 513 itaque
242 475 350 501 1111110
378 475 477 509 sum,
509 469 552 501 ut
581 474 624 500 ea
654 468 692 501 te
722 469 855 514 patera
887 463 1042 501 donem.
1074 464 1141 503 sed
1171 464 1259 514 quis
1289 465 1390 504 istuc
1418 465 1488 505 tibi

80 529 203 569 dixit?
260 529 364 570 ALc.
414 530 497 580 Ego
528 530 707 580 equidem
740 542 786 568 ex
817 537 854 568 te
887 530 1012 569 audivi
1043 538 1081 569 et
1111 543 1157 569 ex
1188 538 1252 570 tua
1283 534 1415 584 accepi
1445 545 1564 573 manu

78 604 266 649 pateram.
325 597 472 637 AMPH.
521 596 646 643 Mane,
679 609 807 643 mane,
840 597 1004 636 obsecro
1035 603 1084 636 te.
1146 597 1262 637 nimis
1292 599 1474 647 demiror,
1506 602 1626 648 Sosia,
1754 611 1809 642 765

80 665 145 716 qui
177 665 285 704 illaec
316 665 392 703 illic
422 677 485 703 me
515 664 701 703 donatum
725 677 807 703 esse
838 676 954 703 aurea
985 672 1118 716 patera
1149 665 1255 711 sciat,

79 732 153 772 nisi
183 739 225 771 tu
257 732 403 771 dudum
434 732 535 771 hanc
566 732 785 771 convenisti
817 739 854 771 et
885 733 1087 771 narravisti
1116 733 1210 771 haec
1241 734 1384 772 omnia.

77 800 166 840 Sos.
216 800 350 850 Neque
382 800 520 851 edepol
551 812 622 851 ego
654 800 729 838 dixi
763 812 891 850 neque
921 800 1031 839 istam
1063 800 1136 838 vidi
1169 800 1243 839 nisi
1273 807 1404 840 tecum
1435 801 1560 840 simul.

77 866 163 907 Am.
195 867 296 913 Quid
314 868 386 906 hoc
402 867 452 906 sit
467 866 668 906 hominis?
712 866 790 907 AL.
813 868 885 906 Vin
903 867 1072 918 proferri
1091 867 1294 919 pateram?
1334 868 1420 908 AM.
1452 869 1622 909 Proferri
1640 870 1739 910 volo.

75 934 179 975 ALC.
230 935 325 973 Fiat.
354 932 498 989 (heus)
526 941 582 981 tu,
614 935 809 982 Thessala,
840 936 946 974 intus
977 942 1150 986 pateram
1182 936 1359 987 proferto
1391 937 1508 983 foras,
1753 948 1809 979 770

77 1015 153 1053 qua
182 1003 297 1042 hodie
328 1015 438 1042 meus
467 1003 525 1041 vir
555 1002 711 1042 donavit
743 1015 816 1041 me.
875 1003 1022 1043 AMPH.
1074 1003 1221 1042 Secede
1251 1004 1327 1043 huc
1357 1011 1412 1052 tu,
1445 1004 1565 1051 Sosia,

76 1071 181 1109 enim
212 1083 303 1109 vero
335 1070 430 1109 illud
460 1076 617 1121 praeter
645 1071 717 1109 alia
748 1071 844 1109 mira
876 1071 998 1109 miror
1028 1071 1204 1116 maxime,

78 1138 109 1177 si
131 1139 226 1177 11300
247 1138 362 1177 habet
383 1141 556 1189 pateram
579 1139 696 1178 illam.
728 1139 817 1179 Sos.
841 1140 897 1177 An
922 1139 1036 1177 etiam
1059 1139 1185 1178 credis
1206 1139 1255 1186 id,
1279 1151 1377 1189 quae
1398 1139 1436 1178 in
1460 1139 1531 1178 bac
1552 1140 1739 1179 cistellula

75 1211 142 1244 tuo
165 1206 278 1257 signo
301 1205 505 1257 obsignata
527 1205 681 1245 fertur?
740 1206 887 1246 AMPH.
938 1207 1089 1245 Salvom
1112 1207 1267 1256 signum
1290 1204 1375 1245 est?
1433 1206 1523 1246 Sos.
1572 1207 1739 1260 Inspice.

74 1273 220 1313 ΑΠΡΗ.
272 1273 403 1321 Recte,
437 1273 486 1312 ita
510 1280 567 1312 est
597 1280 641 1312 ut
671 1274 883 1325 obsignavi.
943 1274 1031 1314 Sos.
1082 1274 1248 1321 Quaeso,
1281 1274 1374 1324 quin
1402 1280 1444 1312 tu
1475 1274 1597 1313 istanc
1628 1275 1737 1314 iubes
1751 1283 1806 1314 775

74 1353 147 1392 pro
178 1342 319 1380 cerrita
349 1340 624 1380 circumferri?
683 1341 831 1382 AMPH.
881 1341 1031 1392 Edepol
1063 1341 1129 1392 qui
1160 1343 1260 1380 sacto
1292 1347 1350 1380 est
1379 1354 1498 1392 opus;

74 1421 163 1448 nam
194 1409 291 1448 11300
331 1409 486 1459 quidem
519 1409 657 1460 edepol
697 1410 894 1447 laruarum
926 1409 1090 1459 plenast.
1149 1409 1252 1448 ALC.
1303 1409 1404 1454 Quid
1435 1409 1563 1449 verbis
1594 1410 1738 1461 opust?

73 1488 133 1514 em
156 1476 226 1515 tibi
254 1483 441 1528 pateram,
465 1489 608 1515 eccam.
650 1476 737 1516 AM.
769 1477 871 1516 Cedo
894 1477 959 1515 mi.
1000 1475 1103 1517 ALC.
1135 1479 1214 1528 Age
1237 1477 1365 1528 aspice
1383 1477 1460 1516 11110
1480 1478 1531 1516 sis
1553 1479 1737 1518 nunciam

71 1549 113 1581 tu
146 1543 211 1594 qui
243 1556 342 1594 quae
376 1545 475 1583 facta
506 1544 694 1588 infitiare;
727 1557 842 1595 quem
875 1547 946 1595 ego
978 1545 1052 1583 iam
1084 1544 1145 1583 1110
1176 1544 1405 1583 convincam
1437 1545 1575 1596 palam.

71 1616 182 1650 estne
212 1611 307 1650 11300
338 1617 483 1663 patera,
516 1624 589 1663 qua
620 1612 801 1651 donatu's
832 1610 913 1650 illi?
972 1611 1119 1652 AMPH.
1171 1612 1331 1651 Summe
1362 1612 1550 1664 Iuppiter,
1607 1637 1610 1640 ‹
1750 1626 1804 1659 τε.)

71 1678 163 1729 quid
195 1691 268 1730 ego
298 1678 442 1718 video?
472 1681 569 1718 haec
600 1692 642 1719 ea
675 1687 732 1719 est
762 1681 939 1731 profecto
969 1687 1113 1731 patera.
1163 1680 1275 1731 perii,
1308 1680 1429 1720 Sosia.

70 1746 160 1786 Sos.
210 1748 287 1786 Aut
316 1747 383 1798 pol
414 1748 510 1786 haec
541 1748 827 1799 praestigiatrix
858 1748 979 1786 multo
1012 1748 1152 1786 mulier
1182 1748 1348 1787 maxima
1380 1755 1437 1788 est

69 1820 136 1853 aut
165 1821 337 1866 pateram
369 1815 434 1853 hic
464 1815 591 1854 inesse
623 1821 792 1866 oportet.
851 1814 999 1855 AMPH.
1048 1814 1236 1866 Agedum,
1269 1815 1422 1855 exsolve
1453 1816 1643 1855 cistulam.

69 1881 158 1921 Sos.
209 1881 310 1927 Quid
340 1895 414 1933 ego
450 1883 560 1922 istam
594 1881 818 1922 exsolvam?
859 1882 1098 1934 obsignatast
1129 1889 1254 1930 recte,
1294 1896 1356 1923 res
1387 1890 1493 1935 gesta
1524 1890 1582 1924 est
1613 1884 1733 1924 bene:

68 1955 110 1988 tu
141 1950 327 2001 peperisti
360 1940 699 2002 Amphitruonem,
731 1963 802 2002 ego
834 1951 951 1989 alium
984 1951 1120 2002 peperi
1151 1951 1322 2003 Sosiam3
1747 1965 1802 1999 755

70 2029 178 2055 1111110
207 2017 239 2056 si
270 2024 403 2068 patera
433 2024 607 2070 pateram
638 2019 803 2070 peperit,
836 2030 973 2058 omnes
1004 2019 1377 2069 congeminavimus.

67 2083 214 2124 AMPH.
261 2084 417 2124 Certum
441 2092 498 2125 est
519 2086 670 2137 aperire
692 2092 808 2137 atque
832 2086 1037 2137 inspicere.
1088 2086 1178 2127 Sos.
1223 2086 1317 2125 Vide
1337 2087 1389 2126 sis
1409 2087 1510 2138 signi
1536 2088 1627 2139 quid
1649 2089 1732 2134 siet,

183 2219 246 2250 759
270 2216 452 2251 aduenere
478 2215 620 2251 B¹D¹E
711 2220 775 2251 764
800 2217 963 2262 equidem
987 2228 1051 2262 ego
1076 2216 1328 2253 Fleckeisenus
1351 2228 1401 2253 eae
1424 2229 1492 2252 usu
1586 2222 1649 2253 765
1673 2220 1733 2254 de-

66 2272 193 2307 mimor
211 2272 255 2314 E,
273 2273 324 2307 B¹
349 2279 390 2307 ut
413 2272 496 2314 vid„
522 2274 699 2308 demireor
718 2274 765 2308 D*
858 2277 922 2308 766
946 2274 999 2308 illi
1020 2273 1054 2308 E
1143 2274 1235 2309 sciat
1260 2275 1294 2308 in
1320 2285 1393 2309 ras.
1416 2275 1460 2316 Β,
1486 2275 1577 2311 sicat
1594 2275 1644 2310 IJ¹

68 2331 133 2364 769
157 2328 210 2374 cf.
234 2330 301 2363 576
395 2333 458 2363 770
489 2329 614 2374 (heus)
637 2330 824 2365 Acz'dalins
914 2330 1078 2376 profecto
1104 2330 1246 2365 B¹D¹E
1336 2334 1397 2365 771
1423 2332 1516 2376 fort.
1541 2342 1641 2367 meus
1665 2343 1734 2376 me,

67 2385 119 2429 cf.
130 2389 285 2431 praeter
309 2385 383 2420 alia
407 2385 519 2421 Stich.
541 2388 605 2421 133
629 2386 741 2421 Poen.
759 2389 825 2421 965
852 2386 932 2422 Cas.
950 2389 1037 2428 646‚·
1062 2386 1273 2433 [s'aempfius
1295 2387 1340 2422 cle
1353 2398 1463 2433 pron.
1486 2399 1583 2433 pers.
1601 2390 1644 2422 21

69 2443 133 2474 773
157 2444 318 2486 pateram
344 2442 412 2478 del.
439 2443 596 2478 Brisrius
689 2447 752 2477 775
778 2443 921 2478 Nonius
937 2444 1002 2478 261
1029 2444 1286 2485 (circumferre)
1302 2444 1354 2478 Pl.
1380 2444 1418 2478 in
1436 2445 1496 2478 A.:
1521 2444 1605 2479 iube
1628 2445 1735 2481 istam

66 2508 133 2542 pro
158 2498 326 2533 cerritam
349 2499 574 2534 circumferri
666 2504 729 2534 777
750 2500 865 2535 larum
890 2510 992 2535 arum
1015 2501 1123 2545 plena
1145 2503 1229 2535 sunt
1248 2500 1279 2534 Ε
1368 2501 1458 2534 Α1,0.
1477 2500 1563 2544 quid
1579 2499 1734 2536 Sarace-

66 2564 156 2589 nus:
179 2555 265 2599 quid
289 2555 404 2594 codd„
430 2557 495 2600 qui
517 2557 607 2592 cedo
632 2557 720 2590 mihi
744 2567 810 2600 age
832 2567 862 2592 e.
877 2567 954 2602 q..s·.
981 2557 1172 2592 Alcmenae
1196 2557 1404 2601 adsiqnant.
1441 2556 1631 2592 Palmerus
1653 2567 1733 2592 cum

69 2609 277 2646 Camerario
301 2611 353 2646 ita
378 2612 539 2646 codicum
565 2612 855 2648 distributionem
878 2618 1016 2654 servat,
1045 2618 1086 2648 ut
1110 2623 1334 2648 em—eccam
1361 2611 1553 2648 Thessalae
1577 2612 1712 2648 tribuat
1720 2626 1735 2655 ;

66 2666 132 2702 sed
155 2667 240 2711 quid
263 2668 385 2703 uerbis
411 2670 543 2713 opust?
567 2679 763 2704 sermonem
785 2670 894 2714 finire
917 2670 1041 2715 nequit
1133 2672 1197 2704 778
1222 2669 1386 2704 nuntiam
1403 2668 1478 2703 BE
1566 2671 1632 2704 782
1655 2680 1733 2704 mu-

67 2722 134 2757 lier
156 2723 268 2758 multo
285 2722 372 2758 1)Εὲ
465 2728 528 2760 783
553 2726 681 2761 exolue
698 2725 917 2761 Muellerus:
940 2736 1019 2761 eam
1044 2726 1145 2761 solue
1238 2728 1300 2760 785
1325 2725 1482 2770 (alium)
1501 2729 1586 2771 post
1601 2726 1732 2771 Amph.

69 2777 218 2814 Gnietus
231 2782 330 2825 (post
353 2784 394 2816 tu
411 2781 677 2825 Fleckeisenus)
686 2795 700 2823 ,·
721 2782 821 2828 quod
836 2783 876 2817 m‘
889 2787 1001 2817 metro
1020 2782 1210 2823 conducat,
1233 2793 1350 2817 sermo
1368 2792 1442 2816 non
1465 2781 1644 2817 desideret

69 2836 133 2869 786
157 2838 321 2879 pateram
343 2840 472 2882 patera
490 2837 563 2872 BE
652 2839 767 2873 omnis
861 2841 922 2872 737
949 2838 1051 2873 uides
1076 2838 1107 2873 si
1131 2838 1223 2882 signi

133 2895 256 2924 Plautus
281 2897 304 2926 1.
1441 2895 1460 2927 3
