1998 3179
88 89 112 125 1,
131 89 229 122 48-11
239 91 265 123 1,
281 91 316 117 12
828 84 968 120 CASIN
971 86 1003 119 A
1663 82 1745 119 233

89 206 174 245 sine
203 211 292 244 tuos
324 202 467 242 ocellos
497 201 713 246 deosculer,
743 200 920 251 voluptas
951 211 1047 245 mea,

89 273 175 313 sine
205 271 341 310 amabo
372 271 435 309 ted
465 268 596 315 amari,
627 279 738 306 meus
767 268 889 306 festus
919 267 1014 313 dies,

89 353 200 380 meus
228 339 358 391 pullus
386 349 531 389 passer,
561 347 647 374 mea
677 334 871 382 columba,
901 334 953 372 mi
983 327 1119 385 lepus’,

92 420 209 459 quom
241 407 293 445 mi
323 406 418 444 haec
448 404 629 442 dicentur
658 402 772 449 dicta,
803 408 885 440 tum
916 407 971 448 tu,
1004 401 1174 448 furcifer,

91 475 201 526 quasi
231 486 331 520 mus,
362 473 401 511 in
431 471 559 510 medio
591 470 738 521 pariete
767 468 985 508 versabere.
1761 471 1816 504 140

91 554 198 581 nunc
228 554 276 580 ne
307 546 349 578 tu
379 544 417 577 te
445 537 540 576 mihi
569 535 810 587 respondere
838 534 1024 586 postules,

91 610 186 648 abeo
217 608 333 647 intro.
378 605 506 644 taedet
534 604 590 643 tui
620 603 827 643 sermonis.
859 625 914 630 —
938 601 1072 642 CHAL.
1123 601 1176 640 Te
1208 613 1362 652 sequor.

90 676 152 715 hic
184 675 338 726 quidem
368 673 435 724 pol
465 679 572 711 certo
604 671 659 709 nil
689 682 779 721 ages
809 673 893 708 sine
925 669 1012 708 med
1045 668 1206 708 arbitro.
1238 691 1292 696 -—

731 780 1102 822 CLEOSTRATA
1658 779 1701 817 II
1726 781 1745 817 1

147 854 358 903 obsignate
388 851 515 898 cellas,
547 852 690 890 referte
721 850 880 888 anulum
912 849 957 887 ad
990 861 1071 886 me:

145 933 217 972 ego
248 921 324 959 huc
354 925 510 958 transeo
540 921 580 956 in
613 929 846 968 proxumum
879 917 923 954 {nd
956 927 1079 954 meam
1112 916 1287 953 vicinam.
1762 920 1818 952 145

145 989 201 1028 vir
231 991 262 1028 si
292 987 385 1039 quid
415 987 518 1025 volet
547 998 621 1031 me,
653 985 764 1024 facite
795 985 888 1022 hinc
918 984 1136 1022 accersatis.

741 1073 1105 1113 PARDALISCA

202 1144 412 1183 Prandium
444 1143 610 1182 iusserat
724 1144 843 1181 senex
874 1141 947 1180 sibi
981 1141 1122 1192 parari.

89 1212 264 1253 CLEOST.
314 1209 383 1259 St',
414 1217 498 1249 tace
528 1213 642 1260 atque
675 1209 757 1257 abi;
791 1211 918 1259 neque
950 1221 1044 1259 paro
1164 1210 1293 1258 neque
1323 1207 1439 1246 hodie
1470 1212 1675 1257 coquetur,

146 1280 302 1330 quaindo
334 1279 366 1318 is
396 1278 448 1317 mi
480 1284 517 1316 et
546 1277 627 1316 silio
742 1276 970 1315 advorsau'ir
1001 1288 1072 1315 suo

202 1347 320 1386 {inimi
350 1348 569 1396 amorisque
600 1347 714 1383 causzi
745 1344 816 1390 sui,
1765 1348 1819 1380 150

90 1416 274 1466 flagitium
306 1413 400 1453 illud
431 1412 613 1452 hominis.
646 1425 717 1463 ego
749 1412 856 1450 illum
889 1412 1001 1461 same,
1035 1422 1106 1461 ego
1139 1410 1247 1449 illum
1278 1410 1351 1455 siti,

145 1482 368 1527 maledictis,
400 1479 612 1519 malefactis
643 1482 853 1518 amatorem
886 1478 1065 1523 ulciscar,

148 1562 219 1601 ego
251 1549 314 1601 pel
345 1548 454 1587 illum
484 1547 608 1599 probe
638 1547 899 1586 incommodis
930 1546 1041 1585 dictis
1072 1548 1225 1595 fingam,
1628 1549 1820 1582 153——155

203 1616 337 1655 faciam
370 1616 425 1654 uti
456 1615 621 1666 proinde
652 1622 694 1653 ut
725 1621 782 1653 est
812 1613 955 1664 dignus
985 1614 1099 1652 vitam
1132 1613 1244 1657 colat,

357 1669 593 1722 Acheruntis
624 1682 822 1733 pabulum,

357 1751 476 1801 flagiti
508 1756 809 1801 persequentem
842 1758 865 1789 ÷

204 1853 265 1885 137
292 1849 419 1885 amabo
444 1852 480 1884 te
505 1849 620 1884 amari
644 1848 686 1891 P,
716 1859 802 1884 uero
830 1848 944 1883 amari
967 1851 1003 1882 te
1027 1849 1058 1882 A
1153 1850 1215 1882 140
1240 1846 1434 1882 uersabere
1458 1845 1528 1880 B2:
1558 1856 1753 1890 uersauere

89 1905 221 1948 AB‘E,
238 1916 435 1942 uorsauere
462 1905 495 1941 V
582 1903 635 1940 ‘ut
652 1916 730 1939 mus
747 1917 766 1940 e
782 1915 938 1940 caverna
952 1905 1145 1950 prominet,
1164 1908 1200 1938 tn
1218 1904 1255 1937 in
1270 1904 1435 1948 fenestra
1455 1907 1487 1937 te
1504 1900 1677 1938 versahz's’

93 1966 151 1998 141
181 1963 217 1998 C.
241 1973 379 2008 praem.
398 1962 433 1996 P
524 1964 587 1996 142
613 1961 785 1996 sermonis
810 1962 863 1996 tui
882 1960 916 1995 P
1008 1964 1070 1995 143
1095 1961 1174 1995 med
1193 1961 1245 1994 A:
1269 1962 1343 1994 met
1359 1959 1400 2000 P,
1425 1958 1478 2004 cf.
1503 1959 1575 1999 90,·
1599 1959 1657 1993 liic
1680 1959 1756 1993 sine

90 2019 299 2054 necessitate
368 2028 602 2060 eLEoschATn
618 2027 843 2060 PARDAmscn
862 2018 903 2059 A,
921 2027 1157 2052 CLEOSTRATA
1174 2027 1316 2050 mvmmz
1331 2034 1341 2041 ·
1357 2025 1514 2050 ANCILLA
1530 2025 1756 2050 PERDALISCA

89 2079 327 2118 (PERDOLISCA
354 2074 429 2115 VE)
455 2074 490 2108 P
579 2077 609 2109 A
635 2075 795 2120 disponit
821 2079 860 2108 ut
883 2085 1015 2119 snpra5
1042 2073 1074 2108 P
1090 2074 1160 2108 sie:
1185 2073 1663 2117 obsignate—proxumum
1681 2071 1756 2112 (sed

90 2132 180 2176 Ego)
210 2133 214 2173 Ι
243 2133 299 2166 Ad
324 2151 367 2156 —
392 2131 585 2165 arcersatis
607 2132 611 2172 Ι
633 2130 828 2164 Prandium
852 2150 894 2154 »-
921 2130 980 2164 abi
1001 2133 1004 2171 1
1025 2129 1150 2173 Neque
1175 2149 1218 2153 -—
1243 2139 1307 2163 suo
1330 2129 1334 2172 Ι
1356 2127 1476 2162 Animi
1503 2147 1542 2151 —
1569 2127 1662 2161 fame
1681 2127 1756 2167 (sed

91 2187 296 2232 Flagitium)
317 2187 322 2231 1
344 2187 422 2230 Ego
436 2207 479 2211 —-
492 2187 648 2221 ulciscar
668 2187 673 2229 Ι
694 2186 772 2230 Ego
787 2206 829 2210 —-
844 2186 970 2229 dignus
993 2187 997 2229 Ι
1018 2184 1384 2229 Vitam—nequitiae
1405 2183 1481 2225 (sed
1497 2183 1729 2225 Acheruntis)
1749 2185 1752 2223 Ι

39 2256 41 2258 ·
90 2243 194 2278 Nunc
215 2264 255 2268 —
275 2244 486 2288 concrepuit:
507 2243 511 2286 Ι
531 2243 651 2287 Atque
669 2263 711 2267 —
728 2242 847 2287 incepi
940 2242 984 2276 de
1007 2242 1128 2276 multis
1147 2241 1298 2277 Casinae
1323 2241 1544 2276 cantieorum
1573 2240 1660 2274 locis
1677 2239 1760 2275 dixi

91 2310 179 2334 mus.
193 2298 306 2334 Rhen.
321 2300 384 2342 40,
401 2301 468 2334 161
480 2310 534 2345 sq.
543 2312 557 2340 ,·
574 2299 634 2334 ubi
651 2309 743 2344 quae
759 2299 930 2344 eccposica
947 2303 1030 2332 sunl
1045 2298 1273 2344 potissimum
1285 2297 1398 2332 secuti
1413 2300 1496 2331 sunt
1510 2301 1543 2330 ec
1556 2295 1757 2330 Sclzoellius

91 2360 126 2390 et
141 2353 322 2397 Klotzius,
340 2356 404 2401 qai
414 2360 502 2402 post
519 2355 646 2390 librum
665 2354 708 2389 cle
724 2365 765 2388 re
788 2361 889 2389 metr.
909 2354 970 2389 lat.
994 2360 1060 2389 vec.
1090 2355 1240 2389 Casinae
1265 2354 1408 2388 cantica
1432 2353 1560 2388 iterum
1587 2351 1757 2387 tractavit

91 2411 126 2446 in
144 2411 367 2446 Fleckeiseni
381 2411 507 2446 annali
522 2412 605 2453 143,
631 2412 705 2445 834
718 2422 770 2456 sq.
782 2424 794 2451 ;
818 2411 855 2445 in
880 2421 952 2456 qna
970 2410 1216 2456 disputatione
1240 2420 1313 2444 non
1338 2409 1458 2444 inveni
1481 2419 1552 2453 quo
1570 2419 1682 2443 meam
1699 2419 1756 2443 re-

92 2465 289 2500 censionem
307 2466 527 2511 corriqerem
622 2468 685 2500 145
703 2465 874 2500 uiciniam
890 2467 920 2499 A
1018 2467 1079 2497 146
1096 2464 1180 2499 hinc
1198 2465 1247 2498 A:
1263 2464 1348 2497 hinc
1365 2473 1420 2498 me
1439 2462 1471 2496 Ρ
1561 2461 1756 2497 accersatis

91 2516 178 2552 AE:
201 2518 393 2554 areersatis
418 2517 453 2552 P
562 2521 622 2553 147
648 2529 703 2563 sq.
727 2519 776 2562 cf.
802 2529 891 2552 mus.
910 2516 1026 2552 Rlzen.
1044 2518 1107 2557 40,
1132 2518 1203 2552 176
1298 2519 1359 2550 148
1385 2518 1418 2551 st
1442 2514 1615 2550 adhaeret
1638 2515 1759 2550 versui

90 2571 208 2616 priori
220 2573 270 2606 A:
287 2575 344 2606 sta
356 2570 392 2605 P
460 2574 521 2606 149
536 2572 754 2606 aduorsatur
768 2582 831 2606 suo
848 2570 897 2605 P:
913 2581 978 2606 suo
992 2571 1209 2605 aduersatur
1221 2570 1253 2604 A
1326 2573 1384 2603 151
1395 2569 1519 2614 possis
1531 2578 1595 2612 ego
1608 2568 1708 2613 <pol>

93 2623 161 2668 site
177 2626 208 2660 A
303 2627 480 2660 153-155
497 2625 559 2670 pol
575 2624 659 2660 AP:
682 2636 749 2659 om.
767 2637 796 2667 ς,
823 2625 1054 2659 Hermannns
1070 2624 1119 2657 ad
1136 2623 1225 2658 Eur.
1244 2623 1332 2658 Hec.
1350 2634 1381 2658 v.
1398 2624 1418 2656 1
1511 2622 1636 2657 dictis:
1660 2622 1754 2666 fort.

94 2679 231 2714 cunctis
340 2682 403 2714 156
428 2679 482 2714 uti
505 2679 558 2713 sie
581 2678 649 2713 ΑΡ
753 2682 794 2714 ut
818 2690 886 2713 om.
912 2677 947 2712 P
1060 2678 1203 2721 dignam
1227 2681 1258 2712 A
1368 2678 1430 2711 158
1455 2675 1643 2710 verborum
1668 2686 1755 2711 con-

92 2732 244 2767 structio
269 2736 308 2767 ut
332 2732 484 2777 defendi
495 2733 610 2778 possit
632 2735 918 2777 (persequentem
935 2731 1076 2776 (uiam)
1094 2730 1307 2772 Scleoellius,
1332 2731 1383 2775 cf.
1404 2729 1634 2765 Hermannns
1659 2729 1681 2763 l.
1699 2733 1756 2771 s.),

94 2796 168 2820 non
193 2790 276 2832 apte
301 2785 525 2821 intercedunt
548 2787 641 2821 inter
658 2786 836 2832 pabulum
862 2791 895 2821 et
918 2785 1097 2820 stabulum
1122 2789 1228 2829 (qaae
1252 2784 1522 2829 coniunquntur
1545 2782 1624 2818 Mil.
1646 2784 1758 2826 304),-

94 2837 208 2883 flagiti
231 2849 407 2884 praesepe
427 2839 611 2874 Acidalius
627 2839 717 2880 (scil.
734 2845 979 2883 praesepem13
1005 2839 1055 2883 cf.
1081 2837 1262 2873 stabulum
1285 2836 1397 2882 flagiti
1425 2836 1529 2872 Truo.
1549 2837 1624 2871 587
