1998 3179
62 97 78 125 1
89 97 116 130 2,
132 96 234 124 38—63
797 93 992 130 CAPTIVI
1640 92 1691 129 18
1699 92 1720 129 7

119 222 206 249 meo
238 215 276 249 te
307 211 391 249 esse
420 208 602 256 amicum,
634 213 672 248 et
700 208 808 247 illum
839 208 1011 247 intellexi
1041 207 1124 247 tibi.

118 278 226 318 ERG.
277 276 378 316 Tum
407 275 578 327 denique
606 275 788 315 homines
818 282 950 314 nostra
980 275 1245 327 intellegimus
1274 274 1392 322 bona,

119 357 239 396 quom
270 355 370 395 quae
399 343 441 383 in
470 348 662 395 potestate
691 342 909 390 habuimus,
941 355 984 382 ea
1015 343 1225 382 amisimus.

119 424 205 463 ego,
236 418 446 464 postquam
475 418 617 463 gnatus
646 417 735 450 tuos
765 411 929 462 potitust
957 411 1143 458 hostium,

119 485 304 531 expertus
333 479 470 531 quanti
499 479 618 519 fuerit
647 491 754 518 nunc
784 478 975 517 desidero.

118 547 235 587 HEG.
284 546 446 587 Alienus
474 559 566 586 cum
595 546 679 585 eius
708 545 1000 585 incommodum
1029 550 1107 584 tam
1138 557 1253 596 aegre
1284 546 1399 592 feras,

119 615 213 665 quid
243 627 306 654 me
334 620 485 667 patrem
515 625 587 665 par
616 614 794 661 facerest,
826 612 890 651 cui
920 612 984 651 ille
1014 618 1073 651 est
1101 610 1275 652 unicus?

117 681 225 721 EBG.
273 682 435 721 Alienus
464 679 567 732 ego?
596 681 748 720 alienus
777 678 861 719 illi?
891 679 976 727 aha,
1007 679 1144 731 Hegio,

119 762 335 800 numquam
363 749 465 788 istuc
494 748 593 788 dixis
623 760 752 799 neque
783 747 957 786 animum
986 747 1142 787 induxis
1172 753 1300 796 tuom3

116 816 187 855 tibi
217 817 281 856 ille
310 816 481 864 unicust,
511 816 564 855 mi
594 816 710 855 etiam
740 815 859 854 unico
890 815 1013 865 magis
1043 815 1199 856 unicus.

116 884 232 924 ΗΕΘ.
281 883 430 931 Laudo,
459 883 601 922 malum
634 895 723 922 cum
752 882 864 922 amici
894 889 1002 922 tuom
1035 882 1145 922 ducis
1175 882 1331 922 malum.

118 963 226 990 nunc
255 950 356 990 habe
386 950 535 990 bonum
565 950 751 990 animum.
809 950 918 991 ERG.
967 950 1091 999 Eheu,
1122 950 1212 990 huic
1243 950 1337 990 illud
1368 949 1484 998 dolet,

117 1018 206 1068 quia
237 1030 346 1057 nunc
374 1019 560 1058 remissus
590 1024 648 1058 est
677 1018 817 1058 edendi
849 1019 1054 1058 exereitus.

117 1085 232 1125 HEG.
282 1086 493 1125 Nullumne
524 1087 674 1125 interea
705 1086 868 1134 nactu‘s,
900 1086 967 1137 qui
997 1091 1131 1137 posset
1161 1085 1229 1125 tibi

116 1153 324 1193 remissum
354 1165 470 1205 quem
502 1154 595 1193 dixti
625 1154 819 1206 imperare
850 1152 1095 1193 exercitum?

116 1221 225 1262 ERG.
277 1221 378 1267 Quid
409 1219 564 1261 credis?
595 1222 764 1272 fugitant
794 1234 931 1260 omnes
960 1221 1062 1260 hanc
1092 1221 1347 1272 provinciam,

118 1288 211 1338 quoi
243 1288 438 1340 optigerat
466 1295 674 1341 postquam
704 1295 858 1340 captust
888 1288 1178 1340 Philopolemus
1207 1295 1308 1328 tuos.

116 1355 233 1396 ΗΕΘ.
282 1355 370 1395 Non
401 1355 465 1407 pol
497 1355 718 1394 mirandum
748 1362 807 1394 est
836 1356 1002 1406 fugitare
1031 1355 1133 1394 hanc
1163 1355 1417 1407 provinciam.

117 1423 249 1463 multis
278 1429 317 1462 et
345 1422 672 1475 multigeneribus
704 1435 803 1474 opus
832 1430 889 1462 est
919 1423 989 1462 tibi

117 1489 322 1530 militibus:
353 1491 618 1542 primumdum
648 1503 748 1542 opus
778 1496 837 1530 est
868 1489 1183 1538 Pistorensibus;

117 1571 253 1598 eorum
283 1564 378 1598 sunt
405 1558 554 1610 aliquot
583 1570 728 1610 genera
763 1558 1065 1597 Pistorensium:

117 1638 217 1678 opus
247 1626 426 1666 Paniceis
456 1632 526 1674 est,
559 1639 658 1678 opus
690 1625 927 1665 Placentinis
959 1637 1137 1677 quoque3

118 1706 218 1746 opus
247 1693 494 1742 Turdetanis,
525 1700 642 1746 opust
672 1693 1017 1743 Ficedulensibus;

115 1761 192 1800 iam
222 1761 418 1800 maritumi
448 1773 586 1800 omnes
616 1761 757 1800 milites
789 1773 888 1812 opus
918 1768 1012 1800 sunt
1041 1760 1124 1800 tibi.

115 1828 224 1870 EBG.
273 1828 322 1867 Vt
351 1841 468 1881 saepe
498 1841 648 1869 summa
678 1829 836 1880 ingenia
867 1829 906 1868 in
940 1829 1093 1868 occulto
1125 1829 1267 1878 latent;

117 1897 181 1935 hic
210 1896 334 1948 qualis
364 1897 576 1948 imperator
607 1908 716 1936 nunc
745 1897 917 1948 privatus
948 1904 1019 1936 est.

174 1997 250 2030 142.
279 1998 341 2030 143
367 1997 446 2031 seni
467 1996 726 2032 continuantur
835 2000 897 2031 143
923 2007 1006 2041 qum
1031 1995 1112 2038 DE,
1137 1996 1223 2041 quin
1256 1996 1295 2038 V,
1320 2006 1401 2031 cum
1425 1995 1460 2030 B
1573 1999 1638 2030 144
1662 2007 1725 2041 po-

59 2049 148 2084 titus
172 2052 228 2085 est
308 2050 440 2085 ostium
456 2049 492 2085 B
575 2053 636 2085 145
664 2051 800 2086 fuerint
818 2051 868 2085 B¹
943 2053 1006 2085 148
1030 2051 1120 2085 PAR.
1145 2050 1250 2085 initio
1276 2050 1322 2093 B,
1347 2055 1431 2086 ante
1455 2052 1504 2086 ha
1524 2049 1638 2085 DVE

59 2102 131 2144 ille,
155 2113 250 2138 corr.
275 2103 432 2138 Botlzius
522 2105 596 2139 hah
620 2104 758 2145 B¹VE,
784 2106 832 2139 ha.
857 2104 955 2147 DB2,
979 2115 1072 2140 corr.
1097 2103 1291 2140 Richterus
1314 2103 1556 2139 Studemundi
1579 2104 1674 2139 stud.
1695 2105 1726 2148 1,

61 2156 137 2191 395
241 2159 301 2191 149
325 2157 501 2193 induxisti
534 2157 603 2201 VE,
629 2158 755 2194 eduxis
780 2157 832 2193 D¹
948 2162 1010 2193 150
1035 2159 1163 2194 unicus
1189 2161 1245 2193 est
1362 2161 1420 2193 151
1449 2158 1541 2193 dicis
1569 2157 1639 2192 VE

63 2212 126 2245 152
157 2211 209 2255 cf.
234 2212 316 2247 167.
348 2222 442 2257 quae
472 2211 699 2247 intercedunt
730 2211 884 2247 Plautus
920 2211 1104 2247 addidisse
1135 2212 1295 2254 videtum
1331 2212 1380 2246 ad
1409 2216 1522 2247 totum
1552 2212 1727 2257 colloquii

62 2263 220 2298 habitum
250 2275 323 2300 non
354 2265 489 2311 optime
518 2266 720 2311 quadrant,
751 2266 801 2311 cf.
826 2265 1028 2301 Ifarstenus
1052 2265 1225 2301 Mnemos.
1249 2267 1308 2308 21,
1331 2267 1411 2301 299
1426 2277 1479 2312 sq.
1572 2266 1657 2301 huic
1682 2286 1727 2292 —

61 2317 240 2353 exercitus
266 2317 454 2365 Hegionis,
479 2330 575 2354 corr.
600 2318 776 2360 Botliius,·
799 2325 956 2354 ventrem
973 2330 1047 2365 pro
1073 2320 1192 2355 animo
1211 2319 1374 2362 ostendit,
1399 2321 1449 2365 cf.
1468 2319 1604 2356 Bacch.
1628 2321 1726 2355 1102

60 2371 130 2406 hoc
153 2373 305 2416 (caput);
334 2371 495 2408 Baebius
514 2384 554 2418 p.
571 2374 644 2407 152
736 2375 799 2407 153
825 2373 876 2408 ita
901 2372 993 2408 ludit
1015 2377 1056 2408 ut
1071 2373 1238 2408 sollemni
1255 2374 1402 2409 notione
1425 2374 1524 2409 dicat
1539 2375 1726 2409 remissum

60 2423 168 2465 (Fest.
181 2426 285 2468 289),
309 2436 351 2460 ea
368 2436 441 2471 qua
458 2425 552 2461 Rud.
569 2427 648 2461 296
663 2425 799 2472 leqitur
814 2426 945 2462 edendi
958 2427 1158 2461 exercitum
1253 2430 1431 2461 154-157
1446 2428 1616 2473 parasiti,
1633 2438 1727 2463 corr.

61 2476 266 2522 Lambinus,
291 2491 310 2516 ς
403 2483 466 2515 155
492 2480 584 2515 dixit
677 2483 739 2515 157
765 2481 879 2525 quod,
905 2491 998 2515 corr.
1027 2479 1256 2515 Camerarius
1349 2485 1477 2526 captus
1502 2484 1559 2517 est:
1649 2492 1727 2517 ver-

62 2529 188 2565 borum
220 2532 410 2568 collocatio
442 2535 600 2568 maxime
629 2533 831 2578 familiaris
859 2537 996 2569 vetusto
1025 2535 1183 2568 sermoni
1189 2547 1204 2576 ,·
1234 2535 1411 2580 quaedam
1441 2535 1561 2570 attulit
1599 2535 1728 2570 Vahle-

62 2593 131 2617 ηας
153 2584 275 2620 Herm.
298 2586 355 2628 17,
382 2587 460 2621 615.
493 2586 821 2633 proceleumaticus
844 2587 913 2621 lzoc
938 2597 1062 2622 versus
1093 2587 1172 2622 loco
1208 2587 1312 2623 Truc.
1339 2589 1425 2631 363,
1451 2589 1502 2634 cf.
1526 2588 1577 2624 ad
1598 2589 1727 2636 Amph.

66 2637 141 2671 992
256 2641 432 2674 159-166
453 2640 622 2686 parasiti,
648 2651 742 2675 corr.
766 2640 964 2676 Lambinus
1082 2641 1133 2685 cf.
1160 2641 1264 2676 Truc.
1292 2643 1363 2677 901
1379 2653 1432 2688 ss.
1549 2646 1612 2678 159
1636 2644 1728 2678 mul-

62 2689 110 2724 tis
133 2691 323 2734 generibus
345 2692 453 2728 DVE
543 2696 603 2729 161
631 2693 777 2738 aliquod
812 2693 880 2729 VE
969 2694 1019 2739 cf.
1046 2694 1132 2730 Cato
1156 2705 1186 2729 r.
1204 2705 1233 2728 r.
1255 2696 1300 2730 74
1311 2706 1365 2740 sq.
1463 2699 1524 2731 163
1551 2701 1659 2743 opust
1675 2698 1729 2733 E.-

64 2753 154 2787 opus
178 2746 232 2779 est
343 2746 600 2782 Ficedulenses
630 2752 670 2783 ut
700 2747 848 2782 Panicei
872 2758 919 2782 cm
944 2751 1043 2782 certa
1067 2748 1214 2782 nomina
1238 2753 1402 2794 spectent
1430 2750 1622 2795 incertum,
1655 2764 1727 2787 uon

62 2797 244 2831 sociorum
267 2801 403 2834 tantum
428 2800 632 2835 nominibus
656 2799 733 2835 ludi
756 2800 958 2836 Turdetani
973 2800 1125 2842 docent,·
1143 2811 1221 2836 cum
1240 2803 1369 2846 quibus
1385 2814 1444 2839 res
1459 2810 1540 2841 erat
1550 2806 1728 2844 Romanis

63 2850 169 2886 annis
193 2851 337 2895 (536—)
362 2853 448 2895 540,
474 2854 549 2888 548
572 2858 607 2889 et
632 2855 703 2889 559
798 2856 862 2888 164
887 2854 1000 2890 omnis
1025 2853 1168 2889 Nonius
1190 2854 1270 2889 482

1735 486 1789 518 145

1737 821 1791 854 150

1737 1160 1792 1193 155

1738 1497 1794 1530 160

1739 1836 1792 1868 165
