1998 3179
49 82 94 111 IV
110 84 138 116 3,
154 84 216 112 25-
224 83 251 110 v
271 84 296 116 1,
310 83 343 111 27
728 81 1032 118 MENAECHMI
1634 82 1714 118 411

49 210 179 249 neque
209 198 314 237 domi
346 210 475 249 neque
506 198 608 249 apud
640 197 803 236 amicam
836 196 929 235 mihi
961 197 1036 236 iam
1068 196 1278 248 quicquam
1310 196 1497 236 creditur.

49 264 113 304 ibo
145 271 182 304 et
213 265 414 305 consulam
446 265 546 304 hanc
577 277 658 304 rem
690 265 848 314 amicos,
881 264 973 315 quid
1005 263 1225 303 faciendum
1258 270 1458 303 censeant.
1489 286 1544 293 —

673 354 1050 395 MENAECHMV
1052 354 1080 395 S
1232 348 1249 352 ⁷*
1629 354 1670 394 V
1694 356 1714 394 1

251 422 371 461 Nimis
399 422 516 461 stulte
547 421 693 461 dudum
724 422 810 469 feci,
842 434 963 472 quom
993 420 1264 473 marsuppium

249 489 488 529 Messenioni
517 501 606 528 cum
637 495 800 541 argento
831 489 1070 529 concredidi.

252 557 442 597 immersit
470 557 600 608 aliquo
631 569 728 605 sese,
760 557 891 603 credo,
924 556 964 595 in
995 568 1179 607 ganeum.

739 646 1024 686 MATRONA

251 714 449 753 Provisam
482 726 595 764 quam
627 726 717 752 mox
748 714 805 752 vir
835 726 946 753 meus
977 714 1109 752 redeat
1139 714 1310 752 domum.

251 783 319 821 sed
351 794 485 821 eccum
515 782 640 820 video.
700 781 801 821 salva
831 794 931 828 sum,
964 782 1104 833 pallam
1136 782 1267 820 refert.

250 850 368 891 ΜΕΝ.
417 850 598 889 Demiror
628 850 694 889 ubi
726 862 833 889 nunc
865 849 1039 889 ambulet
1068 850 1276 889 Messenio.

250 917 364 958 ΜΑΤ.
414 918 538 957 Adibo
570 924 686 969 atque
723 918 924 957 hominem
961 918 1146 969 accipiam
1188 917 1329 968 quibus
1360 917 1472 956 dictis
1502 923 1638 956 meret.

254 999 333 1025 non
366 992 403 1025 te
434 986 552 1038 pudet
584 986 741 1038 prodire
772 986 812 1025 in
845 993 1102 1038 conspectum
1134 998 1278 1031 meum,

251 1054 438 1106 flagitium
470 1054 654 1101 hominis,
685 1066 775 1093 cum
806 1053 905 1093 istoc
937 1052 1108 1093 ornatu?
1174 1053 1291 1093 ΜΕΝ.
1341 1052 1443 1099 Quid
1475 1050 1558 1092 est?

253 1133 352 1173 quae
373 1127 411 1160 te
432 1134 494 1161 res
515 1122 645 1172 agitat,
663 1119 831 1161 mulier?
891 1121 1007 1161 MAT.
1048 1120 1239 1167 Etiamne,
1270 1120 1491 1172 impudens,

254 1189 412 1228 muttire
443 1189 606 1228 verbum
636 1201 760 1229 unum
791 1189 910 1228 audes
940 1196 1007 1228 aut
1038 1201 1190 1228 mecum
1222 1187 1362 1240 loqui?

110 1261 142 1269 ‘
253 1257 369 1297 ΜΕΝ.
420 1257 521 1303 Quid
554 1256 709 1295 tandem
741 1256 877 1295 admisi
908 1256 946 1295 in
981 1269 1054 1304 me,
1086 1263 1128 1295 ut
1160 1256 1265 1308 loqui
1298 1269 1377 1295 non
1410 1254 1603 1295 audeam?

251 1325 365 1365 MAT.
416 1325 543 1376 Rogas
573 1323 664 1364 me‘?
694 1323 764 1379 <ο>
795 1325 966 1364 hominis
997 1324 1263 1376 impudentem
1296 1324 1514 1363 audaciam!

251 1392 368 1433 ΜΕΝ.
418 1393 502 1431 Non
536 1399 578 1431 tu
609 1393 697 1439 scis,
728 1393 881 1438 mulier,
914 1392 1113 1431 Hecubam
1144 1399 1387 1444 quapropter
1417 1404 1552 1431 canem

252 1460 355 1500 Graii
387 1473 473 1500 esse
503 1459 810 1511 praedicabant?
870 1459 984 1500 MAT.
1020 1447 1121 1498 *Non
1154 1460 1334 1510 equidem
1365 1460 1459 1499 scio.

249 1527 366 1569 ΜΕΝ.
416 1528 512 1574 Quia
544 1527 645 1566 idem
677 1527 843 1567 faciebat
873 1527 1032 1566 Hecuba
1064 1528 1168 1578 quod
1199 1533 1242 1566 tu
1274 1540 1383 1567 nunc
1414 1527 1527 1567 facis:

251 1596 380 1635 omnia
413 1596 510 1635 mala
542 1595 758 1648 ingerebat,
792 1608 1030 1647 quemquem
1061 1602 1276 1647 aspexerat.

251 1664 380 1714 itaque
411 1664 507 1704 adeo
537 1665 623 1704 iure
654 1670 791 1716 coepta
823 1664 1009 1716 appellari
1042 1670 1100 1703 est
1131 1676 1261 1702 canes.

250 1731 364 1772 MAT.
414 1732 500 1771 Non
534 1744 606 1784 ego
638 1732 757 1771 istaec
785 1729 900 1786 (tua)
929 1732 1070 1783 flagitia
1102 1744 1260 1783 possum
1293 1732 1459 1783 perpeti.

253 1811 342 1838 nam
377 1801 461 1839 med
493 1807 658 1839 aetatem
690 1800 842 1839 viduam
874 1802 958 1839 esse
989 1800 1178 1845 mavelim,

252 1880 367 1918 quam
400 1868 518 1907 istaec
549 1868 688 1919 flagitia
721 1875 784 1907 tua
816 1868 893 1920 pati
927 1880 1026 1919 quae
1058 1874 1098 1907 tu
1129 1868 1237 1906 sacis.

250 1935 366 1976 MEN.
417 1935 519 1982 Quid
550 1936 586 1974 id
618 1936 665 1975 ad
697 1948 772 1983 me,
802 1943 844 1975 tu
876 1943 913 1974 te
945 1943 1106 1988 nuptam
1139 1936 1265 1987 possis
1296 1936 1445 1987 perpeti

250 2016 299 2042 an
331 2004 383 2043 sis
413 2003 563 2042 abitura
594 2015 614 2041 a
644 2010 711 2043 tuo
743 2002 854 2043 viro?
885 2015 933 2042 an
966 2015 1050 2042 mos
1080 2003 1143 2042 hic
1174 2003 1223 2042 ita
1256 2009 1327 2049 est,

251 2071 461 2123 peregrino
493 2078 535 2110 ut
565 2071 786 2110 advenienti
819 2077 981 2111 narrent
1012 2070 1189 2110 fabulas?

251 2138 366 2179 MAT.
416 2138 519 2185 Quas
548 2137 727 2179 fabulas?
760 2151 854 2187 non,
885 2139 1057 2191 inquam,
1090 2139 1214 2191 patiar
1244 2139 1486 2191 praeterhac.

252 2207 346 2257 quin
380 2207 490 2246 vidua
522 2207 641 2246 vivam
673 2219 789 2258 quam
820 2213 908 2246 tuos
941 2211 1068 2247 meres
1099 2208 1307 2258 perferam.

252 2271 369 2311 ΜΕΝ.
419 2272 500 2311 Mea
533 2273 687 2323 quidem
721 2273 851 2312 hercle
883 2285 997 2312 causa
1028 2274 1139 2312 vidua
1172 2273 1300 2318 vivito,

161 2398 223 2430 701
251 2406 439 2430 MATRONA.
488 2406 713 2430 MENEchvs
738 2407 859 2431 ALTER
878 2395 912 2430 B
936 2400 983 2436 (cc
1006 2396 1226 2442 praescribit
1247 2407 1316 2441 per
1333 2396 1427 2431 lamo
1451 2402 1483 2431 e!
1507 2400 1712 2441 sequentem

46 2462 214 2487 scaenam
237 2462 291 2486 MA
315 2463 388 2486 non
411 2461 490 2497 MV),
514 2463 566 2486 ΜΕ
591 2462 651 2487 sos
675 2464 726 2487 ME:
752 2453 801 2486 D2
904 2465 986 2498 qum
1013 2453 1059 2497 B,
1085 2464 1164 2488 cum
1192 2452 1251 2488 CD
1348 2452 1569 2496 marsupium
1587 2451 1622 2486 B

49 2511 115 2543 704
138 2518 203 2543 uer
229 2507 265 2549 C,
292 2519 377 2543 ura
406 2509 453 2543 Βι
570 2513 632 2542 Tu?
659 2509 765 2544 dictis
799 2509 928 2554 quibus
955 2509 1098 2543 Nonius
1122 2510 1200 2544 468
1314 2511 1427 2544 meret
1454 2508 1520 2548 B‘2‚
1552 2507 1713 2543 Nonius:

48 2567 149 2599 aeret
239 2567 304 2599 710
328 2568 365 2601 te
389 2576 447 2601 res
469 2567 642 2602 Bria-ius:
664 2577 722 2600 res
747 2569 783 2601 te
875 2569 939 2602 711
966 2566 1100 2601 mittire
1125 2565 1187 2601 CI)
1281 2568 1345 2600 713
1370 2565 1440 2610 <ο>
1463 2563 1623 2610 Pylades

49 2623 116 2655 714
140 2621 337 2657 heccubam
360 2621 399 2662 l),
424 2623 491 2657 hec
516 2623 680 2658 cumbam
701 2622 729 2658 C
793 2633 899 2667 quam
923 2626 1074 2668 propter
1092 2622 1141 2657 Βι
1213 2624 1229 2654 7
1238 2623 1277 2656 18
1301 2621 1487 2666 appellare
1506 2619 1621 2656 B¹CD

49 2677 150 2712 canis
175 2676 238 2719 ΒΞ,
262 2678 312 2721 cf.
340 2676 372 2712 Τ
369 2679 436 2713 rin.
460 2679 532 2713 172
640 2682 704 2714 719
727 2679 800 2714 ista
825 2680 913 2714 haec
1017 2678 1120 2722 (tua)
1144 2676 1363 2713 Ricsclzelius
1471 2679 1534 2711 720
1557 2676 1712 2722 (usque)

49 2743 128 2768 esse
146 2732 361 2768 Recrslobius
377 2734 477 2769 Berl¹
496 2736 588 2780 phil.
611 2733 851 2770 moclzensclcr.
871 2736 930 2776 12,
954 2735 1050 2769 1453
1066 2734 1109 2768 cl.
1129 2733 1220 2768 Rad.
1243 2735 1309 2768 715
1377 2736 1440 2769 721
1466 2733 1537 2768 ista
1553 2734 1620 2768 hec

50 2791 113 2823 723
139 2788 251 2825 adtuo
276 2789 390 2825 B'CD
503 2801 616 2826 annos
648 2791 702 2827 ita
732 2794 787 2826 est
818 2792 886 2825 hoc
912 2790 1045 2833 3¹01),
1079 2801 1124 2826 an
1156 2800 1232 2826 mos
1265 2793 1321 2826 est
1349 2789 1402 2826 ita
1431 2790 1489 2824 hic
1520 2790 1584 2832 ΒΞ,
1614 2801 1710 2826 corr.

49 2844 207 2881 Bothius

1726 1115 1783 1148 710

1725 1454 1782 1486 715

1725 1793 1781 1826 720
