2018 3183
246 75 265 112 7
274 74 296 111 6
983 75 1162 111 PLAVTI
1718 77 1762 106 111
1777 78 1804 111 3,
1821 79 1907 107 3-33

242 188 353 230 ARG.
404 189 525 229 Salve.
595 189 717 230 Pnn..
768 188 923 228 Salvere
954 202 1015 228 me
1047 189 1170 236 iubes,
1202 189 1294 240 quoi
1326 195 1368 228 tu
1399 190 1534 230 abiens
1565 191 1681 231 offers
1712 191 1906 232 morbum.

243 256 354 297 ARG.
404 256 528 295 Mater
557 268 778 308 supremam
811 257 905 294 mihi
935 262 1000 294 tua
1031 256 1138 303 dixit,
1170 255 1329 296 domum
1362 257 1417 296 ire
1447 257 1569 297 iussit.

242 323 365 364 Pan..
415 323 610 362 Acerbum
642 325 762 362 funus
793 324 893 362 filiae
925 324 1050 371 saciet,
1081 324 1112 363 si
1144 330 1181 362 te
1213 325 1426 363 carendum
1458 332 1528 364 est.
1917 335 1976 368 595

242 390 334 432 Lm.
360 391 484 429 Homo
502 391 633 430 hercle
651 392 743 430 hinc
761 391 958 431 exclusust
974 392 1089 431 foras.
1119 391 1257 434 LEON.
1279 393 1333 431 lta
1350 405 1412 431 res
1430 399 1498 431 est.
1539 393 1590 434 A.
1621 393 1729 433 Mitte
1750 407 1907 446 quaeso.

242 459 365 499 PmL.
405 459 491 504 Quo
514 472 622 498 nunc
642 458 754 498 abis?
786 460 879 511 quin
903 466 945 499 tu
977 460 1040 500 hic
1060 459 1222 499 manes?
1270 459 1381 501 ARG.
1418 461 1515 508 Nox,
1536 461 1567 500 si
1588 461 1707 509 voles,
1728 461 1908 501 manebo.

242 525 335 565 Lm.
386 527 513 565 Audin
546 528 653 566 hunc
685 540 804 579 opera
834 534 878 567 ut
908 528 1040 579 largus
1070 534 1128 567 est
1160 527 1384 568 nocturna?
1416 541 1524 568 nunc
1555 529 1658 569 enim
1692 541 1777 570 esse

244 594 491 645 negotiosum
524 594 717 634 interdius
747 595 926 635 videlicet
956 596 1155 643 Solonem,

243 661 349 713 leges
379 667 422 700 ut
453 663 688 711 conscribat,
720 663 863 714 quibus
892 676 935 703 se
966 664 1135 715 populus
1167 669 1310 702 teneat.
1360 665 1514 714 gerrae!
1921 670 1978 703 600

244 729 309 781 qui
341 742 426 769 sese
456 742 595 782 parere
624 738 817 782 apparent
844 731 962 771 huius
992 731 1155 783 legibus,
1188 731 1365 782 profecto

245 809 457 849 numquam
489 797 616 837 bonae
647 799 748 850 frugi
779 799 893 846 sient,
933 799 1014 838 dies
1046 805 1260 850 noctesque
1290 805 1440 850 potent.

242 865 379 905 Lnox.
429 865 484 904 Ne
516 866 589 905 iste
619 866 749 905 hercle
779 866 827 906 ab
858 867 929 905 ista
962 879 1040 905 non
1073 866 1213 918 pedem
1244 867 1426 913 discedat,
1458 866 1489 905 si
1522 866 1677 913 licessit‚

245 934 310 984 qui
344 945 451 972 nunc
483 933 640 972 festinat
670 941 786 984 atque
819 933 864 973 ab
896 934 969 972 hac
1000 935 1172 973 minatur
1202 947 1286 973 sese
1317 933 1437 972 abire.

244 999 337 1040 Lm.
387 1001 569 1039 Sermoni
600 1001 674 1040 iam
706 1002 825 1040 finem
858 1002 942 1040 sace
974 1008 1054 1047 tuo,
1086 1002 1203 1040 huius
1233 1013 1456 1040 sermonem
1489 1002 1688 1052 accipiam.
1923 1008 1980 1040 605

242 1066 354 1109 ABG.
385 1068 487 1107 Vale.
527 1069 650 1109 PHIL.
682 1068 767 1114 Quo
785 1067 1004 1120 properas?
1038 1068 1152 1109 ABG.
1183 1068 1400 1115 Beneva1‹·‚
1419 1069 1521 1120 apud
1541 1069 1687 1109 Orcum
1705 1075 1743 1109 te
1759 1067 1911 1108 videbo.

245 1147 335 1174 nam
368 1135 548 1186 equidem
581 1148 642 1175 me
675 1137 749 1175 iam
781 1142 972 1187 quantum
1003 1142 1134 1188 potest
1163 1149 1182 1175 a
1213 1137 1289 1175 vita
1321 1135 1565 1176 abiudicabo.

242 1203 366 1243 Pnn..
418 1202 496 1242 Cur
525 1209 579 1251 tu,
612 1203 790 1251 obsecro,
821 1203 1016 1242 immerito
1048 1215 1135 1242 meo
1165 1215 1228 1243 me
1258 1204 1375 1242 morti
1406 1203 1550 1243 dedere
1580 1201 1720 1256 optas?

243 1270 354 1311 ARG.
403 1270 487 1321 Ego
519 1269 584 1310 te?
616 1284 731 1322 quam
763 1271 795 1311 si
826 1272 1051 1323 intellegam
1082 1271 1250 1311 deficere
1282 1271 1369 1319 vita⁷
1401 1272 1475 1310 iam
1507 1271 1591 1324 ipse

242 1340 357 1378 vitam
388 1351 513 1378 meam
544 1339 614 1378 tibi
645 1338 787 1390 largiar
816 1345 856 1378 et
885 1340 932 1378 de
963 1351 1047 1378 mea
1077 1339 1123 1378 ad
1154 1345 1260 1378 tuam
1291 1339 1439 1378 addam.
1924 1346 1981 1379 610

242 1407 365 1449 PH1L.
418 1407 496 1447 Cur
526 1419 619 1458 ergo
652 1407 845 1446 minitaris
876 1407 983 1455 mihi,
1016 1414 1052 1446 te
1081 1407 1197 1446 vitam
1230 1420 1314 1447 esse
1344 1405 1608 1446 amissurum?

246 1488 336 1515 nam
368 1475 458 1526 quid
492 1488 553 1514 me
584 1476 775 1515 facturam
807 1482 933 1527 putas,
965 1475 996 1514 si
1028 1475 1128 1515 istuc
1160 1475 1266 1526 quod
1297 1475 1391 1514 dicis
1422 1473 1547 1515 saxis?

243 1544 338 1582 mihi
371 1548 519 1582 certum
553 1549 610 1582 est
641 1544 770 1582 facere
802 1543 839 1581 in
873 1555 934 1581 me
966 1543 1096 1581 omnia
1128 1543 1263 1582 eadem
1296 1555 1395 1594 quae
1427 1549 1467 1582 tu
1499 1543 1538 1582 in
1569 1549 1607 1583 te
1637 1543 1747 1584 faxis.

243 1611 355 1651 ARG.
406 1611 467 1651 Oh
497 1611 610 1650 melle
642 1610 745 1649 dulci
776 1610 928 1650 dulcior
957 1617 999 1650 tu
1030 1623 1085 1652 es,
1143 1610 1268 1651 PHIL.
1318 1610 1431 1650 Certe
1462 1611 1567 1650 enim
1598 1613 1642 1650 tu
1672 1611 1747 1650 vita
1777 1623 1818 1651 es
1848 1611 1912 1650 mi.

245 1679 521 1730 complectere.
580 1677 692 1719 ARG.
742 1678 858 1717 Facio
890 1678 1044 1718 lubens.
1101 1679 1225 1719 PHIL.
1276 1678 1431 1717 Vtinam
1463 1679 1518 1718 sic
1550 1680 1772 1720 efferamur.
1925 1685 1982 1719 615

243 1747 380 1788 LEON.
428 1747 458 1787 Ο
481 1746 643 1794 Libane,
675 1747 730 1785 uti
752 1747 871 1785 miser
892 1752 950 1786 est
979 1746 1098 1785 homo
1125 1747 1192 1798 qui
1209 1753 1322 1785 amat.
1371 1746 1465 1787 LIB.
1511 1747 1634 1786 Immo
1655 1747 1787 1786 hercle
1807 1758 1911 1794 vero,

245 1817 311 1868 qui
343 1815 490 1867 pendet
520 1815 643 1855 multo
675 1821 732 1854 est
762 1815 956 1854 miserior.
1014 1815 1152 1856 Lssox.
1203 1815 1293 1855 Scio
1326 1815 1392 1866 qui
1422 1815 1610 1867 periclum
1643 1815 1728 1854 seci.

245 1883 395 1922 circum
427 1883 619 1931 sistamus,
651 1883 748 1921 alter
778 1883 884 1929 hinc,
915 1883 1010 1922 hinc
1040 1883 1137 1922 alter
1168 1883 1422 1935 appellemus.

245 1963 325 1998 ere,
357 1951 472 1991 salve.
522 1950 588 1990 sed
622 1963 716 1989 num
748 1952 878 1990 sumus
909 1958 968 1990 est
997 1951 1093 1990 haec
1123 1951 1264 1990 mulier
1294 1964 1409 2002 quam
1441 1949 1691 2003 amplexare?

243 2018 355 2059 ARG.
406 2017 607 2064 Quidum?
664 2018 802 2059 Lssox.
853 2019 950 2064 Quia
983 2019 1086 2057 oculi
1117 2025 1210 2058 sunt
1240 2019 1309 2058 tibi
1339 2020 1614 2066 lacrimantes,
1645 2031 1690 2058 eo
1721 2019 1866 2071 rogavi.
1924 2025 1982 2058 620

243 2085 355 2126 ΑΒΘ.
406 2086 601 2125 Patronus
632 2087 698 2137 qui
729 2085 838 2125 vobis
870 2086 942 2125 fuit
972 2087 1138 2134 futurus,
1169 2087 1402 2138 perdidistis.

244 2153 381 2194 Lssox.
425 2153 617 2204 Equidem
648 2154 779 2193 hercle
800 2153 951 2193 nullum
984 2155 1148 2206 perdidi,
1181 2154 1267 2194 ideo
1293 2155 1381 2206 quia
1404 2166 1618 2206 numquam
1640 2154 1763 2194 ullum
1783 2154 1912 2195 habui.

244 2221 338 2262 Lm.
390 2221 650 2269 Philaenium,
682 2222 798 2261 salve.
856 2221 979 2263 Pnn..
1030 2223 1187 2262 Dabunt
1217 2223 1253 2261 di
1285 2235 1384 2274 quae
1415 2223 1537 2262 velitis
1569 2221 1689 2262 vobis.

359 2335 424 2368 593
450 2333 533 2378 quoi
558 2333 627 2367 B¹.·
651 2333 710 2368 cui
735 2332 834 2375 ΒΨ,
859 2333 943 2378 quoi
968 2334 1026 2368 cui
1051 2333 1089 2368 E
1200 2334 1307 2369 affers
1332 2347 1350 2370 ς
1464 2338 1530 2370 594
1553 2345 1796 2380 suppremum,
1819 2346 1912 2371 corr.

247 2389 433 2424 Turnebus
546 2392 610 2425 tua
633 2390 722 2424 mihi
738 2389 934 2432 Lomanus,
959 2391 1009 2435 cf.
1031 2390 1080 2424 ιιι]
1095 2391 1164 2425 112
1281 2394 1345 2425 596
1371 2391 1539 2426 exclusus
1566 2394 1621 2426 est
1737 2393 1801 2426 597
1819 2402 1914 2437 mox,

245 2456 341 2481 corr.
366 2445 513 2492 Lipsius
629 2449 693 2481 598
719 2456 799 2481 esse
830 2446 836 2492 Ι
868 2446 1094 2490 negotiosum
1117 2445 1329 2482 Muellerus:
1356 2451 1412 2483 est
1442 2449 1447 2491 Ι
1479 2447 1687 2492 negotiosus
1802 2448 1913 2484 inter-

245 2503 327 2537 duis
345 2501 380 2537 B
496 2504 560 2537 602
586 2502 689 2547 fruge
717 2502 787 2538 DE
899 2505 963 2537 606
988 2513 1087 2537 Pau..
1114 2507 1148 2538 et
1171 2514 1256 2539 ABG.
1277 2515 1343 2538 om.
1460 2505 1609 2539 orchum
1725 2506 1791 2539 609
1822 2515 1914 2549 egon

246 2559 429 2594 Lomauus
527 2559 559 2593 si
582 2559 693 2603 (ego)
716 2557 971 2594 Fleckeisenus
1075 2562 1136 2593 611
1165 2559 1253 2594 mihi
1278 2559 1479 2594 Lomanus:
1503 2559 1569 2594 tibi
1667 2562 1731 2595 613
1757 2560 1914 2606 efficere,

245 2615 396 2652 correxi
507 2615 653 2652 tandem
675 2613 712 2649 E
823 2617 889 2650 614
914 2615 1020 2650 dulce
1046 2614 1171 2650 B¹DE
1282 2618 1322 2651 tu
1355 2627 1393 2651 es
1417 2615 1476 2650 L..-
1509 2616 1597 2650 mihi
1626 2618 1667 2651 tu
1691 2627 1730 2651 es
1761 2616 1849 2662 BD,
1873 2621 1914 2654 tu

244 2672 333 2707 mihi
349 2675 389 2707 tu
406 2683 444 2707 es
462 2670 500 2706 Ε
587 2671 638 2717 cf.
658 2670 691 2705 Τ
686 2682 761 2706 ruo.
779 2671 855 2706 370
873 2681 926 2716 sq.
937 2684 951 2712 ;
975 2671 1018 2706 de
1035 2671 1136 2706 exitu
1155 2682 1277 2707 versus
1295 2671 1399 2707 Most.
1424 2673 1502 2707 175.
1531 2673 1554 2707 8
1562 2673 1599 2707 71
1692 2675 1757 2707 616
1782 2676 1824 2709 ut

246 2730 312 2762 619
336 2730 424 2763 here
516 2727 599 2762 inde
616 2739 638 2763 a
663 2727 727 2763 sed
749 2738 835 2762 num
859 2726 1021 2763 Libanus
1046 2727 1218 2773 loquitur,
1242 2728 1406 2764 correxit
1423 2727 1603 2764 Dze'atzlco
1627 2728 1666 2763 iu
1689 2728 1914 2766 Flecket'seni

246 2795 331 2819 ann.
346 2785 431 2827 125,
446 2784 536 2827 287,
553 2784 645 2819 idem
662 2795 692 2820 υ.
710 2785 796 2819 620.
817 2785 903 2819 622.
924 2785 999 2819 623
1083 2787 1147 2820 620
1162 2785 1242 2820 Lm.
1328 2785 1563 2821 lacrumantis
1657 2795 1721 2830 ego
1736 2785 1829 2822 B‘E

248 2842 312 2875 622
337 2840 418 2876 LIB.
513 2842 577 2875 623
602 2840 720 2876 LEON-
