1998 3179
88 91 119 118 11
130 91 157 123 3,
170 89 332 122 leo-1112,
346 90 362 115 4
788 84 1059 121 BACCHIDES

204 204 236 242 si
267 215 334 242 ero
365 201 640 253 reprehensus,
670 206 798 240 macto
829 213 901 252 ego
932 199 1040 239 illum
1071 199 1311 239 infortunio:

203 269 234 309 si
265 269 318 308 illi
349 275 441 308 sunt
469 269 598 320 virgae
629 268 725 315 ruri,
754 273 793 307 at
821 267 915 306 mihi
946 273 1099 318 tergum
1129 267 1282 306 domist.

204 349 311 376 nunc
342 337 420 383 ibo,
452 336 534 375 erili
566 336 643 376 filio
674 336 777 375 hanc
805 335 988 374 fabricam
1021 335 1119 374 dabo

202 417 322 456 super
350 416 444 444 auro
475 403 674 454 amicaque
706 403 788 442 eius
817 403 974 442 inventa
1005 402 1208 442 Bacchide.
1241 425 1294 431 —

818 525 1012 565 LYDVS

92 606 253 646 Pandite
285 612 400 656 atque
431 607 578 656 aperite
609 615 777 654 propere
808 603 963 642 ianuam
993 604 1095 642 hanc
1126 604 1230 650 Orci,
1264 604 1439 643 obsecro.

92 686 179 712 nam
211 673 390 723 equidem
419 672 522 711 haud
553 671 664 710 aliter
694 683 778 710 esse
808 671 921 717 duco,
954 671 1099 722 quippe
1130 683 1207 722 quo
1240 683 1355 710 nemo
1387 671 1553 719 advenit,

92 741 163 780 nisi
196 752 312 791 quem
342 752 432 791 spes
463 739 657 790 reliquere
689 751 838 784 omnes,
870 751 954 777 esse
984 744 1028 777 ut
1058 739 1160 790 frugi
1191 739 1351 790 possiet.

89 807 300 847 Bacchides
331 820 411 847 non
443 807 666 853 Bacchides,
698 806 765 845 sed
801 806 969 845 bacchae
999 813 1092 845 sunt
1123 818 1359 845 acerrumae.

89 887 210 927 apage
239 875 332 914 istas
352 887 372 913 a
404 887 464 914 me
495 887 662 921 sorores,
694 886 791 925 quae
821 874 1023 913 hominum
1056 874 1219 913 sorbent
1248 875 1494 925 sanguinem.

89 943 216 982 omnis
245 943 291 982 ad
322 942 535 994 perniciem
565 942 754 981 instructa
786 941 924 980 domus
955 941 1084 992 opime
1115 947 1232 992 atque
1263 942 1426 993 opipare
1456 965 1510 971 -—

89 1013 187 1062 quae
219 1016 260 1050 ut
290 1011 433 1062 aspexi,
464 1022 525 1049 me
556 1010 746 1049 continuo
778 1009 926 1048 contuli
956 1010 1150 1061 protinam
1182 1010 1221 1049 in
1253 1009 1384 1061 pedes.

89 1091 215 1129 egone
246 1084 289 1116 ut
317 1078 413 1117 haec
445 1077 628 1116 conclusa
660 1083 807 1128 gestem
839 1075 1090 1116 clanculum?
1122 1083 1164 1116 ut
1194 1077 1317 1116 celem
1347 1084 1510 1128 patrem,

89 1145 312 1191 Pistoclere,
345 1152 410 1184 tua
440 1145 582 1197 flagitia
613 1153 678 1184 aut
708 1146 846 1184 damna
877 1152 942 1184 aut
972 1143 1240 1184 desidiabula?

89 1210 245 1268 [quibus
276 1220 425 1264 patrem
457 1220 494 1252 et
524 1225 585 1252 me
615 1219 731 1263 teque
762 1213 985 1264 amicosque
1017 1224 1153 1252 omnes
1183 1213 1340 1252 affectas
1375 1220 1462 1252 tuos

88 1282 134 1320 ad
165 1280 367 1332 probrum,
399 1280 597 1325 damnum,
629 1280 812 1331 flagitium
846 1280 1041 1331 appellere
1072 1292 1150 1318 una
1181 1288 1219 1318 et
1249 1278 1439 1335 perdere]

91 1361 219 1399 neque
250 1348 326 1386 mei
357 1359 485 1398 neque
516 1354 553 1386 te
584 1348 639 1386 tui
671 1348 777 1386 intus
807 1347 1024 1399 puditumst
1055 1347 1165 1386 factis
1196 1360 1295 1398 quae
1326 1348 1431 1394 sacis,

89 1415 232 1467 quibus
265 1422 371 1454 tuom
403 1422 552 1466 patrem
585 1427 722 1465 meque
755 1427 843 1460 una,
876 1415 1033 1461 amicos,
1063 1415 1201 1454 adfinis
1231 1422 1319 1454 tuos

88 1491 153 1522 tua
186 1483 340 1522 infamia
371 1483 496 1522 fecisti
527 1482 792 1533 gerulifigulos
823 1482 955 1532 flagiti.

89 1547 211 1605 [nunc
241 1551 351 1602 prius
382 1554 497 1602 qua'm
529 1550 672 1589 malum
705 1551 801 1589 istoc
833 1550 952 1597 addis,
984 1557 1171 1589 certumst
1202 1551 1275 1589 iam
1307 1550 1431 1590 dicam
1466 1548 1578 1606 patri]

89 1619 136 1658 de
166 1631 228 1658 me
258 1619 360 1658 hanc
391 1618 546 1670 culpam
578 1618 795 1657 demolibor
826 1618 900 1656 iam
933 1624 971 1656 et
1000 1619 1084 1657 56111
1117 1619 1250 1657 faciam
1282 1619 1420 1670 palam,

89 1693 132 1725 ut
160 1699 247 1726 eum
281 1689 326 1726 ex
356 1687 549 1726 lutulento
581 1699 703 1725 caeno
734 1698 903 1738 propere
935 1686 1027 1725 111116
1058 1686 1183 1725 eliciat
1213 1687 1327 1726 foras.
1358 1709 1412 1715 —

713 1776 1123 1816 MNESLLOCHVS

88 1844 328 1884 Multimodis
358 1843 565 1883 meditatus
596 1851 748 1896 egomet
779 1857 930 1883 mecum
964 1857 1061 1891 sum,
1094 1851 1131 1883 et
1162 1845 1211 1883 ita
1244 1857 1328 1884 esse
1358 1844 1549 1884 arbitror:

87 1913 238 1952 homini
269 1913 406 1959 amico,
440 1912 504 1963 qui
536 1918 594 1951 est
623 1912 770 1951 amicus
799 1912 850 1951 ita
881 1912 937 1951 uti
968 1925 1112 1951 nomen
1145 1912 1329 1964 possidet,

88 1980 161 2020 nisi
193 1981 286 2020 deos
317 1980 350 2019 ei
382 1980 438 2019 nil
467 1986 683 2031 praestare;
716 1980 750 2018 id
784 1992 901 2030 opera
933 1987 1116 2031 expertus
1146 1992 1231 2020 sum
1264 1993 1347 2020 esse
1378 1981 1440 2019 ita.

1666 84 1746 121 143

1758 273 1816 304 365

1633 526 1743 565 1111

1760 742 1817 774 370

1760 1080 1818 1112 375

1759 1416 1817 1449 380

1634 1777 1701 1816 ΠΙ
1723 1780 1746 1817 2

1761 1854 1820 1887 385

89 2050 177 2087 nam
209 2054 252 2086 ut
282 2047 321 2086 in
354 2047 553 2099 Ephesum
583 2047 676 2086 hinc
706 2047 782 2086 abii
814 2048 903 2096 (hoc
934 2049 1118 2087 factumst
1147 2050 1270 2087 ferme
1301 2048 1444 2087 abhinc
1474 2047 1697 2098 biennium)

178 2171 242 2204 366
256 2169 330 2205 filio
347 2169 415 2204 B2:
430 2168 504 2204 filio
518 2169 595 2204 eius
687 2171 752 2203 368
765 2169 882 2204 Lmvs
897 2180 1031 2204 snnvvs
1047 2169 1142 2211 BD2,
1156 2180 1221 2204 om.
1238 2169 1313 2205 CD¹
1406 2172 1472 2204 369
1485 2170 1593 2215 quipe
1606 2170 1658 2204 B¹

88 2236 157 2271 quo
180 2225 394 2261 Lambinus:
417 2225 479 2270 qui
504 2225 549 2266 B,
576 2226 634 2260 cui
661 2224 721 2260 CI)
836 2228 899 2260 373
925 2225 1115 2270 pernitiem
1141 2225 1267 2267 CDB2,
1291 2226 1492 2271 permitiem
1518 2225 1568 2260 B¹

1670 2226 1748 2270 opi-

87 2286 211 2327 parest
227 2281 464 2322 Bitschelius;
487 2281 552 2316 sed
566 2285 730 2328 apertum
748 2286 801 2316 est
817 2282 1040 2316 intercidisse
1055 2287 1140 2328 post
1163 2282 1258 2317 leuno
1281 2293 1421 2317 versum
1445 2293 1569 2317 eoram
1595 2282 1748 2316 indicem

87 2349 181 2384 quae
203 2338 241 2373 in
265 2338 428 2373 convivio
453 2342 650 2384 aspexerat
673 2338 800 2383 Lydus
892 2342 956 2373 375
982 2340 1070 2374 haec
1097 2338 1312 2378 conclusio,
1338 2339 1440 2374 clusa.
1464 2338 1498 2373 D

87 2394 272 2440 poliabula
294 2393 438 2429 Nonius
466 2396 511 2430 75
601 2396 664 2429 377
690 2405 746 2429 me
769 2397 875 2439 teque
900 2395 981 2430 item
1000 2394 1152 2436 Nonius,
1174 2396 1267 2440 sort.
1288 2396 1369 2430 med
1393 2406 1507 2439 aeque

1591 2340 1655 2373 376
1674 2339 1747 2373 dis-

1599 2394 1749 2430 affectas

88 2451 123 2492 (i.
141 2461 175 2496 q.
192 2450 321 2493 afficis)
345 2455 498 2486 testatur
514 2449 676 2486 Nonius:
701 2450 866 2486 adflictas
885 2451 931 2495 B,
956 2450 1096 2486 aflictas
1116 2451 1169 2494 0¹,
1194 2451 1350 2487 afflictas
1368 2451 1459 2493 DC'2,
1484 2452 1535 2496 cf.
1553 2450 1749 2496 Lanqenus

85 2506 198 2552 symb.
221 2508 295 2542 165
308 2517 360 2552 sq.
453 2510 530 2542 377.
555 2510 618 2542 378
643 2507 927 2554 (liltoqraphiam
944 2518 1020 2542 esse
1037 2518 1201 2543 versuum
1226 2510 1301 2543 380.
1322 2511 1383 2543 381
1403 2508 1492 2542 vidit
1507 2507 1751 2549 Bitsclzelius,-

88 2573 120 2598 v.
139 2563 214 2597 378
236 2564 448 2600 sententiam
471 2564 631 2610 ineptam
655 2564 771 2605 habet,
795 2575 826 2599 v.
845 2566 954 2599 379-
966 2565 1036 2599 381
1053 2575 1194 2600 sensum
1210 2569 1346 2600 rectum
1370 2569 1405 2599 et
1427 2564 1664 2600 elocutionem
1687 2563 1753 2598 ad-

90 2618 231 2653 modum
254 2618 450 2665 eleqantem
543 2623 608 2655 379
631 2620 719 2655 mei:
745 2631 800 2656 me
817 2620 877 2662 θ’,
902 2620 1116 2656 Priscianus
1138 2622 1170 2662 1,
1195 2622 1266 2655 421
1290 2625 1325 2656 et
1351 2621 1418 2655 561
1510 2619 1565 2655 tui
1588 2622 1624 2655 te
1648 2618 1748 2654 Pris-

89 2675 214 2709 cianus
239 2676 306 2710 561
413 2678 478 2711 382
502 2676 788 2723 dittoqraplziam
812 2688 888 2712 esse
912 2688 942 2712 v.
968 2680 1032 2712 383
1059 2677 1154 2712 dixit
1179 2676 1363 2722 Berqlcius
1388 2687 1446 2722 op.
1472 2678 1504 2718 1,
1529 2677 1578 2710 33
1603 2676 1749 2717 (retinui

89 2731 165 2764 383
185 2737 340 2777 propter
363 2735 456 2775 eum)
592 2736 658 2768 384
681 2737 828 2778 gnatum
854 2733 1072 2769 Rz'tsclzelius
1202 2737 1266 2768 355
1290 2734 1555 2769 Mmismocflvs
1579 2735 1674 2775 (-cvs
1700 2732 1752 2775 B>

87 2796 316 2822 momscmss
338 2787 420 2831 Bo,
445 2799 513 2824 om.
541 2790 570 2825 C
656 2790 778 2826 multis
802 2790 917 2826 modis
1008 2793 1071 2825 387
1097 2790 1149 2825 ita
1173 2800 1252 2825 esse
1278 2790 1311 2824 B
1427 2793 1491 2826 388
1510 2800 1584 2825 non
1609 2789 1749 2824 videtur

91 2841 283 2877 Plautinus
308 2853 383 2879 esse
406 2845 496 2886 (389
519 2855 601 2880 nam
625 2849 683 2889 ex)
