2018 3183
245 111 327 150 464
985 111 1167 147 PLAVTI
1679 119 1723 146 1v
1740 119 1766 153 2,
1781 121 1858 153 6-3.
1872 121 1905 148 24

244 227 294 266 ita
326 226 570 266 hortabatur.
631 231 787 276 egomet
818 225 989 265 conduxi
1021 239 1201 278 coquom.

244 294 312 334 sed
344 306 432 333 eum
463 293 636 332 demiror
667 305 747 332 non
778 293 926 341 venire,
957 300 1001 333 ut
1031 294 1231 334 iusseram.

244 361 312 401 sed
344 361 504 412 quinam
535 361 628 401 hinc
659 372 680 400 a
712 360 827 401 nobis
858 360 962 400 exit?
993 361 1167 413 aperitur
1198 363 1306 403 soris.

950 451 1204 492 DORIPPA
1798 458 1863 499 IV
1885 461 1909 498 3

246 518 426 558 Miserior
455 518 595 557 mulier
625 531 687 558 me
721 530 793 558 nec
823 519 901 567 fiet,
936 531 1009 558 nec
1040 519 1124 567 suit,
1921 534 1978 566 τοο

245 586 311 625 tali
341 586 423 625 viro
455 598 555 637 quae
586 586 802 638 nupserim.
864 587 939 626 heu
972 587 1134 627 miserae
1165 587 1272 627 mihi.

246 666 307 693 em
339 654 432 705 quoi
462 660 501 693 te
531 660 571 693 et
600 660 678 701 tua,
710 666 810 705 quae
840 661 883 693 tu
913 654 1069 702 habeas,
1102 654 1353 695 commendes
1383 656 1478 704 viro,

246 734 307 760 em
339 721 431 773 quoi
462 721 596 761 decem
628 722 772 761 talenta
803 722 905 762 dotis
935 722 1070 769 detuli,

244 789 341 828 hacc
372 795 416 828 ut
445 788 629 837 viderem,
661 795 703 828 ut
733 790 876 828 serrem
906 790 975 829 has
1006 790 1275 829 contumelias.

246 857 348 896 LYs.
400 856 503 895 Perii
535 856 680 903 hercle,
711 868 803 895 rure
834 857 908 896 iam
941 857 1056 896 rediit
1085 869 1185 896 uxor
1215 870 1319 897 mea:
1925 871 1982 903 705

245 924 384 964 vidisse
415 924 533 963 credo
565 924 768 963 mulierem
799 924 840 963 in
872 924 1046 963 aedibus.

245 991 313 1032 sed
345 1004 446 1043 quae
476 992 660 1043 loquatur
691 991 873 1031 exaudire
904 992 997 1031 hinc
1029 1004 1107 1031 non
1140 1004 1255 1042 queo.

245 1060 424 1098 accedam
459 1059 636 1111 propius.
695 1060 806 1100 DoR.
856 1059 932 1099 Vae
963 1060 1127 1100 miserae
1158 1060 1222 1098 mi.
1281 1059 1381 1100 LYs.
1433 1061 1556 1101 Immo
1588 1062 1695 1101 mihi.

246 1127 356 1168 DOR.
408 1126 589 1178 Disperii.
649 1127 749 1168 LYS.
800 1127 992 1178 Equidem
1023 1127 1156 1167 hercle
1187 1128 1331 1179 oppido
1363 1128 1462 1180 perii
1493 1129 1622 1169 miser.

246 1194 351 1234 vidit.
412 1201 456 1234 ut
486 1201 523 1234 te
555 1206 706 1242 omnes,
738 1195 944 1247 Demipho,
975 1195 1013 1234 di
1045 1195 1242 1247 perduint.
1929 1207 1985 1239 710

246 1263 356 1302 DOR.
406 1262 476 1302 Pol
506 1262 582 1301 hoc
614 1268 685 1311 est,
716 1262 772 1302 ire
804 1262 909 1314 quod
940 1275 1007 1302 rus
1038 1275 1150 1303 meus
1181 1263 1239 1302 vir
1271 1263 1409 1303 noluit.

245 1330 345 1370 LYs.
396 1329 499 1376 Quid
530 1342 639 1369 nunc
672 1343 745 1382 ego
776 1330 914 1370 faciam
946 1331 1019 1370 nisi
1054 1331 1109 1370 uti
1141 1332 1273 1371 adeam
1305 1339 1421 1383 atque
1453 1331 1672 1384 adloquar?

247 1397 356 1436 iubet
386 1398 534 1438 salvere
565 1411 658 1438 suos
688 1399 746 1437 vir
778 1411 939 1437 uxorem
972 1412 1094 1438 suam.

247 1465 388 1505 urbani
420 1467 522 1505 fiunt
552 1464 718 1505 rustici?
776 1467 886 1507 DOR.
938 1467 1121 1507 Pudicius

249 1533 408 1581 iaciunt,
440 1545 555 1585 quam
588 1534 643 1573 illi
675 1535 741 1585 qui
775 1547 853 1573 non
887 1535 988 1573 fiunt
1017 1535 1165 1575 rustici.
1930 1545 1985 1578 715

247 1601 347 1642 LYs.
397 1601 498 1641 Num
532 1602 624 1653 quid
656 1602 891 1653 delinquont
921 1601 1086 1641 rustici?
1144 1603 1254 1643 DOR.
1305 1602 1470 1643 Ecastor
1499 1604 1630 1644 minus

249 1681 366 1719 quam
398 1669 549 1716 urbani,
582 1675 621 1708 et
650 1669 774 1708 multo
805 1670 937 1709 minus
967 1670 1057 1708 mali
1089 1677 1285 1721 quaerunt
1314 1670 1401 1712 sibi.

248 1736 348 1777 LYs.
399 1736 500 1782 Quid
533 1743 663 1776 autem
694 1736 834 1776 urbani
865 1736 1146 1788 deliquerunt?
1178 1738 1239 1777 dic
1271 1738 1377 1786 mihi,

249 1804 365 1855 cupio
395 1803 528 1843 hercle
558 1805 670 1844 scire.
731 1805 840 1845 Doss.
893 1804 968 1843 Sed
1000 1811 1042 1844 tu
1074 1817 1135 1844 me
1166 1811 1332 1858 temptas
1362 1806 1502 1846 sciens.
1752 1828 1755 1831 ·
1933 1814 1988 1847 721

248 1872 364 1922 quoia
395 1871 458 1911 illa
488 1872 629 1911 mulier
659 1871 812 1911 intust?
871 1872 971 1913 LYS.
1024 1872 1211 1912 Vidistine
1243 1871 1358 1912 eam?
1932 1882 1989 1915 719

248 1939 358 1980 DOR.
409 1939 506 1979 Vidi.
565 1940 665 1980 LYS.
717 1940 841 1986 Quoia
873 1952 916 1979 ea
948 1940 997 1979 sit
1027 1939 1200 1992 rogitas?
1258 1941 1365 1982 DoR.
1415 1941 1637 1981 Resciscam
1669 1948 1813 1981 tamen.
1931 1950 1988 1983 720

248 2007 347 2048 LYS.
398 2007 471 2046 Vin
504 2007 629 2046 dicam
661 2006 843 2059 quoiast?
874 2008 937 2047 illa
968 2032 1023 2037 —
1055 2009 1116 2047 illa
1148 2009 1288 2061 edepol
1319 2033 1374 2038 —
1404 2021 1472 2048 vae
1502 2009 1608 2057 mihi,
1931 2017 1989 2050 722

249 2075 383 2114 nescio
416 2075 508 2126 quid
540 2075 677 2114 dicam.
737 2076 847 2116 DOR.
897 2076 1056 2116 Haeres.
1116 2077 1215 2118 LYs.
1269 2077 1381 2117 Haud
1411 2077 1486 2117 vidi
1516 2078 1650 2129 magis.

363 2200 427 2232 697
454 2208 605 2243 coquam
628 2197 672 2240 P,
691 2209 770 2242 —m
787 2199 818 2233 A
919 2201 983 2234 699
1009 2200 1086 2244 quis
1110 2210 1193 2235 nam
1219 2199 1336 2235 deleto
1359 2200 1444 2236 hinc
1464 2200 1707 2241 Ritscllelius;
1724 2201 1776 2246 cf.
1797 2200 1924 2237 Herm.

249 2255 315 2296 18,
342 2255 417 2288 586
533 2258 596 2289 700
622 2264 783 2290 Domrm
815 2266 958 2290 mvmmz
989 2266 1217 2292 LYSIMACHVS
1250 2259 1330 2298 (ms.
1358 2256 1463 2299 Bffl)
1496 2268 1613 2292 smmx
1647 2268 1741 2293 sna
1772 2267 1865 2293 Auvs
1892 2257 1926 2292 P

249 2312 331 2353 (om.
358 2310 435 2355 ΖΡ),
459 2313 491 2345 Α
514 2321 550 2345 n.
575 2310 597 2344 Z.
708 2311 881 2347 misereor
906 2312 941 2347 B
1058 2316 1119 2348 701
1147 2314 1196 2358 cf.
1223 2313 1272 2348 ad
1297 2314 1366 2348 661
1484 2316 1660 2349 703-707
1687 2313 1780 2349 nihil
1801 2316 1834 2350 A

251 2370 316 2402 703
341 2367 402 2412 qui
427 2369 471 2410 (v.
493 2368 567 2403 702
593 2366 666 2409 cui)
759 2367 934 2403 talentum
959 2368 1028 2404 BC
1117 2372 1182 2404 706
1205 2369 1352 2415 (1113111)
1381 2370 1420 2405 111
1448 2369 1668 2406 Rc'tsclzclius
1761 2372 1824 2404 707
1850 2380 1924 2406 11011

251 2434 335 2469 quo,
352 2435 446 2459 corr.
464 2423 626 2470 Pylades
719 2427 783 2458 710
802 2426 838 2460 te
855 2435 924 2460 om.
940 2424 976 2459 B
1064 2426 1236 2471 perdiunt
1255 2426 1328 2469 CI),
1344 2427 1502 2471 perdunt
1514 2426 1560 2466 B.
1579 2425 1788 2471 pe]r[dui]nt
1805 2428 1835 2461 A

253 2483 319 2514 712
350 2480 406 2525 uti
429 2483 461 2517 A
492 2483 664 2524 (ceterum
696 2491 775 2516 cum
800 2479 834 2514 P
863 2482 1091 2517 consentiens
1123 2487 1163 2518 ut
1192 2482 1298 2526 ve'd.).·
1332 2486 1373 2519 ut
1396 2482 1450 2525 P,·
1482 2486 1523 2519 ut
1546 2482 1676 2528 (hanc)
1699 2481 1865 2518 Baebius
1890 2483 1928 2518 in

252 2535 494 2573 Scudemundz·
518 2537 612 2572 stud.
638 2539 677 2578 2,
695 2537 782 2576 358,
807 2537 858 2582 cf.
884 2537 1083 2584 Lanqenns
1106 2539 1218 2585 symb.
1243 2540 1318 2574 103
1412 2541 1475 2574 713
1500 2539 1602 2576 iubet
1631 2538 1678 2573 P:
1703 2539 1778 2583 Met
1804 2540 1834 2574 A

253 2593 397 2629 saluare
417 2594 450 2628 B
543 2597 719 2629 714-751
744 2594 849 2638 fere
872 2593 994 2629 nihil
1016 2596 1060 2637 A,
1085 2595 1137 2640 cf.
1155 2594 1204 2631 ad
1231 2596 1303 2630 729
1398 2599 1461 2631 715
1480 2606 1587 2641 quam
1605 2595 1735 2632 urbani
1751 2596 1813 2642 qui
1835 2596 1929 2632 Goe-

253 2650 347 2684 tzius
440 2652 506 2684 716
530 2651 693 2695 nunquid
712 2650 772 2686 CI)
840 2651 1036 2696 delinquon
1055 2652 1100 2694 B,
1126 2652 1313 2697 delinqunt
1331 2652 1367 2694 C,
1393 2652 1607 2697 delinquunt
1623 2652 1657 2687 D
1766 2655 1828 2689 721
1855 2652 1927 2688 huo

252 2706 392 2742 rettulit
420 2706 579 2742 Bothius
609 2712 645 2742 et
675 2707 769 2743 inter
795 2718 976 2753 personas
1006 2707 1127 2743 divisit
1156 2709 1318 2744 scribens
1347 2709 1400 2744 sic
1430 2711 1471 2744 tu
1499 2719 1556 2744 me
1588 2711 1746 2754 temptas
1779 2710 1925 2746 sciens?

258 2762 440 2808 Dorippae
457 2767 510 2798 est
525 2763 563 2797 in
581 2763 694 2806 libris,
711 2763 770 2799 cui
786 2763 904 2810 ipsum
922 2775 993 2799 non
1011 2765 1179 2800 convenit
1194 2764 1317 2801 hercle
1401 2768 1466 2800 719
1484 2765 1569 2810 quia
1581 2768 1660 2807 (720
1677 2770 1711 2801 et
1722 2771 1876 2813 praeter
1892 2767 1928 2803 B

255 2821 320 2853 722
344 2820 441 2861 cuia)
533 2819 632 2855 intus
657 2823 691 2856 st
715 2820 761 2862 B,
785 2820 882 2856 intus
908 2824 964 2857 est
990 2821 1050 2858 CD
1138 2823 1202 2856 720
1227 2820 1398 2857 resiscam
1424 2822 1458 2856 B
1552 2824 1616 2857 722
1641 2822 1701 2858 cui
1724 2825 1780 2858 est
1802 2822 1840 2858 B

252 2875 304 2919 of.
332 2874 431 2911 Trin.
460 2877 538 2912 907
559 2875 789 2919 (Ribbeckius
810 2888 848 2923 p.
868 2877 903 2919 3)
1020 2879 1084 2912 723
1109 2877 1161 2922 of.
1187 2877 1386 2913 Muellerus
1407 2889 1509 2924 pros.
1539 2879 1612 2913 652
