2018 3183
233 104 314 142 358
978 101 1160 138 PLAVTI
1655 103 1699 130 111
1717 102 1743 135 ι,
1757 103 1849 135 14-2,
1863 103 1896 131 19

437 219 541 271 quod
575 223 801 268 nusquamst
836 228 965 268 neque
997 228 1069 266 ego
1101 216 1137 255 id
1169 216 1323 255 inmitto
1353 216 1393 255 in
1425 228 1539 256 aures
1570 229 1674 256 meas
1908 224 1965 256 335

236 301 309 329 nec
341 287 434 327 mihi
465 287 552 339 plus
583 285 794 324 adiumenti
832 285 978 330 -t-ades,
1020 296 1135 335 quam
1167 284 1230 323 ille
1263 287 1329 335 qui
1361 295 1574 334 numquam
1604 284 1720 324 etiam
1753 286 1896 323 natust.

929 396 1197 436 EPIDICVS
1783 398 1851 438 ΙΙΙ
1874 399 1897 436 ‘2

237 478 377 519 Fecisti
408 478 482 517 iam
513 475 686 516 officium
718 482 838 523 tuom,
872 488 934 515 me
963 488 1094 516 meum
1127 487 1235 514 nunc
1267 476 1394 513 facere
1425 481 1592 526 oportet.

236 559 308 600 per
337 547 438 585 hane
469 547 601 584 curam
634 542 767 595 quieto
798 543 867 583 tibi
898 543 988 583 licet
1018 555 1102 583 esse
1133 565 1187 571 —-
1218 542 1294 581 hoc
1326 541 1482 593 quidem
1514 542 1591 581 iam
1621 542 1756 594 periit:

239 628 286 654 ne
317 614 409 666 quid
440 612 509 652 tibi
541 612 634 651 hinc
665 613 703 651 in
736 624 845 663 spem
877 612 1039 658 reseras,
1071 610 1215 662 oppido
1246 609 1322 649 hoc
1352 609 1584 662 pollinctum
1616 617 1695 657 est3

238 683 352 722 crede
383 681 498 721 modo
530 680 643 719 mihi:
677 680 732 720 sic
763 691 836 730 ego
867 691 952 731 ago,
985 679 1041 719 sic
1072 685 1240 730 egerunt
1271 677 1407 717 nostri.
1911 684 1968 717 340

236 762 308 803 pro
339 750 377 789 di
408 748 658 795 immortales,
689 747 783 787 mihi
814 747 921 787 hunc
951 747 1053 786 diem
1085 746 1243 786 dedistis
1274 745 1530 791 luculentum,

239 825 282 858 ut
311 817 462 857 facilem
491 823 607 867 atque
639 815 944 868 impetrabilem!
977 815 1043 855 sed
1077 827 1149 866 ego
1181 815 1274 853 hinc
1305 813 1473 864 migrare
1504 826 1628 858 cesso,

238 893 282 926 ut
310 886 516 937 importem
550 885 587 922 in
621 883 814 923 coloniam
847 883 954 922 hunc
984 880 1119 936 <meo>
1149 881 1324 933 auspicio
1356 880 1645 920 commeatum?
2000 891 2013 914 -ν

236 953 330 993 mihi
362 965 484 998 cesso,
515 964 605 991 cum
636 958 709 990 sto.
769 952 835 991 sed
869 951 962 1002 quid
993 948 1097 989 hoe?
1129 956 1219 988 ante
1249 948 1355 988 aedis
1385 948 1462 988 duo
1494 948 1657 993 sodales,

236 1033 346 1061 erum
378 1028 413 1060 et
446 1020 734 1066 Chaeribulum,
767 1019 990 1070 conspicor.
1052 1018 1143 1069 quid
1176 1018 1238 1056 hic
1268 1015 1409 1068 agitis?
1440 1016 1577 1068 accipe
1608 1016 1683 1056 hoc
1714 1016 1779 1056 sis.
1915 1022 1972 1056 845

235 1090 331 1131 STR.
373 1088 572 1135 Quantum
604 1088 666 1126 hic
697 1085 829 1126 inest?
889 1087 964 1127 ΕΡ.
1005 1086 1203 1132 Quantum
1236 1092 1294 1124 sat
1315 1092 1386 1130 est,
1418 1092 1456 1124 et
1478 1085 1565 1136 plus
1585 1085 1696 1124 satis:
1728 1085 1903 1138 superfit.

237 1159 373 1198 decem
402 1157 518 1196 minis
550 1156 637 1208 plus
667 1156 777 1194 attuli
808 1167 927 1206 quam
957 1161 999 1193 tu
1031 1154 1206 1194 danistae
1238 1152 1369 1193 debes.

237 1227 329 1266 dum
359 1225 429 1264 tibi
461 1237 532 1277 ego
563 1224 736 1276 placeam
769 1229 885 1274 atque
917 1223 1125 1274 obsequar,
1160 1233 1289 1261 meum
1322 1223 1476 1272 tergum
1507 1221 1619 1260 flocci
1651 1221 1764 1260 facio.

237 1293 333 1335 STR.
383 1293 479 1333 Nam
501 1293 592 1343 quid
624 1290 705 1331 ita?
764 1292 839 1331 ΕΡ.
890 1291 990 1337 Quia
1021 1303 1094 1341 ego
1116 1296 1225 1329 tuom
1257 1296 1408 1341 patrem
1439 1289 1577 1328 faciam
1609 1289 1906 1341 parenticidam.

237 1362 333 1402 STR.
384 1361 484 1407 Quid
517 1361 616 1400 istuc
646 1366 705 1399 est
734 1357 869 1399 verbi?
930 1359 1004 1399 ΕΡ.
1055 1358 1115 1397 ΝΠ
1148 1369 1280 1396 moror
1311 1363 1440 1396 vetera
1471 1363 1510 1396 et
1539 1356 1690 1408 volgata
1721 1356 1860 1405 verba;
1916 1362 1974 1396 350

236 1436 415 1482 peratum
448 1428 674 1468 ductarent:
707 1439 779 1478 ego
812 1427 979 1466 follitum
1011 1425 1223 1465 ductitabo.

238 1510 329 1537 nam
358 1497 448 1536 leno
480 1508 597 1535 omne
629 1501 837 1546 argentum
868 1494 1027 1535 abstulit
1057 1507 1128 1545 pro
1160 1493 1316 1532 fidicina
1350 1494 1439 1544 (ego
1471 1491 1624 1538 resolvi,

239 1565 420 1605 manibus
449 1564 509 1603 his
539 1563 805 1613 denumeravi)
837 1569 947 1615 pater
977 1574 1086 1602 suam
1119 1569 1246 1601 natam
1281 1572 1394 1613 quam
1428 1573 1512 1599 esse
1546 1560 1690 1609 credit;

244 1646 352 1673 nunc
381 1634 522 1672 iterum
554 1640 597 1671 ut
627 1632 781 1671 fallatur
812 1638 922 1683 pater
953 1631 1103 1682 tibique
1135 1630 1320 1669 auxilium
1351 1635 1562 1681 apparetur

243 1701 396 1742 inveni:
430 1713 519 1740 nam
550 1700 600 1740 ita
630 1700 732 1740 suasi
764 1700 849 1739 seni
881 1706 996 1751 atque
1028 1700 1129 1739 hanc
1160 1698 1276 1738 habui
1309 1698 1526 1737 orationem
1915 1702 1971 1734 355

1061 1782 1083 1805 ἦε

351 1916 416 1949 335
449 1917 514 1949 aut
543 1913 697 1949 creticus
727 1917 934 1948 tetrameter
966 1917 1030 1947 aut
1060 1912 1248 1952 senarius‚·
1279 1921 1386 1946 aures
1415 1910 1568 1946 immitto
1599 1919 1698 1944 meas
1726 1907 1909 1949 Goetzius,

238 1972 290 2016 cf.
307 1971 409 2017 Capt.
430 1971 504 2005 548
620 1971 685 2004 336
711 1969 920 2004 adiumenta
943 1969 1030 2005 ades
1058 1969 1100 2010 E,
1126 1968 1336 2003 adiumenta.
1360 1967 1424 2002 des
1450 1966 1473 2001 I
1477 1979 1491 2007 ,·
1515 1966 1581 2002 das
1607 1964 1779 2011 Pylades,
1804 1963 1909 1999 addis
2010 1971 2018 2043 1

240 2027 483 2073 Ktesstinqius
507 2027 571 2068 (sio
595 2025 788 2072 anapaesti
808 2026 926 2070 fiant),
949 2026 1075 2071 potius
1100 2025 1212 2060 habes
1285 2026 1393 2059 natus
1419 2026 1476 2060 est
1501 2021 1563 2058 EI
1649 2024 1714 2057 337
1739 2029 1909 2056 Ermlcvs
1996 2031 1998 2033 ·

240 2095 376 2121 snnvvs
416 2093 707 2119 STRATIPPOCLES
745 2084 1056 2122 (srnssxpnocnns
1088 2080 1126 2123 I)
1175 2090 1405 2117 cnamonvs
1437 2083 1559 2121 (cnssn.
1591 2077 1638 2121 Ε)
1675 2086 1906 2114 momscnns

241 2145 364 2183 (anon.
380 2140 426 2180 B,
451 2149 729 2175 ADOLESGENTES
744 2136 783 2179 I)
800 2136 895 2172 ΒΕ]
960 2141 1061 2173 tuum
1077 2137 1150 2172 EI:
1167 2140 1208 2174 tu
1228 2141 1331 2174 tuum
1346 2137 1381 2172 B
1450 2138 1516 2172 338
1540 2135 1636 2181 perit
1703 2134 1755 2180 cf.
1768 2132 1907 2169 Bacch.

238 2199 349 2234 1067.
375 2196 470 2233 Men.
486 2197 561 2231 548
665 2198 730 2230 339
743 2194 782 2229 ni
875 2193 1040 2238 pouitum
1058 2197 1114 2230 est
1130 2194 1177 2238 B,
1201 2194 1354 2239 politum
1373 2196 1429 2229 est
1443 2192 1512 2235 EI,
1536 2203 1632 2228 corr.
1649 2190 1818 2228 Goetztus
1983 2221 1991 2241 ,Ι

240 2256 317 2290 339.
343 2256 409 2289 340
433 2253 658 2300 septenarios
683 2251 849 2297 efficiunt
885 2253 964 2293 (339
989 2250 1075 2286 hinc
1098 2251 1137 2286 in
1161 2261 1216 2296 sp.
1240 2262 1269 2286 r.
1296 2250 1361 2286 tibi
1385 2255 1420 2286 et
1442 2251 1512 2285 hoc
1536 2248 1687 2295 oppido,
1725 2249 1790 2282 340
1821 2245 1907 2290 (tu)
1977 2242 2002 2291 t*

240 2311 358 2355 mihi„
375 2309 499 2346 traditi
511 2309 550 2345 he·
564 2319 688 2345 versus
702 2307 887 2343 videntur:
901 2327 928 2331 —
938 2320 1001 2337 υυ
1011 2327 1037 2332 -
1048 2321 1104 2349 32—22
1114 2319 1492 2338 ---------
1501 2317 1542 2349 υ,
1566 2304 1617 2350 cf.
1635 2303 1685 2339 ad
1697 2304 1771 2339 533
1785 2313 1839 2349 sq.
1983 2294 1995 2332 τ’

241 2367 306 2404 hos
330 2367 422 2402 duos
446 2376 570 2402 versus
594 2364 767 2400 exultans
785 2363 947 2409 loquitur
957 2370 1157 2410 postquam
1172 2364 1277 2410 fores
1294 2362 1461 2399 occlusae
1471 2365 1577 2403 szmt;
1601 2360 1730 2396 deinde
1736 2358 1907 2407 procedit

240 2423 285 2460 ab
313 2423 463 2459 aedibus
555 2424 618 2456 341
653 2421 748 2456 diem
780 2420 867 2465 (ut)
901 2418 1050 2455 Guietus
1081 2421 1146 2465 (cf.
1179 2419 1469 2465 Rautenberqt'us
1501 2421 1640 2464 quaest.
1673 2415 1796 2452 Plaut.
1827 2415 1905 2459 10);

241 2481 334 2526 fort.
358 2490 511 2525 sequens
535 2481 576 2514 ut
608 2474 687 2515 dno
713 2478 847 2513 κοινοῦ
962 2477 1096 2512 dedisti
1121 2476 1343 2512 loculentum
1368 2475 1402 2510 B
1519 2475 1584 2508 343
1608 2473 1706 2509 hunc
1728 2482 1808 2508 meo
1833 2470 1905 2517 Py-

243 2537 344 2573 lades
375 2542 410 2571 et
443 2535 634 2572 Goetzius:
667 2536 764 2570 hunc
798 2534 895 2568 hunc
1011 2535 1078 2568 346
1104 2533 1282 2578 supersit,
1307 2543 1401 2568 corr.
1431 2530 1661 2566 Camerarius
1776 2530 1841 2563 349
1854 2537 1907 2574 sq.

244 2593 397 2629 tractavi
419 2591 514 2627 vind.
540 2591 660 2627 Plaut.
687 2592 710 2624 3
738 2601 793 2636 sq.
899 2592 965 2624 349
996 2599 1062 2633 ego
1088 2601 1154 2625 om.
1182 2589 1216 2624 B
1325 2591 1389 2624 351
1415 2589 1584 2633 paratum
1609 2584 1670 2621 EI
1757 2585 1909 2621 ductare

241 2652 281 2685 at
303 2660 380 2694 ego,
404 2649 554 2684 correxi
646 2649 710 2682 352
736 2648 785 2692 cf.
815 2644 998 2682 Valtlenus
1022 2646 1094 2682 ind.
1121 2645 1200 2681 lect.
1223 2646 1328 2680 1880
1345 2656 1386 2691 p.
1402 2646 1450 2679 15
1518 2647 1582 2679 353
1596 2641 1820 2678 dinumeravi
1991 2659 1999 2674 ·,

241 2706 366 2753 possis
381 2716 427 2740 m.
452 2705 487 2740 d.
505 2704 561 2739 his
643 2703 798 2739 credidit
816 2701 930 2738 B¹EI
1040 2704 1106 2737 355
1132 2701 1253 2737 inveni
1277 2712 1360 2737 nam
1385 2699 1544 2747 Pylades
1569 2703 1605 2734 et
1628 2698 1672 2734 R.
1691 2696 1911 2734 Muellerus:
1984 2677 2001 2784 ι

243 2762 421 2798 inveniam
528 2761 680 2796 lacunas
702 2760 842 2796 detexit
861 2759 893 2794 T
889 2759 1128 2801 altmannus,
1152 2758 1202 2802 cf.
1230 2756 1272 2792 R.
1287 2756 1486 2793 Muellerus
1502 2767 1544 2802 p.
1565 2757 1588 2791 6
1603 2766 1656 2802 sq.
1684 2754 1773 2791 talia
1796 2755 1906 2789 inter-

244 2818 372 2853 cid1'sse
396 2821 569 2864 apparet:
592 2817 656 2863 <ut
678 2817 924 2862 praestinaret
947 2815 1133 2851 fidicinam
1157 2823 1264 2859 quam
1288 2813 1445 2849 liberare
1468 2813 1600 2855 velles,
1624 2811 1728 2858 quasi
1753 2811 1908 2846 liberare

245 2875 346 2920 ipsus
380 2875 449 2910 sibi
480 2885 559 2910 eam
589 2873 764 2920 cuperet>
796 2872 970 2919 quasique
1002 2874 1153 2908 amaret.
1190 2871 1234 2906 de
1262 2870 1398 2906 ultimis
1422 2869 1537 2906 verbis
1560 2880 1591 2905 v.
1616 2867 1666 2904 ad
1688 2878 1719 2904 v.
1744 2867 1819 2903 359
