2018 3183
220 95 300 133 268
957 95 1137 131 PLAVTI
1646 98 1675 126 v
1689 100 1715 132 4,
1735 100 1843 134 17—31.
1862 101 1879 127 5

220 216 256 248 te
288 210 444 260 quidem
477 215 692 262 oppresset.
752 209 853 249 LYs.
903 209 992 248 Feci
1024 212 1096 261 ego
1128 210 1247 250 istaec
1278 210 1378 249 dicta
1409 223 1507 261 quae
1536 223 1606 252 vos
1636 210 1791 252 dicitis?

218 277 369 318 Omos.
418 277 574 328 Rogitas
605 273 749 315 etiam?
807 276 907 316 LYs.
958 277 997 316 Si
1029 277 1186 328 quidem
1214 277 1346 317 hercle
1376 279 1462 325 feci,
1493 278 1567 318 feci
1598 279 1793 330 nequiter.

218 344 367 384 CLEos.
417 344 513 383 Redi
543 343 659 382 modo
691 343 768 382 huc
798 343 922 382 intro:
953 344 1138 391 monebo,
1170 345 1200 383 si
1232 345 1299 396 qui
1328 345 1541 385 meministi
1569 346 1712 387 minus.

217 412 317 451 LYs.
366 411 521 458 Hercle,
553 411 708 462 opinor,
740 410 870 461 potius
899 410 1007 450 vobis
1038 411 1191 450 credam
1222 412 1326 463 quod
1355 424 1424 452 vos
1453 412 1592 453 dicitis.

219 478 298 525 sed,
329 491 440 525 uxor,
471 479 518 517 da
550 478 631 516 viro
661 475 776 530 (tuo)
805 477 906 517 hanc
936 478 1102 517 veniam.
1153 479 1364 531 Myrrhina,
1396 491 1463 518 ora
1496 479 1768 529 Cleostratam;
1898 489 1972 522 1000

218 546 248 585 si
282 558 467 596 umquam
495 545 658 597 posthac
689 551 755 584 aut
785 557 935 585 amasso
967 545 1145 585 Casinam
1175 552 1241 586 aut
1271 559 1437 598 occepso
1467 546 1598 594 modo,

220 625 270 652 ne
299 619 343 652 ut
374 624 457 652 eam
489 625 652 659 amasso,
683 615 716 652 si
747 624 820 663 ego
851 625 1036 664 umquam
1068 613 1163 652 adeo
1194 614 1356 664 posthac
1387 614 1462 653 tale
1488 613 1680 654 admisero

220 680 325 719 nulla
357 686 522 727 causast,
553 680 647 731 quin
679 679 919 731 pendentem
951 693 1024 727 me,
1056 692 1166 729 uxor,
1198 681 1316 732 virgis
1345 681 1540 721 verberes.

218 747 365 788 MYRR.
411 747 561 787 Censeo
593 753 747 786 ecastor
776 748 926 786 veniam
959 747 1061 787 hanc
1085 748 1263 787 dandam.
1322 748 1471 790 CLEos.
1503 749 1656 789 Faciam
1685 754 1730 788 u‘t
1759 749 1883 789 iubes.

221 821 382 867 propter
413 827 495 854 eam
527 826 611 853 rem
641 814 743 853 hanc
774 813 844 853 tibi
876 827 984 853 nunc
1015 815 1166 854 veniam
1197 815 1328 855 minus
1358 823 1512 868 gravate
1542 828 1748 868 prosper0‚
1899 825 1973 860 1005

219 883 320 921 hanc
351 895 397 921 ex
428 883 543 934 longa
575 881 793 932 longiorem
827 894 876 920 ne
909 882 1093 921 faciamus
1125 882 1307 922 fabulam.

217 950 317 991 LYs.
334 950 421 989 Non
439 950 535 989 irata
554 947 624 988 es?
646 948 893 989 CLEos.Non
908 961 992 988 sum
1007 949 1114 988 irata.
1136 950 1236 991 LYs.
1254 951 1387 990 Tuaen
1402 949 1647 990 fideicredo?
1678 949 1749 991 CL.
1766 950 1884 990 Meae.

218 1018 317 1057 LYs.
368 1011 615 1068 Lepidiorem
640 1029 800 1055 uxorem
833 1028 948 1055 nemo
986 1017 1192 1068 quisquam
1223 1030 1337 1068 quam
1371 1030 1441 1069 ego
1474 1017 1596 1057 habeo
1627 1018 1729 1057 hanc
1759 1017 1885 1057 habet.

218 1085 367 1126 Cmos.
412 1085 492 1135 Age
524 1090 579 1132 tu,
610 1084 728 1123 redde
750 1084 840 1122 huic
861 1083 1078 1135 scipionem
1100 1091 1138 1123 et
1158 1084 1331 1136 pallium.
1381 1085 1516 1126 CHAL.
1560 1085 1680 1134 Tene,
1703 1085 1734 1125 si
1764 1085 1885 1125 lubet.

219 1153 313 1191 mihi
344 1152 500 1204 quidem
533 1151 673 1203 edepol
703 1151 887 1202 insignite
917 1152 1056 1190 factast
1084 1163 1224 1203 magna
1254 1152 1416 1192 iniuria:
1902 1162 1975 1197 1010

219 1220 374 1260 duobus
405 1219 534 1271 nupsi,
568 1225 710 1258 neuter
741 1219 832 1258 fecit
864 1219 967 1270 quod
1001 1231 1124 1258 novae
1156 1227 1301 1271 nuptae
1331 1220 1441 1260 solet.

219 1378 481 1429 Spectatores,
515 1376 620 1427 quod
650 1377 865 1415 futurumst
894 1376 1013 1423 intus,
1045 1376 1081 1414 id
1114 1376 1430 1416 memorabimus.

218 1445 314 1484 haec
346 1444 482 1485 Casina
515 1444 631 1482 huius
662 1443 883 1495 repeiietur
914 1444 990 1482 filia
1022 1457 1106 1483 esse
1139 1457 1184 1483 ex
1216 1457 1408 1496 proxumo

219 1524 342 1563 eaque
374 1510 497 1550 nubet
526 1511 746 1563 Euthynico
779 1519 914 1550 nostro
946 1511 1030 1550 erili
1062 1512 1153 1551 filio.

220 1591 328 1618 nunc
358 1591 426 1617 vos
456 1585 662 1630 aequomst
692 1578 873 1618 manibus
904 1579 1053 1619 meritis
1084 1580 1260 1619 meritam
1294 1553 1513 1617 mercedem
1544 1578 1656 1617 dare:
1899 1587 1974 1621 1015

219 1646 286 1697 qui
319 1646 422 1691 faxit,
455 1645 553 1685 clam
585 1658 746 1685 uxorem
779 1646 895 1685 ducet
926 1659 1080 1698 semper
1110 1654 1283 1687 scortum
1316 1647 1420 1696 quod
1452 1647 1573 1696 volet3

216 1792 276 1832 12,
304 1791 371 1824 83.·
394 1791 537 1825 ecastor
560 1789 643 1833 ilius
666 1792 749 1836 (pro
767 1790 898 1836 priore
921 1790 934 1824 i
957 1790 1050 1834 fort.
1076 1800 1095 1824 e
1120 1789 1174 1824 vel
1198 1792 1214 1825 t
1236 1789 1292 1825 vel
1313 1793 1351 1834 p)
1375 1789 1425 1830 A,·
1451 1789 1500 1834 cf.
1518 1788 1629 1824 schol.
1648 1789 1734 1824 Aen.
1751 1790 1783 1832 1,
1805 1790 1886 1823 268

217 1847 298 1888 (Ilia
322 1856 388 1891 pro
412 1845 568 1887 Iliensis)
594 1848 634 1881 ut
650 1846 802 1881 Plautus
827 1846 964 1882 Hector
981 1846 1069 1881 Ilius
1095 1847 1159 1888 (sic
1179 1846 1274 1882 Cass.
1299 1853 1340 1881 ut
1357 1845 1444 1887 vid„
1468 1845 1678 1882 hectoribus
1703 1844 1840 1888 Paris.)

215 1904 308 1948 fort.
333 1901 480 1947 (haud)
504 1902 659 1937 Hector:
692 1913 765 1937 non
791 1903 868 1948 ipse
892 1902 1032 1938 Hector
1056 1906 1089 1937 te
1114 1902 1256 1948 quidem
1287 1902 1541 1949 oppressisset,
1571 1902 1648 1938 scil.
1673 1903 1724 1938 ita
1749 1913 1886 1949 prope-

216 1960 308 1994 rasti
333 1959 429 2000 (472.
451 1959 561 2000 812„
585 1958 634 2003 cf.
653 1958 749 1994 Men.
767 1960 854 1993 201.
894 1959 958 1994 sed
972 1959 1184 1994 sententiam
1210 1970 1281 1994 non
1301 1959 1390 1993 satis
1414 1963 1540 2004 aperte
1563 1959 1785 1994 enuntiatam
1810 1969 1887 1993 esse

217 2014 319 2050 video
345 2020 380 2050 et
405 2014 632 2061 opprimendi
664 2015 806 2050 verbum
833 2015 939 2050 aliter
957 2015 1119 2061 positum
1151 2027 1261 2061 quam
1285 2014 1438 2051 Plautus
1460 2014 1587 2052 soleat.
1612 2015 1662 2060 cf.
1687 2015 1786 2050 Asin.
1811 2015 1886 2049 281

217 2070 423 2112 (Palmerus
454 2081 534 2106 cum
559 2070 643 2105 aliis
667 2071 867 2116 oppressit,
893 2071 991 2118 quod
1015 2075 1139 2118 aptum
1163 2081 1304 2106 sensum
1326 2071 1502 2117 praebere
1526 2073 1632 2118 neqo)
1732 2073 1797 2106 996
1823 2081 1887 2115 op-

216 2130 360 2172 presset
375 2129 427 2162 A:
452 2126 693 2172 oppressisset
716 2126 752 2161 P
835 2139 935 2174 pers.
958 2140 1013 2174 sp.
1040 2132 1124 2162 ante
1147 2127 1219 2162 feci
1243 2138 1310 2162 om.
1334 2126 1371 2161 P
1458 2128 1531 2163 ista
1555 2129 1646 2163 haec
1664 2126 1698 2162 P
1787 2127 1886 2163 dicta

218 2195 312 2228 quae
336 2194 398 2219 vos
423 2183 544 2219 dicitis
570 2194 642 2217 non
668 2187 796 2229 tanqo:
830 2195 924 2230 qaae
949 2184 1083 2226 dicunt,
1107 2184 1141 2218 si
1165 2195 1238 2219 non
1261 2184 1365 2229 fecit,
1390 2183 1488 2219 dicta
1512 2187 1614 2226 sunt,
1639 2194 1712 2219 non
1734 2184 1841 2229 facta

219 2243 284 2275 998
310 2239 370 2284 qui
395 2241 446 2274 A:
472 2239 614 2283 quidem
640 2238 683 2282 P,
707 2240 796 2284 fort.
822 2245 937 2282 νεοιῖε,ι
962 2240 994 2275 si
1017 2240 1104 2285 quid
1129 2239 1286 2275 Bothius
1385 2243 1450 2275 999
1477 2240 1572 2275 ercle
1596 2241 1626 2275 A
1728 2243 1813 2275 1000
1838 2241 1887 2276 da

218 2308 283 2331 om.
309 2296 341 2331 A
439 2306 527 2331 uero
552 2299 583 2331 A
682 2296 785 2340 (tuo)
808 2295 1006 2332 Muellerus
1034 2297 1107 2331 alio
1133 2296 1212 2332 loco
1317 2296 1477 2341 myrrina
1501 2296 1536 2330 P
1633 2299 1716 2331 1001
1744 2299 1808 2332 aut
1831 2295 1887 2331 B:

218 2355 279 2397 aui
304 2355 354 2392 A,
386 2355 427 2388 ut
460 2351 528 2386 VE
666 2355 751 2387 1002
776 2363 822 2388 ne
847 2356 887 2388 ut
916 2354 966 2398 cf.
993 2352 1236 2388 Buecheler-us
1260 2353 1334 2388 ind.
1358 2352 1480 2388 Bonu.
1504 2352 1667 2399 1878s79
1682 2364 1727 2399 p.
1751 2353 1815 2387 24.
1839 2352 1888 2387 ad

217 2409 417 2454 formulam
442 2409 534 2443 iuris
555 2409 738 2455 pertinere
762 2409 903 2444 videtur
1029 2421 1106 2445 eam
1131 2420 1272 2445 amasso
1298 2409 1352 2444 B:
1376 2419 1419 2443 ea
1443 2419 1583 2444 amasso
1617 2407 1693 2451 VE,
1720 2418 1885 2452 eamasso

218 2468 247 2500 A
320 2465 351 2499 si
375 2465 465 2500 adeo
490 2468 530 2499 ut
553 2466 701 2511 saepius
725 2465 803 2500 sive
829 2465 922 2501 adeo
947 2465 1156 2511 (Lanqenus
1180 2465 1294 2512 symb.
1319 2466 1403 2507 144)
1498 2468 1585 2500 1004
1609 2465 1662 2500 sic
1685 2464 1772 2506 AP;
1795 2465 1884 2500 dan-

220 2522 314 2565 dam,
339 2520 549 2565 <ignoscas>
570 2520 773 2557 Sclzoellius
868 2525 951 2556 10Οό
978 2532 1075 2556 nunc
1090 2521 1140 2556 A:
1165 2532 1262 2556 nunc
1286 2532 1360 2556 rem
1382 2520 1416 2556 P
1509 2523 1594 2557 1006
1616 2531 1662 2556 ne
1679 2523 1731 2556 A:
1753 2521 1793 2555 ni
1809 2520 1844 2555 P

223 2581 307 2612 1007
334 2577 431 2612 irata.
455 2588 512 2612 es:
539 2578 651 2612 iratas
677 2578 708 2612 A
825 2581 935 2623 maen
960 2581 1010 2613 A:
1033 2581 1118 2613 tuae
1143 2577 1179 2612 P
1287 2580 1371 2612 1008
1395 2588 1544 2613 uxorem
1569 2587 1672 2613 nemo
1697 2577 1885 2622 quisquam

219 2632 269 2667 P:
301 2643 405 2669 nemo
430 2644 580 2668 uxorem
604 2636 636 2669 A
731 2637 817 2670 1009
843 2635 874 2670 si
899 2634 1073 2670 Botlcius:
1098 2645 1136 2669 se
1161 2635 1203 2675 A,
1228 2645 1296 2669 om.
1324 2633 1358 2668 P
1453 2637 1535 2669 1010
1559 2634 1699 2678 insigne
1722 2636 1759 2669 te
1782 2632 1817 2667 P

222 2693 307 2725 1012
332 2700 383 2735 sq.
410 2690 515 2735 qreyi
539 2689 637 2724 dedit
663 2690 898 2726 Camararius
1022 2691 1298 2726 memorabimus
1322 2691 1371 2725 A:
1401 2691 1678 2726 memorauimus
1703 2688 1783 2732 EV,
1816 2700 1884 2724 om.

219 2746 314 2787 (inde
339 2757 362 2780 a
387 2745 500 2787 futur)
523 2746 553 2780 Β
664 2749 750 2781 1014
774 2747 966 2792 eythynico
984 2747 1026 2790 A,
1050 2750 1086 2783 te
1110 2750 1151 2782 ut
1174 2747 1304 2791 hynico
1322 2746 1357 2781 P
1450 2750 1534 2782 1015
1559 2747 1724 2783 meritam
1746 2746 1884 2781 meritis

218 2800 444 2842 Sclzoellius;
467 2802 518 2846 cf.
537 2803 621 2844 354,
646 2802 707 2838 ubi
729 2813 818 2838 sane
842 2804 885 2838 de
909 2803 1175 2839 constructione
1199 2803 1300 2838 nulla
1324 2802 1499 2839 dubitatio
1525 2807 1578 2839 est
1672 2805 1758 2839 1016
1782 2802 1885 2838 flaxit

218 2857 252 2891 P
342 2857 454 2892 ducat
469 2857 505 2892 P
593 2858 675 2894 uole
698 2858 735 2893 P
