1998 3179
111 84 142 112 Π
154 84 180 118 2,
198 85 283 113 1—31
811 84 1084 121 BACCHIDES
1695 85 1772 122 137

755 198 1138 240 PISTOCLERVS
1685 198 1730 237 Π
1751 201 1774 238 2

114 266 292 306 Mirumst
320 279 383 306 me
412 273 457 306 ut
486 267 642 306 redeam
674 274 711 306 te
742 279 862 318 opere
891 273 1000 306 tanto
1032 278 1233 317 quaesere,

116 334 182 385 qui
213 333 321 373 abire
351 335 444 373 hinc
475 335 583 374 nullo
613 342 727 386 pacto
758 335 917 386 possim,
949 335 980 374 si
1010 334 1145 373 velim:

114 402 166 440 ita
196 414 258 441 me
287 402 466 442 vadatum
497 414 628 441 amore
659 402 912 453 vinctumque
942 402 1104 441 adtines.
1787 403 1842 436 180

114 468 272 510 Came.
321 469 399 508 Pro
430 469 467 508 di
498 470 748 516 immortales,
780 470 1038 509 Pistoclerum
1071 469 1291 520 conspicor.

115 549 137 574 o
168 536 390 585 Pistoclere,
421 537 533 576 salve.
591 536 701 578 PIST.
751 536 873 582 Salve,
905 536 1098 587 Chrysale.

114 603 272 644 cmx-s.
321 603 534 656 Compendi
568 603 681 642 verba
712 603 831 642 multa
862 604 937 642 iam
968 603 1104 642 faciam
1136 603 1217 642 tibi.

112 673 247 711 venire
278 677 320 711 tu
351 683 413 710 me
443 671 608 722 gaudes:
640 683 711 721 ego
744 671 861 710 credo
892 670 983 718 tibi;

113 739 326 790 hospitium
357 745 395 778 et
425 750 561 777 cenam
591 738 790 789 pollicere,
821 744 865 777 ut
894 737 1077 777 convenit
1787 741 1843 774 185

112 818 276 858 peregre
307 806 549 845 advenienti:
581 818 653 857 ego
684 813 813 845 autem
843 812 1053 844 venturum
1084 805 1224 844 adnuo.

113 874 275 913 salutem
307 873 374 913 tibi
405 874 451 913 ab
483 873 605 913 sodali
635 874 794 913 solidam
827 873 985 912 nuntio:

113 941 269 991 rogabis
298 953 361 981 me
393 941 460 981 ubi
491 941 559 981 sit:
591 941 693 980 vivit.
752 942 862 981 PIST.
912 941 1061 991 Nempe
1092 941 1196 978 recte
1226 937 1353 977 valet?

113 1008 272 1050 Cnms.
321 1009 426 1048 Istuc
458 1008 632 1048 volebam
665 1021 737 1059 ego
770 1021 814 1047 ex
846 1015 883 1047 te
914 1007 1196 1059 percontarier.

111 1077 221 1118 P1sT.
251 1076 327 1122 Qui
343 1077 443 1116 scire
461 1075 650 1128 possum?
682 1076 840 1116 CHRYS.
869 1076 1005 1115 Nullus
1021 1075 1121 1126 plus.
1157 1075 1267 1114 PIST.
1289 1073 1507 1119 Quemnam
1525 1073 1571 1112 ad
1587 1071 1844 1112 modum?t90

113 1143 271 1184 CHRYs.
322 1144 421 1190 Quia
452 1144 483 1184 si
514 1144 576 1183 illa
607 1145 764 1183 inventa
797 1150 868 1191 est,
900 1156 1013 1194 quam
1045 1143 1107 1182 ille
1138 1148 1252 1188 amat,
1283 1147 1390 1180 recte
1419 1141 1538 1189 valet;

113 1212 143 1250 si
175 1225 256 1251 non
287 1213 445 1252 inventa
476 1218 544 1260 est,
576 1213 706 1251 minus
735 1212 834 1250 valet
865 1211 1200 1261 moribundusque
1231 1216 1300 1249 est.

113 1279 280 1319 animast
309 1280 431 1319 amica
462 1280 627 1318 amanti:
660 1283 691 1319 si
723 1279 842 1325 abest,
875 1279 1005 1318 nullus
1035 1284 1114 1321 est:

113 1347 145 1386 si
175 1348 294 1394 adest,
325 1360 387 1387 res
417 1348 579 1387 nullast:
612 1347 719 1399 ipsus
749 1353 807 1387 est
836 1369 891 1375 —
922 1359 1091 1398 nequam
1123 1353 1161 1384 et
1191 1346 1320 1384 miser.

112 1415 179 1453 sed
211 1421 253 1453 tu
285 1416 375 1466 quid
406 1416 588 1455 factitasti
618 1415 811 1454 mandatis
840 1413 986 1466 super?
1787 1416 1843 1448 195

112 1482 222 1522 PIST.
271 1482 385 1533 Egon
416 1490 471 1530 ut,
503 1483 607 1534 quod
638 1483 685 1522 ab
717 1483 807 1522 illoc
837 1482 1026 1533 attigisset
1058 1482 1232 1528 nuntius,

115 1562 195 1588 non
227 1550 475 1602 impetratum
507 1551 543 1589 id
575 1550 796 1590 advenienti
828 1550 862 1588 ei
893 1547 1124 1589 redderem?

113 1618 295 1667 regiones
326 1619 456 1657 colere
485 1618 686 1658 mavellem
715 1618 1012 1657 Acherunticas.

113 1685 271 1726 CHRYS.
319 1685 417 1732 Eho,
449 1699 497 1725 an
528 1686 710 1725 invenisti
742 1683 1003 1725 Bacchidem?
1061 1685 1171 1723 PisT.
1222 1682 1388 1722 Samiam
1419 1681 1589 1732 quidem.
1707 1686 1771 1719 199.
1787 1686 1843 1718 200

114 1752 270 1794 Cnms.
322 1753 415 1792 Vide
447 1766 604 1805 quaeSO,
637 1766 686 1793 ne
719 1754 805 1804 quis
831 1759 970 1792 tractet
1000 1752 1101 1791 illam
1132 1750 1362 1801 indiligens;

115 1821 190 1860 scis
220 1827 262 1859 tu
292 1828 336 1860 ut
366 1821 562 1872 confringi
594 1833 657 1860 vas
688 1821 764 1860 cito
798 1821 970 1859 Samium
1000 1819 1110 1858 solet.

112 1888 221 1928 Plszr.
272 1888 403 1928 Iamne
434 1895 477 1928 ut
507 1887 637 1928 soles?
697 1889 855 1929 Cum-s.
908 1888 975 1927 Dic
1007 1887 1073 1926 ubi
1105 1899 1148 1925 ea
1180 1898 1287 1925 nunc
1318 1891 1387 1931 est,
1420 1884 1596 1923 obsecro.

112 1955 222 1996 PIST.
270 1956 356 2003 Hic,
388 1963 595 1996 exeuntem
625 1970 687 1995 me
718 1958 822 1996 unde
853 1956 1035 2007 aspexisti
1066 1955 1194 1993 modo.

114 2023 270 2064 CHRYS.
319 2023 368 2063 Vt
396 2024 497 2064 istnc
528 2030 586 2064 est
617 2025 807 2076 lepidum:
841 2024 1040 2075 proximae
1069 2022 1232 2061 viciniae
1789 2023 1844 2056 205

114 2090 270 2131 habitat.
322 2092 553 2143 ecquidnam
583 2092 762 2131 meminit
792 2089 1048 2131 Mnesilochi?
1107 2091 1217 2130 PIST.
1269 2086 1425 2140 Rogas?

113 2159 230 2197 immo
261 2159 377 2199 unice
406 2171 531 2198 unum
561 2159 716 2211 plurimi
747 2159 894 2211 pendit.
954 2158 1112 2199 CHRYS.
1161 2158 1300 2208 Papae.

113 2225 222 2267 P1sr.
271 2226 394 2266 Immo
425 2233 469 2266 ut
499 2239 583 2266 eam
615 2226 768 2266 credis?
800 2227 940 2266 misera
971 2238 1105 2265 amans
1136 2225 1339 2264 desiderat.

114 2292 270 2335 CHRYs.
320 2294 468 2334 Scitum
498 2295 609 2334 istuc.
671 2295 780 2335 P1sr.
831 2295 966 2341 Immo,
1001 2293 1196 2346 Chrysale,
1228 2304 1288 2332 em
1321 2304 1400 2330 non
1432 2290 1624 2329 tantulum

225 2451 289 2484 178
306 2449 555 2486 PlsmocLERvs
568 2461 798 2486 ADOLESCENS
815 2461 1015 2486 CHRISALVS
1032 2452 1255 2491 (CHRYSALVS
1271 2448 1310 2490 C)
1322 2457 1456 2483 sanvvs
1547 2446 1666 2480 mirun
1683 2447 1718 2480 st
1729 2444 1776 2488 B,

113 2502 196 2539 item
214 2506 298 2539 219.
316 2506 391 2541 335
484 2510 545 2541 182
572 2507 727 2543 chrisale
744 2507 814 2542 BD
840 2510 878 2541 ut
902 2506 1018 2541 solent
1115 2508 1177 2540 184
1194 2507 1234 2540 tu
1252 2515 1319 2539 om.
1337 2503 1389 2538 B¹
1483 2504 1545 2537 189
1562 2503 1777 2547 percuncta-

113 2559 186 2595 rier
209 2560 244 2595 B
338 2566 398 2598 191
425 2566 523 2599 recte
555 2564 653 2599 ualet:
678 2563 852 2599 Bothius:
882 2563 975 2598 uiuit
1007 2565 1105 2598 recte
1136 2564 1172 2597 et
1202 2561 1300 2596 ualet
1331 2560 1396 2601 (uit
1423 2558 1518 2594 uiuit
1542 2558 1614 2599 B1,
1646 2559 1682 2593 et
1707 2567 1776 2592 om.

114 2614 161 2655 D)
254 2620 316 2653 196
332 2618 394 2654 illo
489 2622 552 2654 198
569 2620 722 2655 mauelle
740 2620 858 2655 colere
874 2618 1064 2654 mauellem
1077 2617 1126 2652 B*
1222 2620 1286 2651 200
1305 2615 1356 2661 cf.
1369 2614 1497 2650 Athen.
1510 2614 1566 2655 13,
1581 2613 1653 2648 594
1666 2613 1686 2649 b

115 2672 180 2704 205
203 2673 364 2716 proxime
388 2674 424 2716 C,
450 2673 635 2711 Charisius
651 2677 730 2710 223
837 2678 902 2710 206
927 2677 964 2710 et
987 2674 1073 2719 quid
1096 2683 1179 2708 nam
1285 2672 1421 2716 rogitas
1448 2671 1497 2706 B¹
1607 2673 1670 2705 207
1694 2669 1775 2715 plu-

114 2726 265 2771 rimique
291 2728 473 2766 Charisius
593 2734 657 2767 208
683 2743 774 2776 eum,
799 2743 893 2766 corr.
918 2730 1116 2770 Aciclale'us,
1141 2730 1191 2774 cf.
1221 2729 1321 2764 Caro.
1349 2729 1407 2762 59.
1441 2726 1473 2762 V
1473 2726 1627 2762 alzlenus
1651 2725 1775 2762 Herm.

113 2780 174 2823 24,
201 2784 296 2826 473;
323 2784 454 2820 misera
476 2795 545 2820 am.
571 2786 644 2821 des.
669 2797 742 2821 non
765 2790 994 2832 praeparant
1023 2783 1228 2828 sequentia,
1258 2782 1322 2817 secl
1350 2786 1405 2818 ter
1435 2784 1593 2827 auqetur
1618 2781 1676 2816 vis
1698 2790 1774 2816 ser-

112 2840 226 2875 monis
329 2841 480 2877 miserae
503 2841 567 2884 B2,
591 2842 642 2888 cf.
668 2842 871 2889 Seyffertus
896 2840 989 2876 stud.
1015 2839 1137 2875 Plane.
1165 2840 1188 2873 8
1298 2840 1363 2873 209
1391 2838 1474 2872 hem
