1998 3179
71 90 100 119 11
118 93 146 124 1,
159 90 254 124 38-2,
268 90 301 118 13
771 86 1045 123 MERCATOR
1653 83 1731 120 447

348 216 464 255 quam
495 216 568 255 ego
599 209 804 254 postquam
836 202 982 253 aspexi,
1014 214 1093 240 non
1127 201 1176 240 ita
1209 212 1295 239 amo
1327 206 1370 238 ut
1399 199 1481 238 sani
1513 199 1637 238 solent

347 271 540 318 homines,
571 271 637 310 sed
669 270 805 309 eodem
834 276 948 322 pacto
980 277 1024 308 ut
1053 269 1180 308 insani
1211 268 1352 307 solent.

349 339 472 378 amavi
501 338 633 377 hercle
663 337 843 388 equidem
874 349 947 387 ego
978 336 1068 375 olim
1100 336 1140 375 in
1171 334 1446 380 adulescentia,

349 418 484 445 verum
513 406 558 445 ad
590 405 666 444 hoc
696 404 917 455 exemplum
950 415 1177 455 numquam,
1210 409 1252 442 ut
1282 414 1390 441 nunc
1421 402 1586 440 insanio.
1752 407 1808 440 265

349 485 472 512 unum
503 473 659 524 quidem
690 472 820 511 hercle
852 472 926 510 iam
958 471 1053 516 scio,
1086 471 1248 522 periisse
1278 480 1363 516 me;

346 547 497 580 vosmet
525 540 652 579 videte
682 546 855 578 ceterum
889 538 1023 590 quanti
1057 538 1167 577 siem.

349 620 457 647 nunc
486 607 562 646 hoc
592 607 769 658 profecto
800 606 856 645 sic
885 612 963 645 est:
998 605 1092 644 haec
1121 605 1222 644 illast
1253 616 1390 655 cap1·a;

351 687 483 714 verum
515 674 647 713 hercle
678 673 787 713 simia
818 673 881 712 illa
912 679 1029 724 atque
1059 672 1206 712 haedus
1236 671 1330 710 mihi
1361 670 1503 710 malum

351 741 571 793 adportant,
601 747 716 791 atque
747 753 814 781 eos
845 753 929 779 esse
962 753 1058 790 quos
1090 740 1214 779 dicam
1246 740 1320 779 hau
1353 739 1446 778 scio.
1754 745 1811 778 2¹10

349 810 414 849 sed
447 809 714 856 conticiscam,
747 820 836 847 nam
868 820 1003 847 eccum
1035 808 1064 847 it
1093 808 1242 847 vicinus
1274 808 1391 846 foras.

721 897 1097 938 LYSIMACHVS
1651 896 1697 935 II
1719 898 1743 935 2

351 967 533 1006 Profecto
564 978 637 1017 ego
668 966 790 1005 illunc
820 965 974 1004 hircum
1005 965 1166 1004 castrari
1197 965 1296 1012 volo,

352 1034 432 1073 ruri
464 1033 531 1085 qui
562 1033 670 1072 vohis
701 1033 859 1072 exhibet
890 1033 1104 1084 negotium.

350 1102 467 1142 Dm.
516 1101 596 1141 Nec
628 1113 743 1140 omen
775 1100 868 1140 illud
899 1101 991 1139 mihi
1025 1113 1097 1139 nec
1127 1100 1343 1151 auspicium
1380 1100 1518 1151 placet.

352 1169 461 1220 quasi
491 1169 642 1208 hircum
672 1176 804 1208 metuo
836 1182 886 1207 ne
918 1181 1016 1207 uxor
1045 1181 1107 1207 me
1138 1175 1278 1207 castret
1311 1180 1404 1210 mea.
1758 1173 1815 1205 275

353 1236 485 1287 [atque
515 1236 617 1275 illius
647 1236 743 1275 haec
774 1248 882 1275 nunc
912 1236 1045 1275 simiae
1078 1235 1196 1287 partis
1227 1235 1353 1286 seran]

350 1303 451 1344 LYs.
500 1304 516 1342 Ι
547 1310 588 1342 tu
618 1303 712 1342 hinc
743 1303 789 1342 ad
821 1303 946 1343 villam
977 1311 1093 1354 atque
1124 1304 1218 1342 istos
1249 1310 1396 1342 rastros
1428 1302 1542 1341 vilico

351 1372 457 1411 Pisto
488 1371 561 1423 ipsi
592 1371 706 1410 facito
739 1383 871 1410 coram
903 1377 944 1410 nt
974 1371 1101 1410 tradas
1131 1371 1172 1409 in
1205 1382 1375 1409 manum.

354 1439 465 1478 uxori
497 1439 612 1478 facito
645 1445 687 1478 ut
717 1439 887 1485 nunties,
919 1439 1121 1490 negotium

352 1506 447 1545 mihi
477 1518 561 1546 esse
591 1507 630 1545 in
664 1507 774 1554 urhe,
805 1518 856 1545 ne
886 1518 949 1545 me
981 1513 1201 1557 exspectet;
1234 1518 1322 1544 nam
1354 1506 1448 1544 mihi
1760 1510 1816 1543 280

353 1574 423 1614 tris
452 1574 568 1613 hodie
597 1574 674 1613 litis
704 1574 930 1613 iudicandas
961 1574 1090 1613 dicito.

355 1642 403 1688 ei,
435 1648 474 1681 et
502 1642 578 1681 hoc
608 1649 807 1681 memento
839 1642 982 1680 dicere.

809 1731 1030 1772 SERVVS

924 1799 1122 1850 Numquid
1152 1797 1344 1850 amplius?

355 1867 455 1907 LYs.
477 1867 695 1907 Tantumst.
733 1867 851 1909 DEM.
871 1867 1111 1920 Lysimache,
1127 1867 1240 1906 salve.
1278 1866 1378 1906 LYS.
1399 1866 1522 1918 Euge,
1543 1867 1749 1918 Demipho,

355 1935 511 1974 salveto.
571 1935 662 1986 quid
693 1933 803 1986 agis?
834 1935 925 1986 quid
956 1934 1028 1974 fit?
1085 1935 1202 1975 DEM.
1252 1934 1365 1980 Quod
1397 1935 1662 1975 miserrnmus.

202 2067 267 2100 262
292 2065 393 2100 sanei
418 2067 460 2105 A,
486 2076 573 2110 sano
598 2078 621 2101 α
736 2068 801 2100 263
825 2066 967 2101 insanei
991 2070 1052 2101 Aa
1167 2069 1233 2101 264
1256 2067 1419 2112 equidem
1443 2067 1563 2103 hercle
1588 2068 1651 2103 Aa
1660 2081 1675 2109 ;
1698 2068 1749 2113 cf.

88 2120 267 2156 Luclzsius
290 2120 412 2157 Herm.
437 2123 494 2163 13,
518 2123 595 2158 499
710 2125 774 2157 266
798 2122 997 2167 periei[sse]
1022 2125 1052 2157 A
1169 2125 1246 2158 266.
1277 2126 1340 2158 267
1371 2127 1456 2169 post
1479 2134 1509 2158 v.
1526 2124 1605 2158 269
1625 2124 1752 2170 posuit

88 2176 246 2212 Botkius
353 2180 418 2212 268
442 2180 520 2224 seit:
543 2181 574 2214 A
679 2181 754 2214 269.
780 2181 844 2214 2ῑο
869 2179 922 2214 sic
945 2180 975 2213 A
1001 2178 1113 2221 (mfihi
1136 2178 1293 2224 manum,
1317 2180 1498 2226 supplevit
1522 2179 1751 2220 Ritsolzelz'us,

90 2238 123 2268 et
140 2233 310 2278 deicam);
336 2234 373 2269 in
390 2233 425 2268 P
439 2246 533 2270 unus
549 2245 672 2271 versus
688 2235 752 2270 sed
768 2235 872 2270 simia
894 2235 958 2270 illa
981 2238 1090 2279 atque
1113 2235 1228 2270 hedus
1252 2236 1359 2272 timeo
1385 2236 1470 2281 quid
1496 2236 1620 2279 uelint,
1645 2246 1751 2280 quem

90 2289 274 2325 vindicare
295 2290 415 2325 studet
439 2290 598 2326 Baierus
621 2291 644 2325 l.
669 2301 699 2326 s.
725 2291 797 2326 133
912 2294 974 2326 271
1010 2292 1074 2326 sed
1107 2292 1349 2327 conticescam
1377 2292 1518 2334 (-iscam
1544 2292 1579 2326 B
1603 2302 1683 2326 cum
1708 2293 1752 2335 A)

91 2345 251 2381 uicinum
283 2356 407 2381 eccum
440 2347 517 2382 exit
546 2346 644 2382 foras
673 2346 725 2389 P,
756 2348 826 2382 nisi
858 2347 958 2393 quod
988 2348 1130 2383 uicinus
1165 2353 1251 2383 ante
1280 2359 1376 2383 corr.
1408 2348 1532 2383 lmbuit
1555 2347 1610 2388 st·
1642 2355 1753 2393 atque

90 2401 311 2437 nominativo
330 2413 424 2448 opus
439 2407 503 2443 est,
529 2404 580 2449 cf.
597 2403 834 2450 Niemeyerus
857 2404 901 2438 de
915 2403 972 2439 Pl.
997 2404 1076 2447 sab.
1100 2414 1172 2439 rec.
1197 2404 1297 2450 dupl.
1319 2406 1352 2445 6,
1378 2403 1542 2439 Bacchius
1565 2404 1603 2438 in
1622 2403 1751 2440 Stude-

91 2457 214 2492 mundi
237 2458 332 2493 stud.
357 2460 396 2500 2,
413 2460 493 2495 407
602 2462 667 2494 272
690 2470 925 2496 LYSIMACHVS
948 2471 1115 2496 omno
1141 2463 1183 2503 A,
1207 2471 1386 2495 DEmPHo.
1423 2471 1654 2496 msmAcztvs.
1692 2471 1750 2495 sn-

90 2513 224 2548 mzs·11·
251 2517 293 2556 (s.
317 2515 371 2550 Π»
394 2526 462 2549 om.
481 2515 528 2557 D)
552 2526 733 2551 Lommvs
757 2520 919 2558 (nonum
935 2516 982 2559 D)
1005 2528 1055 2552 Dv
1078 2521 1160 2558 (om.
1180 2518 1225 2559 B)
1251 2517 1286 2551 P
1376 2519 1441 2551 272
1465 2517 1580 2551 ircum
1596 2515 1665 2551 ΑΡ

93 2571 157 2603 273
182 2570 306 2613 uobeis
329 2571 374 2613 A,
397 2571 502 2608 nobis
527 2571 579 2613 P,·
601 2572 814 2617 adloquitur
836 2573 972 2608 scilicet
995 2584 1136 2609 servum
1160 2584 1245 2608 rure
1269 2573 1415 2608 missum
1524 2575 1587 2607 275
1612 2572 1752 2608 hircum

94 2625 172 2660 AC:
194 2635 318 2670 yrcum
335 2626 378 2670 D,
401 2627 440 2662 id
457 2638 562 2672 quom
579 2629 614 2669 (ι’.
631 2639 660 2663 e.
676 2629 828 2674 irquom,
851 2629 900 2674 cf.
917 2630 1000 2672 575)
1016 2632 1050 2665 B
1115 2639 1172 2664 me
1188 2640 1280 2665 uxor
1296 2631 1327 2664 A
1420 2632 1485 2663 276
1509 2638 1553 2664 ac
1569 2631 1689 2664 metuo
1706 2639 1753 2664 ne

94 2681 198 2716 illaec
223 2681 347 2718 simiae
368 2683 483 2728 partis
507 2683 601 2720 ferat
617 2686 648 2719 A
742 2696 879 2720 versum
904 2685 1159 2731 interpolatum
1184 2695 1260 2720 esse
1282 2685 1439 2721 ostendit
1455 2683 1672 2720 Ricschelius
1689 2696 1749 2731 op.

94 2739 132 2778 2,
155 2737 227 2772 703
242 2748 295 2784 sq.
381 2741 445 2774 278
471 2743 512 2776 ut
528 2743 673 2783 codam]
690 2742 722 2776 A
807 2743 869 2777 281
895 2741 1013 2776 leiteis
1029 2745 1064 2776 et
1080 2741 1226 2786 deicit[0
1242 2743 1274 2776 A
1359 2743 1423 2776 282
1448 2741 1482 2775 ei
1498 2744 1535 2777 et
1551 2741 1627 2783 (fiet
1645 2740 1751 2784 (κβ.-

94 2793 108 2828 i
133 2795 168 2829 et
191 2795 222 2829 A
312 2794 402 2840 fort.
429 2795 551 2831 dicere
573 2797 643 2833 hoc
666 2800 844 2833 memento
936 2799 1001 2832 283
1033 2796 1078 2832 D.
1111 2808 1178 2833 om.
1204 2800 1234 2832 A
1328 2808 1441 2842 eugae
1463 2799 1495 2832 A
1588 2801 1653 2833 284
1679 2799 1751 2834 sal-

96 2859 164 2886 ueo
191 2849 226 2884 P
315 2851 399 2896 quid
422 2851 488 2887 fit?
512 2852 598 2897 quid
621 2853 722 2899 agis?
747 2852 907 2888 Bollu’us
