2018 3183
227 64 308 103 328
972 63 1155 99 PLAVTI
1650 64 1694 93 1v
1712 66 1892 100 1,1e—2‚u

227 180 472 220 confidentes
502 180 728 231 garrulique
759 186 797 218 et
826 179 1004 218 malevoli
1035 190 1177 230 supera
1207 178 1349 225 lacum,

228 249 294 300 qui
325 248 435 288 alteri
466 248 512 287 de
545 247 667 286 nihilo
698 247 882 286 audacter
910 246 1047 285 dicunt
1076 246 1354 285 contumeliam

227 323 266 356 et
296 316 362 367 qui
394 316 467 367 ipsi
497 321 557 354 sat
586 314 733 353 habent
763 314 867 365 quod
897 314 937 353 in
969 326 1011 353 56
1042 314 1166 365 possit
1196 326 1285 353 vere
1315 314 1448 353 dicier.

227 383 300 423 sub
332 383 541 430 veteribus,
573 381 627 421 ibi
656 388 750 421 sunt
781 382 847 433 qui
878 382 971 420 dant
1002 382 1148 432 quique
1180 381 1379 433 accipiunt
1410 382 1582 420 faenore.
1904 387 1962 421 480

228 464 333 503 pone
363 452 497 490 aedem
529 450 710 497 Castoris,
741 449 794 489 ibi
825 455 919 489 sunt
948 448 1079 489 subito
1113 449 1255 500 quibus
1285 449 1421 488 credas
1453 448 1564 488 male.

227 520 267 558 in
300 519 428 558 Tusco
460 518 558 565 vico,
590 517 643 557 ibi
674 524 768 557 sunt
797 517 976 556 homines
1008 516 1073 568 qui
1104 516 1177 568 ipsi
1209 529 1294 556 sese
1324 517 1538 561 venditant,

228 586 283 639 [in
315 586 482 626 Velabro
515 586 572 625 vel
601 586 790 638 pistorem
821 586 880 624 vel
910 585 1057 624 lanium
1089 584 1148 623 vel
1178 584 1443 636 haruspicem]

225 654 286 693 vel
317 654 383 705 qui
414 654 489 706 ipsi
518 660 679 694 vorsant
706 654 767 693 vel
797 654 864 705 qui
895 653 979 692 aliis
1009 653 1074 692 ubi
1106 660 1315 692 vorsentur
1346 653 1572 704 praebeant.

227 721 331 774 [ditis
361 722 570 762 damnosos
600 723 759 762 maritos
789 722 891 774 apud
923 720 1155 761 Leucadiam
1189 721 1384 773 Oppiam]
1906 725 1964 758 485

227 791 294 829 sed
325 790 482 829 interim
514 792 617 830 sores
648 802 860 842 crepuere:
891 789 1048 839 linguae
1081 789 1364 828 moderandum
1396 794 1454 828 est
1483 788 1588 827 1111111.
1622 811 1672 816 —

913 880 1204 920 CVRCVLIO
1784 877 1847 917 IV
1869 878 1893 916 2

229 949 245 988 Ι
276 951 319 987 tu
349 961 456 1000 prae,
488 949 616 999 virgo:
652 952 732 987 11011
765 960 866 999 queo
901 948 1005 999 quod
1038 951 1141 999 pone
1171 960 1233 986 me
1265 954 1323 986 est
1353 949 1519 986 servare.

229 1023 268 1055 et
298 1028 437 1055 aurum
469 1022 507 1055 et
538 1022 682 1056 vestem
714 1028 870 1055 omnem
901 1028 1010 1055 suam
1041 1028 1126 1055 esse
1157 1015 1284 1054 aiebat
1314 1027 1430 1066 quam
1460 1015 1556 1054 haec
1587 1013 1761 1053 haberet.

907 1106 1219 1146 CAPPADOX

227 1174 350 1214 Nemo
382 1174 412 1213 it
439 1174 595 1213 infitias.
655 1174 784 1214 Cvnc.
836 1175 883 1212 At
914 1181 1042 1213 tamen
1077 1173 1348 1213 meliusculum
1381 1179 1440 1211 est
1470 1184 1645 1210 monere.

985 1264 1137 1304 LYCO

228 1332 426 1371 Memento
458 1331 685 1384 promisisse
716 1338 764 1379 te,
797 1332 828 1371 si
860 1332 1065 1383 quisquam
1097 1332 1199 1370 hanc
1229 1330 1379 1370 liberali
1908 1336 1966 1370 490

229 1412 345 1440 causa
375 1412 497 1439 manu
526 1406 731 1446 assereret,
762 1400 856 1438 mihi
888 1412 1005 1439 omne
1036 1407 1242 1450 argentum
1274 1399 1469 1438 redditum
1500 1398 1558 1445 iri,

229 1467 355 1506 minas
384 1467 558 1518 triginta.
618 1466 746 1508 CAPP.
798 1467 1030 1514 Meminero,
1062 1468 1109 1506 (16
1140 1467 1239 1506 istoc
1270 1467 1425 1518 quietus
1456 1472 1552 1505 esto.

228 1542 266 1574 et
298 1548 404 1574 nuuc
436 1536 536 1574 idem
569 1535 668 1574 (1160.
728 1535 856 1576 Ome.
908 1535 956 1574 Et
995 1535 1152 1586 quidem
1195 1534 1418 1573 meminisse
1456 1546 1527 1586 ego
1562 1534 1656 1572 haec
1686 1532 1811 1572 volam
1844 1538 1895 1571 te.

227 1603 356 1644 CAPP.
406 1603 578 1651 Memini,
601 1610 639 1642 et
660 1604 870 1654 mancupio
893 1603 963 1642 tibi
981 1603 1094 1642 dabo.
1145 1603 1272 1643 Ovi-tc.
1314 1602 1425 1654 Egon
1449 1602 1494 1640 ab
1517 1602 1662 1641 lenone
1685 1601 1895 1652 quicquam

227 1672 438 1722 mancupio
469 1671 669 1723 accipiam,
702 1671 845 1722 quibus
875 1672 935 1711 sui
968 1671 1063 1710 nihil
1095 1678 1152 1710 est
1183 1671 1256 1710 nisi
1288 1683 1367 1709 una
1398 1670 1543 1721 lingua,
1909 1675 1966 1707 495

226 1740 294 1790 qui
325 1739 506 1778 abiurant
535 1740 567 1779 si
598 1740 691 1791 quid
723 1739 916 1779 creditum
948 1737 1034 1778 est?
1065 1738 1214 1778 alienos
1245 1738 1503 1790 mancupafis,

226 1807 376 1847 alienos
407 1820 527 1847 manu
558 1807 735 1847 emittitis
766 1807 983 1857 alienisque
1015 1806 1227 1858 imperatis,

227 1887 301 1915 nec
330 1875 440 1915 vobis
471 1883 609 1915 auctor
638 1875 742 1915 ullus
773 1881 832 1915 est
863 1887 938 1914 1166
969 1881 1118 1914 vosmet
1147 1874 1239 1914 estis
1269 1874 1349 1913 ulli.

226 1943 319 1982 item
349 1954 476 1993 genus
506 1949 565 1982 est
594 1943 798 1982 lenonium
829 1942 933 1981 inter
962 1941 1144 1981 homines
1173 1953 1260 1980 meo
1292 1940 1449 1992 quidem
1479 1941 1610 1979 animo

227 2017 270 2049 ut
299 2023 468 2057 muscae,
500 2011 657 2058 culices,
690 2011 846 2050 cimices
877 2010 1075 2062 pedesque
1106 2009 1354 2061 pulicesque:
1910 2013 1968 2046 500

339 2157 403 2188 477
431 2153 636 2189 confitentis
663 2154 698 2189 B
790 2164 902 2198 supra
1015 2157 1081 2188 479
1114 2154 1153 2188 in
1183 2164 1238 2189 se:
1271 2154 1349 2198 ipse
1384 2150 1453 2187 VE
1565 2154 1631 2187 480
1663 2151 1725 2187 ubi
1750 2150 1786 2186 B
1814 2156 1900 2188 ante

225 2220 319 2244 corr.
412 2213 478 2244 483
504 2221 533 2246 v.
558 2221 594 2256 p.
614 2211 693 2245 327
781 2213 848 2245 484
872 2212 1032 2254 uortant,
1058 2220 1152 2245 corr.
1178 2210 1325 2255 Lipsius
1417 2209 1479 2244 alii
1504 2208 1778 2252 subuersentur,
1803 2219 1897 2244 corr.

234 2265 266 2301 V
267 2265 428 2311 ssz‘nqius
444 2268 498 2307 (ut
514 2266 674 2312 Lipsius)
751 2277 845 2311 quae
866 2267 914 2301 sit
930 2266 1090 2301 vorsatc'o
1107 2276 1181 2300 non
1198 2269 1354 2311 apparet
1424 2265 1626 2310 praebeant
1648 2265 1900 2301 coniunctivus

225 2321 270 2356 ab
301 2321 534 2358 antecedente
557 2327 737 2357 attractus
852 2324 917 2356 485
946 2320 1174 2356 Camerarius
1199 2321 1367 2367 Scaliqer
1390 2320 1587 2356 Lambinus
1613 2325 1829 2357 notaverunt

225 2380 289 2412 487
308 2388 519 2413 PARASITVS.
549 2389 657 2413 mmo.
690 2389 906 2414 TBAPRZITA.
936 2388 1117 2413 Lossnuvs
1133 2389 1276 2413 MVLOER
1291 2378 1336 2420 B,
1354 2378 1502 2412 nomina
1519 2378 1590 2411 triu
1605 2377 1744 2412 addunt
1764 2377 1795 2411 V
1796 2376 1833 2412 E

226 2445 313 2479 prot:v
346 2434 377 2468 V
379 2433 415 2468 E
423 2461 431 2478 ,
454 2445 522 2480 pro
547 2446 568 2470 6
592 2434 662 2476 Β“,
686 2445 751 2480 pro
778 2435 822 2469 de
847 2435 894 2470 B²
986 2437 1050 2468 488
1076 2445 1182 2478 quam
1210 2433 1485 2470 Taubmannus:
1510 2434 1676 2478 cuiquam
1768 2435 1834 2468 489
1859 2436 1899 2469 at

224 2501 276 2535 sq.
302 2489 444 2536 Lyconi
477 2490 686 2525 tribuuntur
801 2493 866 2525 490
892 2501 980 2535 quas
1013 2501 1120 2535 quam
1152 2490 1182 2523 V
1185 2489 1220 2524 E
1309 2493 1371 2526 491
1400 2500 1538 2525 omnem
1571 2489 1601 2523 V
1604 2488 1639 2524 E
1726 2488 1796 2533 firi,
1821 2489 1844 2524 i.
1868 2500 1897 2524 e.

224 2546 292 2582 eiri
383 2549 449 2582 493
475 2551 511 2582 et
527 2547 669 2592 quidem
685 2546 888 2582 meminisse
904 2545 945 2581 L.
956 2560 966 2578 .·
991 2549 1028 2581 et
1044 2546 1326 2581 commeminisse
1419 2546 1468 2591 cf.
1486 2544 1699 2591 Kaempfius
1722 2545 1767 2581 de
1783 2556 1896 2592 pron.

218 2613 318 2648 pers.
344 2604 399 2637 22
410 2614 464 2648 sq.
580 2605 644 2637 495
671 2603 866 2647 occipiam,
898 2613 991 2637 corr.
1015 2601 1106 2637 Pius
1198 2603 1374 2637 transitus
1405 2613 1428 2636 α
1451 2601 1634 2647 sinqulari
1658 2602 1695 2636 in
1713 2600 1898 2648 pluralem

227 2659 347 2703 qualis
370 2658 448 2694 Mil.
469 2660 555 2701 894,
571 2659 646 2694 993
659 2670 725 2705 sq„
753 2659 850 2694 Triu.
865 2659 1019 2704 237sq„
1047 2658 1177 2695 Catull.
1194 2659 1402 2704 64,144sq.
1475 2660 1540 2693 496
1565 2657 1659 2702 siqui
1750 2668 1897 2693 mancu-

225 2714 342 2759 patis:
367 2715 397 2750 ti
419 2715 443 2750 i.
468 2726 542 2750 ras.
569 2716 593 2749 3
618 2715 685 2750 litt.
713 2715 766 2757 B,
789 2718 1026 2759 mancupates
1061 2714 1100 2756 V,
1125 2718 1364 2760 mancupatos
1389 2713 1427 2748 E
1527 2717 1591 2748 497
1618 2714 1773 2758 mittitis,
1799 2725 1896 2749 corr.

226 2769 520 2816 Kampmamms,
552 2772 602 2816 cf.
629 2771 786 2807 Brixius
814 2771 863 2806 ad
888 2771 990 2816 Capc.
1016 2772 1095 2806 408
1113 2783 1153 2817 p.
1171 2772 1240 2806 101
1333 2773 1397 2806 498
1423 2770 1536 2806 ullust
1628 2773 1693 2805 499
1717 2773 1774 2806 est
1795 2770 1898 2806 leno-

226 2826 325 2861 nium
349 2838 417 2861 om.
442 2827 571 2862 Festus
594 2828 671 2862 210
788 2830 852 2862 500
879 2828 1024 2863 cimices
1049 2828 1196 2862 Festus:
1221 2838 1289 2862 om.
