1998 3179
122 79 169 108 tv
184 80 211 114 4,
224 80 327 108 :ie-eo
821 78 1092 115 MERCATOR
1697 81 1779 118 467

124 206 266 245 nempe
295 206 358 233 me
386 194 480 233 hinc
509 193 616 233 abire
645 193 714 233 vis.
772 193 872 234 LYs.
921 194 1018 233 Volo
1048 194 1221 245 inquam.
1281 193 1377 234 Coc.
1427 193 1619 233 Abibitur.

123 261 346 301 drachmam
376 261 479 301 dato.
537 261 638 302 LYs.
687 261 865 301 Dabitur.
924 261 1021 302 Coc.
1071 261 1161 300 Dari
1192 274 1286 313 ergo
1317 262 1369 301 sis
1398 261 1500 302 iube.

122 329 205 368 dari
234 332 364 380 potest
393 329 542 368 interea
572 328 663 367 dum
694 328 748 367 illi
778 334 946 380 ponunt.
1005 328 1105 369 LYs.
1155 328 1259 374 Quin
1291 328 1404 368 abis?

120 397 257 448 potine
286 402 330 436 ut
359 395 546 435 molestus
576 407 626 434 ne
657 394 739 435 sis?
798 395 895 436 Coc.
945 396 1055 446 Agite
1085 397 1269 447 apponite

122 463 330 504 obsonium
360 464 460 503 istuc
490 468 581 501 ante
611 462 731 513 pedes
761 463 816 502 illi
845 462 942 502 seni.

119 531 216 569 haec
244 542 331 570 vasa
361 536 427 569 aut
455 542 547 568 mox
576 535 643 568 aut
673 542 757 568 cras
787 529 933 569 iubebo
964 530 1032 570 abs
1062 536 1100 569 te
1131 530 1211 581 peti

119 597 342 648 sequimini.
373 620 428 625 —
457 596 557 636 LYs.
607 595 788 636 Fortasse
819 602 858 636 te
887 597 997 636 illum
1026 597 1160 636 mirari
1191 609 1372 648 coquom,

120 664 224 715 quod
253 664 360 703 venit
389 670 505 714 atque
535 663 630 702 haec
659 663 798 702 attulit.
859 663 983 703 dicam
1014 664 1108 715 quid
1139 670 1209 703 est.

116 731 227 772 Don.
277 732 365 771 Non
396 730 520 769 miror
548 730 580 769 si
612 730 703 780 quid
734 729 864 768 damni
895 731 989 770 facis
1019 737 1084 770 aut
1114 731 1247 782 flagiti.

120 810 194 837 nec
224 798 291 850 pol
321 809 393 849 ego
422 797 559 849 patiar,
590 797 646 836 sic
676 809 737 836 me
769 803 930 850 nuptam
960 804 1039 837 tam
1069 798 1169 837 male

117 877 302 916 measque
333 865 374 904 in
405 864 510 904 aedis
540 864 596 904 sic
626 870 755 904 scorta
786 864 1045 904 obductarier.

119 933 226 985 Syra,
258 933 282 980 i,
313 938 449 984 rogato
482 944 611 971 meum
643 938 793 983 patrem
823 933 952 972 verbis
982 933 1090 980 meis,

117 1006 160 1039 ut
187 1000 316 1039 veniat
345 1000 390 1039 ad
421 1012 484 1039 me
515 999 591 1038 iam
622 999 737 1039 simul
766 1006 909 1038 tecum.
940 1023 995 1028 —
1053 1000 1153 1040 SYR.
1202 1000 1273 1039 Eo.
1304 1023 1358 1029 —

115 1067 216 1108 LYS.
265 1067 402 1107 Nescis
434 1067 567 1119 negoti
598 1067 691 1118 quid
722 1067 785 1115 sit,
816 1080 927 1115 uxor,
960 1067 1136 1107 obsecro.

116 1135 319 1187 conceptis
349 1133 478 1173 verbis
509 1134 584 1173 iam
615 1134 887 1173 iusiurandum
918 1134 1032 1181 dabo,

116 1215 177 1242 me
209 1214 423 1254 numquam
456 1202 662 1253 quicquam
695 1214 784 1241 cum
815 1202 878 1241 illa
910 1226 962 1231 -—
993 1203 1122 1242 iamne
1152 1202 1247 1241 abiit
1277 1201 1403 1255 Syra?

114 1270 213 1321 perii
242 1270 386 1310 hercle.
447 1282 538 1309 ecce
569 1276 698 1309 autem
729 1271 823 1309 haec
853 1270 957 1309 abiit.
1015 1283 1082 1309 vae
1113 1271 1255 1310 misero
1286 1271 1392 1310 mihi.

115 1344 153 1376 at
182 1343 232 1385 te,
264 1338 400 1382 vicine,
432 1337 470 1376 di
500 1338 672 1389 deaeque
702 1337 899 1389 perduint,

114 1416 204 1443 cum
234 1411 301 1443 tua
331 1407 452 1444 amica
483 1417 651 1456 cumque
683 1405 953 1445 amationibus.

114 1472 338 1523 suspicione
369 1472 540 1523 implevit
570 1484 632 1511 me
663 1472 945 1524 indignissime,

115 1539 282 1578 concivit
311 1540 434 1579 hostis
465 1539 591 1578 domi:
622 1543 722 1578 uxor
751 1546 1004 1578 acerrumast.

113 1605 178 1645 ibo
210 1607 257 1646 ad
288 1607 418 1646 forum
449 1612 564 1657 atque
594 1606 690 1646 haec
721 1607 957 1658 Demiphoni
988 1607 1162 1658 eloquar,

113 1685 175 1712 me
206 1674 330 1713 istanc
361 1674 498 1725 capillo
531 1680 823 1725 protracturum
854 1687 938 1714 esse
970 1675 1010 1714 in
1043 1676 1156 1721 viam,

116 1741 189 1781 nisi
219 1742 313 1780 hinc
343 1741 500 1780 abducit
531 1754 608 1792 quo
639 1742 718 1781 volt
750 1755 796 1781 ex
826 1743 932 1781 hisce
964 1742 1137 1782 aedibus.

112 1821 226 1855 uxor,
256 1810 354 1848 heus
384 1821 495 1856 uxor,
528 1821 762 1860 quamquam
794 1816 836 1849 tu
867 1810 963 1848 irata
996 1823 1037 1849 es
1067 1810 1173 1857 mihi,

227 1987 290 2018 776
315 1985 392 2019 ueis
409 1985 441 2020 A
535 1988 597 2019 777
617 1985 813 2020 drachman
831 1985 876 2027 B,
895 1986 1079 2030 dragmam
1099 1986 1158 2022 CD
1251 1988 1377 2032 da[rei]
1396 1995 1430 2024 et
1447 1991 1530 2032 se[is
1547 1990 1578 2024 A
1670 1990 1775 2035 <iam>

111 2040 191 2074 dari
207 2039 438 2082 Ritsclzelius,
463 2040 588 2086 (quin)
606 2041 800 2077 Nordenus
816 2052 904 2076 mus.
923 2041 1036 2077 Rhen.
1052 2044 1112 2084 49,
1126 2044 1208 2077 206
1302 2047 1366 2079 778
1385 2046 1485 2080 darei
1500 2051 1534 2080 et
1550 2046 1637 2088 ill[ei
1653 2048 1684 2080 A

110 2095 202 2130 m’ln'l
225 2095 283 2131 hio
305 2099 358 2130 est
380 2096 418 2130 in
443 2107 514 2142 quo
539 2096 759 2133 haerendum
789 2099 846 2133 sit.
895 2109 922 2132 v.
946 2099 991 2132 76
998 2100 1019 2133 7
1039 2110 1116 2134 cum
1142 2110 1260 2145 coquo
1284 2111 1398 2137 senex
1427 2101 1554 2137 leniter
1583 2113 1692 2147 agere
1720 2103 1775 2137 in-

110 2151 208 2197 cipit.
253 2151 285 2185 is
308 2152 468 2187 mercede
484 2153 672 2198 promissa
696 2164 726 2188 v.
748 2153 816 2187 773
832 2153 1033 2189 abeundum
1058 2167 1134 2191 esse
1156 2157 1232 2191 suis
1247 2158 1404 2199 nuntiat,
1427 2158 1490 2192 sed
1504 2169 1622 2193 senem
1639 2170 1774 2195 vexare

108 2206 268 2242 nondum
285 2207 426 2250 desinit,
451 2209 604 2254 denique
621 2210 822 2244 auctarium
841 2211 964 2255 poscit
1056 2215 1120 2246 779
1138 2213 1209 2248 seis
1225 2213 1258 2247 A
1350 2216 1411 2248 781
1432 2216 1636 2260 haequassa
1651 2216 1683 2250 A

110 2266 174 2298 782
199 2264 410 2308 sequiminei
438 2265 489 2305 A,
522 2265 736 2310 sequiminin
762 2264 844 2306 CD,·
874 2265 918 2300 cle
947 2277 1116 2302 mensura
1149 2268 1200 2313 cf.
1234 2268 1371 2305 Bacch.
1388 2271 1492 2305 1205
1524 2271 1600 2307 Cas,
1625 2273 1699 2306 165
1721 2272 1771 2313 (in

107 2321 319 2366 anapaestz's
343 2320 502 2365 quidem)
596 2332 724 2366 coqum
747 2322 779 2356 A
874 2325 937 2357 783
963 2323 1049 2367 quid
1074 2326 1129 2359 est
1153 2323 1204 2358 P:
1228 2325 1266 2359 id
1291 2326 1377 2370 quid
1401 2330 1457 2362 est
1480 2329 1512 2362 A
1628 2330 1692 2362 784
1717 2328 1769 2363 sei

107 2380 142 2410 et
165 2376 309 2410 damnei
325 2378 357 2411 A
452 2379 515 2412 785
541 2377 615 2412 seic
632 2379 663 2412 A
757 2379 820 2412 786
845 2378 965 2413 aedeis
986 2379 1059 2414 seic
1076 2380 1107 2413 A
1202 2383 1264 2415 787
1291 2382 1324 2417 ei
1342 2382 1377 2417 B
1401 2383 1425 2424 (i
1449 2383 1557 2426 ΑΘΒ)
1627 2384 1769 2419 uerbeis

104 2432 215 2467 meeis
232 2434 282 2467 A:
300 2431 422 2468 uerbIS
439 2433 527 2468 meis
545 2444 587 2468 sY
603 2434 659 2469 Eo
677 2433 712 2467 B
728 2435 784 2475 (SY
800 2433 856 2469 Eo
874 2445 941 2468 om.
959 2446 987 2470 v.
1011 2437 1109 2476 788),
1126 2437 1214 2471 meis
1231 2438 1352 2473 uerbis
1373 2438 1432 2474 CD
1526 2442 1588 2474 788
1607 2440 1721 2475 semul
1737 2439 1772 2474 P

105 2489 192 2528 (non
203 2488 236 2522 A
252 2492 293 2523 ut
304 2488 402 2531 υἱώ),
420 2489 541 2524 simitu
555 2489 784 2530 Ritsclzelius,
799 2490 849 2534 cf.
867 2491 962 2532 847,·
978 2492 1014 2527 S.
1031 2492 1117 2527 licet
1134 2492 1297 2528 Baebius
1305 2506 1345 2540 p.
1360 2497 1442 2530 206
1454 2495 1574 2538 (Most.
1591 2496 1680 2537 930)

105 2545 171 2578 789
187 2544 328 2579 nesceis
341 2545 372 2579 A
467 2547 530 2580 790
557 2543 762 2591 concepteis
781 2547 924 2582 uerbeis
942 2548 972 2582 A
991 2549 1031 2582 in
1050 2547 1131 2584 lzoc
1156 2560 1187 2584 v.
1212 2549 1426 2585 desinens
1518 2555 1581 2587 793
1598 2551 1770 2597 perdiunt

107 2598 136 2634 0
157 2599 182 2641 (i
205 2610 232 2634 s.
250 2603 294 2642 v.)
320 2599 371 2641 D,
395 2601 553 2645 perdunt
577 2601 613 2636 B
707 2607 770 2638 795
797 2604 1058 2648 suspitionibus
1084 2604 1139 2646 B,
1165 2606 1413 2651 suspicionum
1438 2608 1575 2652 Dousa,
1601 2610 1651 2654 cf.
1683 2610 1767 2645 Bri-

103 2655 190 2690 ,νίας
208 2655 257 2690 ad
272 2655 366 2691 Men.
384 2657 466 2691 901.
493 2658 586 2702 fort.
603 2659 808 2704 suspicione
823 2671 893 2705 pro
911 2660 1144 2705 suspicionis;
1163 2672 1192 2697 v.
1212 2663 1260 2696 ad
1278 2664 1369 2705 880,
1387 2663 1495 2698 Poen.
1515 2666 1593 2700 701.
1606 2667 1709 2701 1290

105 2712 171 2744 796
194 2710 316 2746 hostes
347 2711 446 2746 domi
475 2713 606 2749 habere
640 2715 881 2750 tristissimum
890 2729 902 2756 ,·
927 2720 960 2750 et
984 2727 1101 2760 uxor,
1131 2718 1164 2751 si
1194 2717 1307 2754 hostis
1330 2724 1400 2761 est,
1433 2722 1611 2757 acerrima
1641 2723 1764 2759 hostis.

102 2765 241 2801 hiatum
265 2767 330 2812 (cf.
359 2768 446 2811 845)
470 2771 661 2805 removerit
684 2771 780 2806 domi
803 2771 902 2816 (mi),
934 2771 986 2815 cf.
1011 2771 1231 2808 Ritsclzelius
1345 2779 1409 2811 797
1434 2776 1650 2823 Demiphoni
1673 2780 1764 2815 haec

103 2821 263 2868 Pylades
379 2826 443 2859 798
468 2824 561 2860 istac
586 2826 716 2870 capillo
740 2829 990 2873 protacturum
1016 2828 1050 2863 B
1143 2832 1208 2864 799
1237 2831 1316 2866 hisc
1342 2831 1376 2867 B

1427 2891 1497 2924 30*

1790 472 1846 505 780

1788 809 1845 841 785

1789 1135 1846 1168 790

1787 1472 1844 1505 795
