1998 3179
77 96 106 123 v
124 98 150 130 2,
164 97 274 131 101-3,
288 99 305 126 5
752 95 1057 132 MENAECHMI
1662 97 1740 133 417

82 211 300 259 barbatum,
332 210 542 251 tremulum
575 211 801 256 Tithonum,
835 211 901 261 qui
931 211 1035 250 cluet
1066 210 1198 262 Cygno
1230 218 1350 263 patre.

82 277 133 316 ita
165 277 259 316 mihi
289 277 456 328 imperas
486 282 529 315 ut
559 288 632 328 ego
663 276 777 315 huius
807 275 981 314 membra
1012 283 1127 327 atque
1159 289 1245 315 ossa
1275 283 1390 328 atque
1421 284 1529 316 artua
1755 278 1811 312 855

82 341 345 381 comminuam
377 341 442 380 illo
472 341 648 392 scipione
680 352 796 392 quem
827 340 911 392 ipse
943 340 1070 380 habet.
1129 340 1229 382 SEN.
1280 340 1443 380 Dabitur
1473 341 1630 389 malum,

82 419 145 445 me
177 407 333 457 quidem
364 406 395 446 si
425 406 600 457 attigeris
630 411 696 445 aut
725 406 756 444 si
787 405 950 457 propius
981 406 1026 444 ad
1058 418 1119 445 me
1150 406 1373 446 accesseris.

84 471 200 511 ΜΕΝ.
251 470 404 510 Faciam
425 470 529 521 quod
551 469 683 519 iubes;
715 470 884 509 securim
906 471 1053 522 capiam
1076 470 1299 522 ancipitem,
1330 478 1446 522 atque
1472 472 1577 511 hunc
1608 484 1743 512 senem

85 548 171 575 osse
203 536 271 575 fini
302 535 491 575 dedolabo
522 535 719 574 assulatim
750 535 911 574 viscera.

84 600 183 641 SEN.
232 599 349 640 Enim
378 611 470 639 vero
500 599 592 638 illud
623 599 984 650 praecavendumst‚
1016 605 1132 650 atque
1163 600 1464 640 adcurandumst
1498 601 1611 649 mihi;
1756 609 1813 642 86⁴)

83 677 177 704 sane
207 677 279 717 ego
311 664 418 703 illum
449 670 594 709 metuo,
625 669 668 702 ut
698 664 881 711 minatur,
914 676 965 703 ne
996 664 1089 715 quid
1120 664 1218 704 male
1249 666 1340 704 faxit
1371 666 1477 705 mihi.

83 729 200 770 ΜΕΝ.
249 729 367 769 Multa
400 729 451 767 mi
482 728 662 780 imperas,
694 728 852 780 Apollo:
887 741 993 768 nunc
1025 742 1147 781 equos
1177 730 1334 770 iunctos
1364 731 1475 770 iubes

85 806 224 846 capere
254 806 316 834 me
347 793 570 840 indomitos,
603 793 755 839 ferocis,
788 800 905 844 atque
937 794 976 833 in
1010 806 1170 833 currum
1201 795 1446 841 inscendere,

84 865 128 898 ut
157 870 230 910 ego
261 859 368 897 hunc
398 865 594 910 proteram
627 857 782 897 leonem
813 858 997 904 vetulum,
1031 859 1213 906 olentem,
1244 861 1484 899 edentulum.

84 924 157 963 iam
189 923 320 963 adstiti
351 923 390 963 in
423 935 596 970 currum,
627 922 702 962 iam
733 923 814 962 lora
845 929 974 972 tene0,
1006 924 1080 962 iam
1111 925 1291 964 stimulus
1322 926 1361 964 in
1395 934 1563 966 manust.
1754 940 1812 974 865

83 990 184 1041 agite
215 989 319 1042 equi,
350 989 506 1028 facitote
535 988 688 1028 sonitus
719 989 956 1040 ungularum
988 998 1184 1041 appareat,

84 1067 202 1094 cursu
232 1054 351 1094 celeri
381 1053 494 1093 facite
524 1054 664 1093 inflexa
695 1054 744 1093 sit
775 1054 918 1106 pedum
950 1055 1173 1104 pernicitas.

85 1121 184 1161 SEN.
234 1119 354 1159 Mihin
387 1119 498 1171 equis
528 1119 673 1158 iunctis
703 1118 884 1158 minare?
945 1120 1063 1160 ΜΕΝ.
1113 1120 1228 1168 Ecce,
1259 1122 1413 1173 Apollo,
1444 1123 1572 1162 denuo

85 1197 147 1224 me
177 1183 288 1224 iubes
318 1185 446 1223 facere
476 1184 665 1235 impetum
696 1184 735 1223 in
768 1196 856 1223 eum
889 1185 956 1236 qui
987 1191 1062 1224 stat
1092 1192 1208 1236 atque
1240 1187 1432 1226 occidere.

85 1250 151 1289 sed
184 1249 273 1300 quis
304 1249 367 1288 hic
398 1254 456 1288 est
486 1249 551 1299 qui
583 1261 645 1288 me
677 1249 816 1300 capillo
848 1250 940 1289 hinc
971 1250 1019 1299 de
1050 1262 1167 1290 curru
1199 1251 1372 1304 deripit?
1776 1274 1812 1304 τ.)

83 1314 292 1366 imperium
322 1320 432 1353 tuom
462 1313 636 1352 demutat
666 1320 783 1366 atque
815 1314 983 1354 edictum
1015 1315 1218 1367 Apollinis.

287 1434 387 1475 SEN.
436 1434 495 1473 Eu
528 1434 658 1473 hercle
689 1434 870 1474 morbum
900 1447 1030 1475 acrem
1061 1449 1105 1475 ac
1136 1437 1278 1477 durum
1303 1452 1324 1475 *
1349 1439 1385 1477 di
1416 1445 1584 1479 vostram
1615 1440 1743 1480 fidem.

288 1499 345 1538 vel
375 1499 438 1538 hic
470 1498 535 1549 qui
567 1498 724 1545 insanit,
757 1511 871 1550 quam
903 1500 1022 1540 valuit
1052 1501 1168 1552 paulo
1199 1503 1326 1553 prius3

288 1564 323 1603 ei
353 1564 566 1615 derepente
597 1569 729 1603 tantus
759 1564 921 1604 morbus
952 1565 1101 1605 incidit.

285 1627 350 1667 ibo
381 1635 497 1679 atque
528 1639 723 1668 accersam
755 1628 949 1668 medicum
980 1630 1055 1669 iam
1087 1638 1277 1682 quantum
1308 1639 1450 1684 potest.
1481 1656 1536 1662 —
1756 1637 1811 1670 875

286 1693 402 1733 ΜΕΝ.
451 1692 585 1732 Iamne
615 1693 677 1732 isti
709 1692 905 1741 abierunt,
937 1707 1095 1746 quaeso,
1129 1709 1174 1735 ex
1205 1704 1421 1749 conspectu
1453 1710 1552 1737 meo.
1655 1700 1696 1739 V
1719 1702 1742 1740 3

287 1758 354 1809 qui
383 1769 444 1797 me
474 1757 510 1796 vi
541 1764 700 1809 cogunt,
732 1764 773 1797 ut
803 1759 949 1798 validus
978 1760 1200 1800 insaniam?

286 1823 377 1873 quid
409 1834 518 1862 cesso
550 1822 657 1862 abire
688 1823 733 1861 ad
768 1835 918 1871 navem,
950 1824 1043 1863 dum
1073 1825 1175 1865 salvo
1206 1825 1325 1866 licet?

285 1898 430 1937 vosque
461 1886 589 1926 omnis
621 1898 779 1938 quaeSO,
810 1888 842 1926 si
872 1901 993 1927 senex
1023 1891 1229 1936 revenerit,
1674 1902 1812 1936 atussa«)

248 1948 332 1991 “-ne
362 1963 424 1990 me
454 1951 633 1990 indicetis
664 1964 740 2003 qua
770 1952 895 2003 platea
927 1953 1019 1992 hinc
1050 1955 1280 2006 aufugerim.
1314 1979 1367 1984 —

198 2053 262 2086 854
286 2051 440 2086 titanum
470 2050 572 2086 codd.
598 2061 678 2085 cum
703 2050 895 2087 Prisciano
919 2053 958 2094 1,
975 2054 1050 2088 216
1072 2054 1111 2088 id
1139 2055 1257 2100 ipsum
1288 2067 1415 2092 nomen
1447 2063 1616 2101 testante,
1649 2071 1742 2096 corr.

82 2107 266 2144 Meursius
356 2107 418 2151 qui
433 2107 531 2142 lucet
555 2106 667 2149 (cluet
682 2106 860 2154 Scaliqem
879 2120 992 2154 cygno
1010 2109 1144 2146 Prisc:
1169 2123 1281 2157 cycno
1298 2117 1513 2158 prognatum
1608 2116 1743 2153 Cucino

82 2163 301 2199 Riese-helius
329 2164 487 2209 scripsit.
532 2163 584 2208 cf.
617 2162 859 2210 Kz’esslinqius
890 2165 964 2201 ind.
1000 2164 1136 2213 Gryplz.
1161 2169 1343 2214 1881s82,
1366 2171 1415 2205 10
1542 2175 1606 2207 855
1638 2176 1745 2209 artua

83 2223 261 2255 testantur
289 2217 405 2254 Prisc.
431 2221 462 2261 1,
479 2221 578 2260 262,
609 2219 751 2255 Nonius
773 2222 840 2256 191
871 2224 985 2264 (artus
1012 2222 1046 2258 B
1075 2235 1125 2259 eo:
1156 2229 1267 2268 corr.)
1381 2229 1445 2262 858
1470 2229 1589 2264 securi
1682 2240 1744 2265 cu·

84 2276 180 2321 piam
200 2275 249 2311 B·
342 2277 407 2310 859
425 2286 505 2311 osse
520 2275 601 2310 fini:
618 2276 690 2311 nisi
707 2276 846 2312 Nonius
867 2279 912 2313 72
1005 2278 1049 2315 de
1065 2282 1334 2317 constructione
1351 2283 1402 2328 cf.
1419 2283 1469 2318 ad
1486 2284 1586 2331 Capt.
1605 2287 1684 2320 232

86 2335 151 2368 860
175 2332 339 2368 adcuran
365 2332 518 2374 (adcura
542 2333 600 2374 13¹)
624 2331 709 2367 dum
733 2333 764 2368 si
879 2336 945 2369 864
970 2335 1118 2380 etulum,
1142 2347 1238 2372 corr.
1267 2337 1462 2374 Gulielmus
1566 2341 1742 2387 edentius,

82 2399 176 2424 corr.
202 2387 292 2424 Pius
406 2390 470 2422 865
494 2388 632 2423 adstitu
658 2388 718 2432 0¹,
743 2389 876 2425 adstito
902 2390 954 2426 ΒΞ
1049 2393 1232 2429 stimulum
1347 2397 1411 2430 866
1435 2402 1624 2442 apparent,
1649 2409 1743 2433 corr.

83 2443 300 2480 Ritsckelius
391 2446 454 2479 867
479 2443 630 2480 facitote
648 2444 709 2480 OD
799 2445 946 2491 inflexu,
971 2458 1066 2483 corr.
1083 2448 1207 2484 Dousa
1300 2451 1372 2487 sint
1398 2451 1469 2493 CD,
1494 2456 1579 2488 sunt
1602 2453 1654 2488 B¹

84 2503 148 2536 868
166 2498 396 2536 Menaechmo
413 2501 658 2543 continuatur,
684 2511 778 2537 corr.
798 2502 1028 2538 Camerarius
1117 2516 1265 2541 manare
1282 2507 1397 2543 B1CI)
1488 2519 1575 2544 acce
1594 2509 1654 2545 CD

84 2559 148 2592 871
174 2556 309 2592 dictum
422 2556 599 2601 apollonis
627 2556 707 2598 0D‚·
737 2560 837 2593 tuum
863 2560 1043 2604 Apollinis
1068 2562 1322 2608 coniunqitur‚
1347 2564 1398 2608 cf.
1432 2564 1601 2607 Vossius,
1628 2566 1742 2602 Toub-

83 2622 238 2650 mannus
351 2614 415 2647 872
450 2613 618 2648 lacunam
647 2612 850 2650 Sclzoellius
884 2615 1056 2652 indicavit
1091 2617 1324 2659 (Ritsclzelius
1352 2625 1443 2666 post
1477 2620 1512 2655 Ie.
1537 2626 1580 2663 v.)
1611 2626 1647 2657 et
1677 2623 1744 2657 tali

83 2668 260 2704 sententia
275 2667 476 2714 supplevit:
499 2673 540 2704 ut
556 2670 694 2706 incerta
709 2672 810 2707 salus
833 2676 886 2708 est
901 2672 1083 2708 hominnm
1177 2677 1240 2710 875
1259 2675 1339 2711 eibo
1358 2676 1419 2712 ΟΒ
1508 2678 1743 2714 Menechmus

83 2724 178 2759 idem
207 2722 334 2758 deinde
358 2723 477 2766 BCD,
507 2736 732 2763 MENsscnmvs
764 2739 856 2764 mma
887 2740 1003 2764 smmx
1033 2741 1124 2765 mem
1150 2731 1185 2766 B
1323 2735 1387 2767 878
1417 2738 1587 2780 expectes
1617 2735 1743 2771 ualens

83 2778 267 2821 (Brixius)
379 2786 465 2825 post
488 2780 583 2817 huuc
615 2793 753 2819 versum
785 2786 890 2821 talem
914 2786 1096 2832 supplevit
1119 2786 1358 2824 Riesclzelius:
1387 2789 1527 2826 facesso
1553 2791 1673 2827 hercle
1698 2803 1744 2828 ex

83 2836 140 2871 his
164 2835 280 2870 turbis
303 2835 375 2871 iam
399 2840 569 2881 quantum
593 2842 714 2884 potest
828 2844 887 2877 881
916 2842 954 2877 ni

151 2896 275 2925 Plautus
291 2897 314 2925 Ι.
1428 2905 1469 2935 ‘³7
