1998 3179
98 143 127 169 v
146 143 172 176 1,
191 142 284 175 19-2,
301 141 334 169 24
809 137 1039 176 ASINARIA
1697 136 1751 174 85

97 255 214 296 Dm.
264 255 391 294 Vnum
421 254 528 293 hunc
559 254 659 293 diem
691 260 910 306 perpetere,
942 253 1126 304 quoniam
1158 251 1228 292 tihi
1259 257 1490 303 potestatem
1521 252 1619 299 dedi,

99 334 187 362 cum
218 322 290 362 hac
321 334 468 361 annum
499 327 542 361 ut
571 333 688 369 esses,
720 327 836 372 atque
867 320 1011 360 amanti
1042 319 1191 371 argenti
1222 319 1295 359 feci
1327 319 1492 370 copiam.

97 389 148 429 A.
176 389 246 428 Em
260 389 357 429 istoc
379 401 440 427 me
462 389 563 428 facto
585 387 655 427 tibi
677 387 859 426 devinxti.
898 387 950 428 D.
982 387 1084 433 Quin
1102 392 1139 426 te
1156 399 1250 438 ergo
1266 386 1433 426 hilarum
1450 386 1516 425 das
1531 384 1654 425 mihi?
1682 391 1751 425 849.
1764 392 1822 424 850

769 531 1092 572 ARTEMONA
1665 530 1708 571 V
1729 533 1752 570 2

99 598 170 651 Ain
202 619 243 651 tu
274 623 404 651 meum
433 612 559 650 virum
589 611 652 650 hic
681 616 831 662 potare,
863 611 1038 656 obsecro,
1070 621 1159 648 cum
1187 608 1267 647 filio

98 686 136 718 et
165 679 211 717 ad
242 679 404 718 amicam
433 677 615 717 detulisse
644 677 799 728 argenti
829 677 963 726 viginti
996 676 1120 714 minas

97 758 263 796 meoque
292 745 371 784 filio
402 745 549 784 sciente
580 745 616 783 id
648 745 776 782 facere
806 743 993 795 flagitium
1025 740 1204 793 patrem?

765 842 1083 884 PARASITVS

96 925 232 976 Neque
261 924 379 964 divini
411 936 540 976 neque
569 923 621 963 mi
652 923 813 962 humani
843 923 1004 975 posthac
1034 922 1243 974 quicquam
1273 922 1496 969 accreduas‚

96 994 322 1040 Artemona,
353 992 385 1032 si
415 991 532 1031 huius
561 991 618 1030 rei
648 993 709 1030 me
739 991 970 1030 mendacem
1001 990 1211 1029 inveneris.
1765 999 1821 1032 855

96 1060 202 1101 AR'r.
252 1060 301 1099 At
331 1059 493 1099 scelesta
523 1071 595 1110 ego
624 1064 780 1110 praeter
809 1058 904 1097 alios
933 1070 1063 1097 meum
1095 1058 1221 1096 virum
1251 1066 1277 1098 ÷
1307 1057 1411 1109 frugi
1442 1062 1534 1103 rata,

97 1128 258 1175 siccum,
289 1127 403 1178 frugi,
435 1126 719 1172 continentem,
749 1131 944 1164 amantem
974 1126 1108 1164 uxoris
1137 1137 1330 1164 maxume.

95 1195 200 1236 PAR.
249 1196 298 1234 At
329 1206 436 1233 nunc
465 1194 606 1233 dehinc
636 1193 732 1233 scito
763 1193 870 1232 illum
901 1199 991 1232 ante
1023 1205 1159 1231 omncs
1189 1192 1339 1231 minimi
1368 1191 1573 1230 mortalem
1604 1191 1718 1242 preti,

96 1262 307 1309 madidum,
339 1262 461 1309 nihili,
493 1261 807 1301 incontinentem
837 1267 953 1312 atque
985 1273 1140 1300 osorem
1171 1260 1304 1299 uxoris
1334 1272 1439 1299 suae.

95 1330 203 1370 ΛΒΤ.
253 1329 323 1369 Pol
353 1330 392 1369 ni
425 1330 544 1368 istaec
573 1341 661 1367 vera
693 1335 835 1376 essent,
869 1340 1082 1379 numquam
1114 1329 1259 1367 faceret
1290 1340 1332 1366 ea
1364 1339 1462 1378 quae
1493 1338 1602 1365 nunc
1631 1326 1734 1365 facit.
1765 1337 1822 1369 860

95 1396 200 1437 PAR.
249 1397 332 1449 Ego
357 1409 514 1448 quoque
534 1396 667 1436 hercle
689 1396 797 1435 illum
820 1397 987 1435 antehac
1008 1396 1208 1435 homiuem
1230 1408 1385 1447 semper
1404 1407 1491 1434 sum
1512 1394 1612 1445 frugi
1635 1399 1753 1441 ratus,

97 1477 231 1504 verum
263 1466 338 1504 hoc
368 1466 469 1504 facto
501 1477 585 1504 sese
617 1464 799 1510 ostendit,
832 1464 896 1514 qui
930 1464 1086 1514 quidem
1117 1476 1205 1502 cum
1237 1463 1314 1501 filio

97 1538 207 1584 potet
236 1544 313 1571 una
345 1538 461 1584 atque
491 1544 570 1571 una
600 1532 764 1571 amicam
795 1531 940 1578 ductet,
972 1531 1193 1583 decrepitus
1224 1543 1356 1570 senex.

95 1599 201 1640 ΛΒΤ.
251 1599 337 1640 Hoc
367 1606 520 1639 ecastor
549 1605 607 1639 est
638 1599 742 1650 quod
773 1599 836 1638 ille
867 1599 896 1638 it
926 1600 971 1638 ad
1003 1611 1141 1638 cenam
1173 1598 1341 1638 cottidie.

97 1668 148 1706 ait
177 1679 261 1707 sese
291 1668 347 1707 ire
378 1668 424 1706 ad
455 1667 744 1714 Archidemum,
777 1667 999 1714 Chaeream,
1031 1666 1358 1713 Chaerestratum‚
1767 1677 1823 1710 865

97 1735 272 1783 Cliniam,
303 1734 520 1782 Chremem,
552 1734 767 1781 Cratinum,
798 1734 962 1781 Diniam,
995 1734 1316 1773 Demosthenem:

96 1802 127 1842 is
157 1803 259 1854 apud
288 1808 464 1842 scortum
495 1802 741 1854 corruptelae
773 1808 832 1841 est
861 1802 1006 1848 liberis,
1037 1802 1168 1841 lustris
1199 1801 1339 1840 studet.

95 1870 198 1910 PAR.
249 1870 352 1916 Quin
383 1876 426 1909 tu
456 1870 567 1909 illum
597 1869 708 1909 iubes
739 1870 898 1909 ancillas
928 1882 1065 1921 rapere
1095 1869 1290 1909 sublimen
1322 1867 1512 1907 domum?

94 1937 201 1978 Am.
223 1937 324 1977 Tace
339 1937 469 1976 modo.
492 1950 543 1977 ne
558 1935 678 1992 (ego)
694 1937 801 1976 illum
819 1943 970 1976 ecastor
985 1937 1172 1976 miserum
1187 1936 1352 1975 habebo.
1382 1936 1427 1976 P.
1449 1936 1531 1987 Ego
1548 1935 1648 1974 istuc
1663 1935 1756 1981 scio,

96 2006 145 2044 ita
179 2006 260 2044 fore
290 2005 343 2044 illi
374 2005 466 2044 dum
496 2005 650 2056 quidem
684 2017 773 2044 cum
803 2004 868 2042 illo
902 2012 1020 2055 nupta
1052 2004 1141 2043 eris.
1200 2003 1307 2044 ART.
1358 2002 1440 2054 Ego
1472 2015 1628 2042 censeo.
1768 2010 1825 2043 870

96 2081 121 2114 -t-
141 2084 230 2111 eum
262 2073 378 2111 etiam
408 2072 607 2111 hominem
638 2072 676 2110 in
710 2078 847 2111 senatu
879 2071 970 2110 dare
1003 2083 1160 2122 operam
1194 2077 1260 2110 aut
1289 2070 1508 2117 clientibus,

95 2139 147 2178 ibi
178 2139 311 2179 labore
341 2139 575 2179 delassatum
605 2145 761 2178 noctem
792 2145 911 2177 totam
943 2144 1128 2177 stertere:

96 2206 160 2246 ille
190 2209 309 2258 opere
331 2207 425 2246 foris
456 2207 633 2246 faciendo
654 2207 778 2246 lassus
810 2212 929 2245 noctu
959 2202 1028 2258 <ad
1060 2204 1146 2255 me>
1176 2205 1352 2252 advenit3

96 2274 261 2313 fundum
292 2275 460 2313 alienum
492 2280 587 2321 arat,
618 2274 811 2313 incultum
842 2273 1069 2312 familiarem
1099 2272 1255 2312 deserit.

209 2443 286 2476 849.
312 2443 378 2476 850
402 2442 483 2476 hem
597 2441 795 2476 deuinxisti
819 2440 1043 2482 (deuiinxisti
1068 2439 1116 2480 Β)
1244 2442 1306 2474 851
1334 2439 1497 2473 Mvmnn.
1533 2447 1749 2472 PARAsmvs.

96 2505 222 2531 smmx.
258 2507 500 2532 monscensi.
531 2508 723 2532 mmmm
749 2495 823 2531 BE
909 2507 1048 2531 mecum
1073 2494 1163 2530 B¹E
1253 2497 1317 2530 855
1342 2505 1398 2530 me
1423 2495 1485 2528 L..·
1508 2505 1564 2529 me
1588 2504 1667 2529 esse

97 2554 161 2587 856
186 2552 240 2589 fui
262 2552 438 2599 Pylades,
455 2554 586 2600 pocius
608 2553 758 2588 fueram.
784 2554 836 2597 cf.
864 2554 932 2588 861
1071 2545 1134 2586 857
1160 2551 1243 2586 item
1268 2551 1409 2586 Nonius
1434 2551 1508 2585 394
1598 2550 1648 2594 cf.
1674 2549 1758 2584 Rib-

96 2607 239 2644 beckius
263 2609 285 2643 l.
305 2619 334 2644 s.
363 2609 411 2644 66
547 2611 612 2644 859
642 2610 724 2644 item
748 2608 962 2644 Priscianus
985 2609 1016 2649 1,
1043 2609 1118 2643 560
1149 2607 1263 2650 (nihil)
1401 2610 1464 2641 860
1498 2606 1568 2641 ista
1597 2616 1686 2640 uera
1711 2605 1758 2647 B,

96 2674 184 2700 uera.
206 2664 277 2700 ista
301 2664 381 2708 DE,
406 2676 499 2700 corr.
526 2665 565 2699 F.
591 2664 811 2700 Schmidtz'us
917 2667 983 2699 863
1004 2675 1112 2699 unam
1136 2666 1244 2708 atque
1269 2673 1376 2699 unam
1401 2663 1543 2698 Nonius
1565 2663 1624 2704 13,
1649 2672 1756 2697 unam

96 2723 204 2765 atque
227 2731 300 2756 una
324 2721 369 2763 D,
395 2732 467 2757 una
490 2724 599 2766 atque
623 2732 731 2756 unam
756 2721 792 2756 E
919 2723 984 2755 864
1011 2720 1180 2766 parasito
1207 2720 1442 2755 continuatur
1567 2722 1632 2754 866
1658 2719 1757 2753 chre·

95 2787 176 2812 men
200 2775 235 2812 E
368 2777 493 2813 dinian
518 2777 600 2820 BD,
627 2777 772 2812 cliniam
798 2776 834 2811 E
975 2777 1206 2811 demostenen
1345 2778 1406 2810 867
1434 2778 1488 2811 est
1512 2774 1696 2820 Scaliqer:
1721 2776 1760 2809 et:

96 2832 214 2875 codd.‚
238 2832 378 2868 Nonius
395 2833 469 2868 333
598 2836 662 2869 868
688 2833 873 2869 sublimem
974 2836 1037 2867 869
1061 2833 1161 2877 (ego)
1184 2831 1438 2867 Fleckeisenus
1530 2834 1593 2866 871
1621 2832 1758 2870 conieci

97 2899 174 2924 sum
198 2889 306 2924 etiam
329 2889 455 2932 (rata)
478 2890 656 2924 hominem
749 2892 813 2924 873
838 2889 906 2933 <ad
930 2889 1008 2934 me>
1031 2887 1285 2923 Fleckeisenus
