2018 3183
872 856 1205 890 ARGVMENTVM
1242 856 1276 888 ll

565 978 780 1019 Mercatum
809 984 961 1017 asotum
992 976 1115 1016 filium
1146 975 1317 1014 extrudit
1347 981 1469 1027 pater.

567 1047 599 1087 is
629 1058 794 1099 peregre
824 1045 967 1085 missus
998 1044 1154 1084 redimit
1184 1043 1364 1083 ancillam
1393 1043 1559 1095 hospitis

566 1126 699 1154 amore
730 1120 879 1166 eaptus,
909 1113 1074 1153 advehit.
1135 1124 1230 1152 nave
1261 1111 1380 1159 exilit,

569 1189 681 1234 pater
710 1181 873 1229 advolat,
904 1178 1011 1234 <vix>
1039 1181 1159 1220 visam
1189 1179 1371 1219 ancillam
1400 1179 1563 1231 deperit.

569 1251 680 1290 cuius
710 1250 761 1289 sit
791 1255 1070 1302 percontatur;
1099 1260 1232 1288 servos
1263 1248 1517 1300 pedisequam
1916 1244 1954 1282 ‘5

569 1318 617 1357 ab
649 1317 898 1357 adulescente
929 1316 1042 1356 matri
1070 1314 1170 1371 (ait)
1201 1322 1371 1368 emptam
1402 1315 1536 1368 ipsius.

573 1398 707 1435 senex,
738 1385 813 1426 sibi
843 1385 1102 1437 prospiciens,
1134 1392 1177 1425 ut
1206 1385 1330 1424 amico
1361 1397 1433 1424 suo

569 1455 722 1494 veniret
753 1460 888 1493 natum
920 1453 1070 1501 orabat,
1102 1460 1218 1493 natus
1249 1459 1292 1492 ut
1320 1465 1413 1492 suo:

571 1523 635 1562 hic
665 1522 789 1562 filium
820 1521 1045 1561 subdiderat
1075 1521 1205 1566 vicini,
1237 1527 1348 1573 pater

568 1590 763 1638 vicinum3
796 1596 1090 1642 praemercatur
1119 1589 1299 1629 ancillam
1330 1601 1463 1628 senex.
1936 1587 1975 1622 10

569 1671 653 1698 eam
686 1658 790 1697 domi
821 1656 1107 1710 deprehensam
1137 1657 1311 1697 coniunx
1342 1656 1445 1696 illius

570 1726 686 1766 vicini
717 1731 894 1765 scortum
924 1725 1137 1773 insimulat,
1167 1725 1335 1777 protelat
1363 1724 1504 1764 virum.

573 1800 769 1833 mercator
799 1806 918 1847 expes
947 1794 1072 1846 patria
1104 1794 1240 1845 fugere
1271 1792 1452 1839 destinat,

570 1861 804 1915 prohibetur
833 1874 853 1901 a
884 1862 1027 1910 sodale,
1058 1862 1125 1913 qui
1156 1867 1307 1913 patrem
1338 1860 1441 1900 illius

572 1937 655 1970 orat
686 1942 776 1970 cum
806 1943 879 1970 suo
909 1936 1031 1983 patre,
1064 1935 1154 1969 nato
1186 1935 1230 1969 ut
1258 1929 1424 1968 cederet.
1455 1937 1480 1968 ÷
1942 1930 1979 1964 15

357 2064 614 2090 ARGVMENTVM
642 2052 723 2095 BD,
747 2064 817 2088 om.
838 2052 867 2088 C
957 2056 970 2086 1
1000 2052 1182 2088 adsotium
1200 2051 1246 2094 B,
1270 2062 1294 2087 a
1317 2061 1355 2087 se
1380 2051 1465 2086 dum
1484 2049 1555 2091 CD,
1580 2061 1677 2086 corr.
1695 2049 1914 2086 Ritsolzelius

248 2113 267 2145 2
292 2110 422 2146 missus
447 2109 673 2146 Beroaldus:
697 2109 792 2145 milis
908 2108 1081 2154 hospitis:
1106 2108 1230 2144 militis
1257 2108 1291 2143 B
1406 2109 1425 2141 3
1452 2109 1493 2142 ut
1516 2106 1636 2151 uehit,
1661 2117 1757 2142 corr.
1783 2103 1914 2141 Guliel-

245 2167 337 2202 mius
428 2169 450 2202 4
473 2165 641 2212 supplevi
733 2169 751 2200 5
769 2166 1031 2211 percunctatur
1123 2165 1221 2200 serui
1240 2164 1274 2199 B
1366 2167 1386 2199 6
1411 2163 1680 2200 adulescentem
1696 2163 1727 2196 B
1818 2161 1915 2206 (ait)

246 2222 424 2270 Pylades,
466 2222 655 2268 Vsse'nqz'us
793 2225 812 2257 S
838 2221 963 2257 uenire
995 2221 1031 2256 B
1173 2225 1210 2256 10
1236 2221 1379 2256 uicinus
1509 2218 1811 2265 promereaturB

248 2283 286 2314 11
309 2280 441 2315 coniux
459 2279 494 2315 B
588 2281 626 2314 13
646 2290 787 2325 expers,
809 2289 903 2314 corr.
923 2277 1130 2313 Saracenas
1225 2281 1265 2312 14
1282 2277 1475 2323 prohibere
1570 2280 1609 2312 15
1636 2275 1774 2312 cederit
1790 2274 1826 2310 B

246 2335 336 2380 fort.
355 2336 659 2381 ced<atmu1i>ere
752 2335 893 2371 addunt
915 2345 1055 2370 versum
1080 2334 1182 2370 codd.
1208 2333 1321 2369 hunc:
1346 2334 1496 2370 absente
1522 2344 1603 2369 cum
1626 2333 1756 2368 lenone
1778 2330 1916 2376 perfido

247 2392 296 2428 ad
319 2392 422 2428 aliud
445 2392 606 2429 videlicet
631 2396 881 2438 armamentum
902 2392 1143 2438 pertinentem
