2018 3183
244 97 324 134 240
981 95 1164 130 PLAVTI
1719 95 1785 128 115,
1804 96 1906 124 13—39

243 213 343 252 LYs.
394 212 495 257 Quid
527 211 617 261 agit,
650 210 742 260 quid
774 209 948 260 loquitur
976 206 1137 247 tecum?
1197 207 1273 247 OL.
1324 208 1430 254 Orat,
1463 209 1654 257 obsecrat,

243 293 293 319 ne
326 280 502 319 Casinam
535 289 695 316 uxorem
727 277 878 315 ducam.
938 276 1038 315 LYs.
1089 275 1188 319 Quid
1221 282 1262 314 tu
1295 275 1455 326 postea?

242 348 318 388 OL.
368 346 508 397 Negavi
542 345 647 383 enim
678 344 751 395 ipsi
782 356 844 382 me
875 355 1156 382 concessurum
1188 342 1279 390 lovi,

242 415 272 453 si
305 415 336 453 is
367 426 519 452 mecum
553 419 696 451 oraret.
755 411 855 451 LYs.
907 411 951 450 Di
981 417 1019 450 te
1050 410 1261 450 servassint
1291 410 1397 449 mihi.

242 481 317 522 OL.
367 481 482 520 Nunc
512 480 551 518 in
584 480 778 519 fermento
810 485 940 525 totast‚
972 478 1022 516 ita
1053 484 1185 528 turget
1214 478 1321 516 mihi.

240 549 340 589 LYs.
394 547 476 599 Ego
509 547 648 599 edepol
678 547 780 586 illam
813 547 978 585 mediam
1010 546 1206 597 diruptam
1236 545 1362 584 velim.

241 617 317 658 OL.
369 616 493 655 Credo
525 615 664 667 edepol
695 627 790 662 esse,
822 615 1013 665 siquidem
1045 621 1088 652 tu
1120 614 1222 664 frugi
1253 613 1380 652 bonae
1411 625 1465 653 es.

241 697 375 724 verum
407 683 546 736 edepol
575 689 640 722 tua
672 683 765 722 mihi
797 683 928 722 odiosa
959 689 1017 721 est
1046 681 1208 720 amatio:

242 753 399 792 inimica
431 758 488 792 est
517 759 583 791 tua
614 763 713 790 uxor
742 751 849 797 mihi,
883 750 1065 789 inimicus
1097 749 1211 795 filius,

241 821 390 860 inimici
420 819 641 859 familiares.
701 819 800 859 Lxs.
851 818 952 864 Quid
984 818 1022 856 id
1053 818 1174 856 refert
1203 815 1297 855 tua?

241 901 345 928 unus
374 887 445 926 tibi
475 887 538 926 hic
569 887 659 926 dum
691 886 885 937 propitius
917 886 965 924 sit
996 885 1183 936 Iuppiter,

240 964 282 995 tu
313 957 407 996 istos
437 956 609 994 minutos
640 966 730 993 cave
761 953 854 992 deos
885 953 996 991 flocci
1028 952 1181 991 feceris.

241 1024 316 1064 OL.
366 1024 500 1074 Nugae
530 1029 624 1062 sunt
653 1022 747 1061 istae
779 1033 955 1072 magnae.
988 1020 1097 1071 quasi
1129 1027 1169 1058 tu
1204 1019 1365 1065 nescias,

241 1098 405 1143 repente
437 1097 479 1130 ut
510 1090 753 1129 emoriantur
783 1089 944 1127 humani
976 1088 1097 1126 Ioves.

241 1159 458 1211 responde:
492 1158 523 1197 si
553 1165 594 1196 tu
626 1157 803 1208 Iuppiter
832 1156 884 1195 sis
914 1161 1103 1202 mortuos,

242 1239 330 1266 cum
362 1227 408 1265 ad
439 1227 532 1265 deos
563 1225 726 1264 minoris
757 1224 916 1263 redierit
947 1235 1116 1274 regnum
1146 1228 1269 1266 tuom,

242 1295 329 1345 quis
360 1294 454 1333 mihi
486 1293 691 1332 subveniet
720 1298 831 1343 tergo
863 1299 927 1330 aut
959 1291 1075 1341 capiti
1107 1296 1172 1329 aut
1203 1286 1414 1328 cruribus?

240 1363 340 1402 LYs.
392 1362 591 1413 Opinione
622 1360 760 1399 melius
790 1372 853 1399 res
883 1359 954 1398 tibi
985 1358 1125 1397 habeat
1155 1364 1233 1404 tua,

241 1432 272 1469 si
305 1432 378 1469 hoc
409 1430 677 1481 impetramus,
709 1434 751 1466 ut
781 1440 854 1478 ego
886 1440 974 1467 cum
1007 1427 1145 1466 Casina
1176 1424 1331 1465 cubem.

241 1499 317 1539 01..
361 1498 448 1538 Non
481 1497 610 1536 hercle
642 1496 785 1548 opinor
814 1508 941 1548 posse,
973 1495 1023 1534 ita
1057 1507 1154 1533 uxor
1184 1495 1325 1533 acriter

241 1574 306 1606 tua
338 1567 466 1613 instat,
500 1578 549 1604 ne
579 1565 672 1604 mihi
704 1565 828 1603 detur.
887 1564 987 1604 LYs.
1038 1564 1087 1602 At
1117 1575 1188 1613 ego
1219 1562 1275 1601 sic
1305 1573 1434 1613 agam:

241 1635 433 1674 coniciam
465 1633 581 1673 sortis
612 1633 651 1672 in
683 1632 846 1672 sitellam
878 1639 916 1671 et
945 1632 1086 1671 sortiar

242 1703 312 1742 tibi
344 1709 382 1742 et
412 1702 585 1741 Chalino.
616 1704 668 1740 ita
699 1713 781 1740 rem
813 1707 944 1739 natam
974 1698 1180 1750 intellego:

243 1783 447 1810 necessum
480 1776 539 1809 est
568 1769 690 1808 vorsis
720 1768 856 1820 gladiis
885 1766 1161 1819 depugnarier.

241 1839 317 1879 OL.
367 1838 467 1884 Quid
498 1837 530 1877 si
560 1850 645 1877 sors
676 1837 787 1876 aliter
817 1849 933 1887 quam
964 1835 1068 1875 voles
1100 1831 1303 1873 evenerit?

240 1907 341 1948 LYs.
391 1906 499 1946 Bene
529 1905 626 1945 dice.
658 1905 715 1944 dis
746 1917 833 1944 sum
863 1905 998 1950 fretus,
1030 1904 1124 1942 deos
1153 1901 1411 1954 sperabimus.

242 1975 317 2015 OL.
368 1975 454 2014 Non
488 1986 560 2025 ego
591 1972 691 2012 istud
723 1972 883 2011 verbum
917 1971 1080 2023 empsim
1112 1969 1344 2017 tittibilicio;

355 2130 416 2162 321
445 2127 498 2162 ait
529 2126 598 2162 VE
687 2130 807 2162 tecum
831 2126 992 2171 loquitur
1017 2124 1176 2170 Pylades
1184 2139 1197 2167 ;
1220 2128 1341 2161 tecum
1363 2123 1472 2159 etiam
1495 2122 1546 2157 ad
1568 2122 1644 2166 agit
1662 2122 1821 2168 pertinet

242 2187 307 2219 322
333 2183 468 2219 casiam
487 2183 538 2218 B¹
652 2185 717 2218 323
735 2183 814 2228 ipse
830 2182 865 2217 B
872 2185 880 2203 ¹
997 2185 1062 2217 326
1079 2183 1210 2228 edepol
1233 2193 1298 2226 ego
1413 2182 1476 2215 327
1502 2178 1593 2214 velle
1617 2178 1822 2225 Seyffcrtus

243 2244 308 2276 332
325 2240 482 2276 munitos
508 2239 578 2275 VE
667 2242 731 2274 334
750 2241 906 2274 humane
927 2239 976 2273 B*
1067 2241 1133 2274 335
1157 2239 1338 2283 responde
1354 2237 1415 2272 L„-
1438 2236 1502 2271 sed
1517 2235 1681 2280 tandem3
1706 2236 1756 2279 cf.
1775 2235 1912 2272 Bacch.

243 2299 316 2333 816
332 2297 392 2333 all.
486 2297 620 2342 iupiter
637 2296 672 2331 B
764 2298 960 2339 emortuus,
978 2306 1070 2330 corr.
1088 2295 1278 2330 Acidalius
1363 2295 1426 2328 337
1445 2291 1665 2328 subueniens
1751 2294 1816 2327 338
1834 2292 1913 2336 opi-

241 2355 385 2390 nionem
409 2353 499 2398 eius,
524 2364 620 2388 corr.
638 2352 847 2387 Saracenas
959 2351 1072 2386 habet
1091 2351 1330 2392 Camerarius,
1353 2349 1418 2384 sed
1439 2349 1570 2393 futuro
1594 2352 1660 2383 aut
1682 2347 1912 2384 coniunctivo

242 2421 335 2457 opus
351 2415 425 2452 est;
449 2410 500 2455 cf.
517 2409 643 2445 Herm.
660 2411 720 2450 18,
739 2410 812 2444 584
906 2411 967 2443 341
987 2409 1104 2443 instar
1128 2407 1171 2449 V,
1195 2408 1286 2442 istar
1304 2405 1348 2448 Ε,
1372 2405 1509 2440 instare
1528 2407 1567 2438 ut
1582 2403 1651 2439 vid.
1669 2403 1721 2439 B¹
1811 2404 1848 2440 S.
1864 2405 1914 2439 At

243 2467 295 2502 B:
320 2468 384 2503 Sat
410 2466 476 2501 VE
566 2469 631 2501 342
650 2465 820 2501 conitiam
913 2467 978 2500 343
995 2467 1116 2500 natam
1133 2462 1262 2509 (esse)
1280 2462 1507 2499 Camerarius
1599 2462 1665 2495 344
1688 2470 1843 2496 necessu
1871 2461 1913 2503 B,

242 2534 390 2559 necesse
415 2527 470 2559 est
493 2522 606 2558 versis
631 2522 760 2567 gladiis
776 2521 1013 2567 repugnarier
1030 2520 1142 2556 sclzol.
1169 2520 1276 2566 Verq.
1293 2529 1418 2565 qeorq.
1437 2518 1472 2559 3,
1493 2518 1574 2551 222
1667 2518 1733 2552 346
1751 2517 1912 2561 speraui-

242 2591 321 2616 mus
346 2581 410 2626 (cf.
436 2582 534 2622 352),
560 2581 642 2615 item
666 2579 778 2614 schol.
803 2579 891 2614 Aen.
916 2579 949 2620 1,
976 2578 1048 2612 543
1151 2579 1215 2611 347
1242 2575 1383 2610 Paulus
1408 2575 1484 2609 366
1507 2584 1536 2608 s·
1561 2572 1813 2609 tittibssicium:
1839 2583 1914 2609 non

242 2648 308 2681 ego
332 2637 432 2672 istud
456 2637 609 2672 uerbum
633 2636 747 2681 empsi
771 2646 851 2670 cum
875 2634 1120 2680 (empsiculem
1147 2632 1186 2668 0.
1213 2632 1424 2675 Muellerus)
1448 2630 1663 2674 tittibili0103
1688 2630 1739 2675 cf.
1756 2630 1914 2676 Fulqen·

242 2694 315 2728 tias
341 2695 416 2728 562
441 2694 498 2735 (14
515 2693 572 2736 L.)
595 2703 669 2728 non
694 2703 759 2736 ego
783 2693 852 2727 hoc
876 2692 1024 2728 verbum
1048 2691 1117 2726 emi
1141 2689 1358 2725 textiuilicio
1453 2687 1548 2723 istuc
1581 2686 1614 2722 V
1701 2685 1840 2722 emisim
1871 2684 1914 2728 V,

243 2750 411 2785 emissum
428 2749 512 2792 BE,
528 2760 623 2785 corr.
640 2748 848 2789 Acidalius‚·
870 2748 962 2792 fort.
980 2747 1129 2792 empsim
1145 2744 1263 2790 (uno)
1353 2744 1400 2780 tit
1429 2746 1484 2785 (ut
1510 2742 1558 2785 E,
1583 2753 1651 2778 om.
1679 2742 1725 2786 Β)
1747 2742 1816 2778 tibi
1839 2745 1914 2778 sta-

243 2806 339 2850 liti03
376 2806 427 2851 cf.
460 2805 709 2841 Bueclzelcrus
738 2805 776 2839 in
809 2803 1013 2849 Woelfflini
1043 2802 1143 2838 arch.
1171 2804 1210 2844 2,
1237 2802 1323 2843 119,
1356 2801 1394 2835 in
1418 2799 1549 2836 tittibi-
1586 2798 1691 2835 codd.
1715 2802 1751 2834 et
1774 2797 1915 2834 Paulus

242 2862 310 2900 (ed.
331 2862 406 2905 le.)
427 2862 640 2909 conspirare
662 2861 829 2897 videntur

1918 488 1974 520 325

1918 814 1974 846 330

1919 1150 1975 1183 335

1920 1488 1977 1521 340

1921 1827 1977 1859 325

2001 2822 2018 3183 ΗΨ-’ὓσ-ο-ςα-
2011 2671 2018 2814 -η-ιῌ-
2015 2639 2018 2663 -*
