1998 3179
107 101 136 129 Π
149 102 175 136 2,
194 103 289 136 99-3,
308 102 342 129 16
843 100 1035 136 CAPTIVI
1683 100 1763 137 195

108 229 158 255 ne
187 227 358 263 vereare,
390 227 477 254 meo
508 215 656 267 periclo
686 216 803 255 huius
835 227 907 266 ego
938 215 1118 267 experiar
1146 215 1277 262 fidem,

105 283 228 322 fretus
258 283 417 334 ingenio
450 283 545 329 eius,
577 283 681 333 quod
712 295 773 322 me
803 285 887 322 esse
918 283 990 322 scit
1020 295 1110 334 erga
1141 296 1183 322 se
1213 283 1457 322 benevolum.
1772 290 1830 321 350

103 350 217 390 ΗΕΘ.
259 350 406 389 Mittam
429 350 608 401 equidem
640 350 769 389 istunc
790 355 1048 389 aestumatum
1078 356 1143 389 tua
1174 351 1262 398 fide,
1293 350 1325 390 si
1353 350 1420 389 vis.
1468 350 1605 390 TYND.
1646 350 1761 398 Volo;

104 430 219 468 quam
252 417 436 456 citissime
466 422 606 468 potest,
638 422 716 456 tam
746 417 821 456 hoc
852 418 990 456 cedere
1020 417 1065 455 ad
1097 419 1241 456 sactum
1272 418 1371 456 volo.

104 484 217 524 ΗΕΘ.
267 485 368 523 Num
399 496 498 535 quae
530 496 645 523 causa
676 490 735 523 est
764 484 882 534 quin,
914 484 945 523 si
976 484 1038 522 ille
1069 484 1147 523 huc
1178 497 1259 523 non
1291 485 1441 532 redeat,
1471 484 1606 536 viginti
1635 485 1762 524 minas

102 553 195 591 mihi
217 552 286 592 des
308 564 380 603 pro
402 550 498 591 illo?
545 552 682 591 Tmo.
725 551 892 602 Optuma
914 551 1045 590 immo.
1095 551 1210 591 Hm.
1251 552 1394 591 Solvite
1424 553 1540 592 istum
1562 553 1759 601 nunciam,

101 626 216 671 atque
246 625 470 670 utrumque.
529 618 666 657 TYND.
718 618 763 656 Di
793 618 862 656 tibi
893 618 1020 657 omnis
1050 618 1181 657 omnia
1212 624 1341 670 optata
1379 620 1558 667 offerant,
1772 628 1828 660 355

102 699 190 726 cum
221 699 283 725 me
313 692 422 725 tanto
453 685 607 724 honore
637 685 821 724 honestas
852 697 1019 736 cumque
1051 697 1098 724 ex
1128 685 1266 724 vinclis
1299 686 1446 725 eximis.

99 755 173 793 hoc
205 754 360 806 quidem
392 752 493 791 haud
525 752 781 800 molestumst,
813 753 886 791 iam
919 752 1023 803 quod
1056 753 1179 792 collus
1210 753 1343 792 collari
1371 759 1489 793 caret.

98 821 212 861 Hm.
264 819 379 866 Quod
410 819 525 859 honis
555 819 658 858 bene
688 821 730 859 fit
759 820 1009 867 beneficium,
1041 820 1161 871 gratia
1194 832 1237 859 ea
1269 821 1423 872 gravida
1455 827 1513 860 est
1542 821 1670 861 bonis.

98 901 206 927 nunc
235 894 276 926 tu
309 887 418 926 illum
449 887 482 926 si
511 886 577 926 illo
609 899 650 926 es
681 887 885 935 missurus,
917 887 1002 926 dice
1033 893 1209 927 monstra
1240 889 1423 940 praecipe

97 968 195 1007 quae
227 955 274 994 ad
304 961 456 1007 patrem
487 954 542 994 vis
572 955 758 994 nuntiari.
803 955 868 994 vin
898 967 1032 994 vocem
1063 955 1141 995 huc
1171 956 1217 995 ad
1246 955 1314 995 te?
1371 956 1508 997 TYND.
1560 956 1673 995 Voca.
1770 965 1827 997 360

297 1079 412 1118 HEG.
463 1078 570 1125 Quae
599 1091 662 1118 res
692 1078 794 1117 bene
824 1084 950 1118 vortat
978 1078 1073 1118 mihi
1104 1092 1273 1130 meoque
1305 1079 1384 1119 filio
1665 1035 1710 1074 Π
1733 1036 1757 1074 3

295 1146 497 1198 vobisque,
529 1147 607 1186 volt
636 1153 674 1185 te
705 1159 828 1186 novos
859 1158 950 1186 erus
981 1158 1141 1198 operam
1171 1147 1262 1186 dare

297 1220 365 1253 tuo
396 1214 517 1253 veteri
549 1214 722 1262 domino,
754 1213 859 1265 quod
891 1214 922 1253 is
951 1214 1052 1259 velit,
1083 1214 1262 1254 fideliter.

297 1293 388 1320 nam
420 1294 492 1333 ego
524 1287 561 1320 te
592 1287 851 1320 aestumatum
879 1281 970 1320 huic
1002 1281 1088 1321 dedi
1121 1282 1256 1333 viginti
1285 1282 1416 1329 minis,

296 1349 361 1387 hic
390 1354 520 1387 autem
550 1350 587 1387 te
618 1349 671 1387 ait
699 1349 855 1387 mittere
886 1349 978 1387 hinc
1007 1348 1105 1387 velle
1136 1349 1181 1388 ad
1214 1355 1378 1400 patrem,
1767 1370 1824 1403 365

296 1428 426 1455 meum
458 1422 502 1455 ut
531 1415 609 1455 illic
639 1415 803 1454 redimat
831 1415 968 1463 filium,
998 1416 1163 1455 mutatio

294 1483 399 1522 inter
428 1495 490 1522 me
520 1488 636 1534 atque
666 1483 776 1522 illum
806 1489 849 1521 ut
880 1484 1025 1522 nostris
1055 1484 1121 1522 fiat
1150 1483 1250 1523 filiis.

293 1550 416 1590 PHIL.
467 1550 642 1602 Vtroque
671 1563 829 1590 vorsum
858 1556 1049 1590 rectumst
1079 1550 1283 1602 ingenium
1312 1562 1456 1598 meum,

293 1619 339 1657 ad
368 1625 406 1657 te
437 1624 554 1669 atque
585 1618 632 1657 ad
662 1618 795 1667 illum3
826 1630 899 1670 pro
930 1624 1016 1657 rota
1046 1631 1109 1658 me
1140 1618 1196 1657 uti
1226 1618 1337 1657 licet:

292 1685 353 1724 vel
384 1698 456 1737 ego
487 1686 564 1725 huc
595 1686 654 1725 vel
684 1686 777 1725 illuc
806 1692 951 1734 vortar‚
987 1698 1065 1737 quo
1096 1685 1349 1738 imperabitis.
1766 1708 1822 1740 370

292 1753 408 1793 Hm.
457 1753 557 1793 Tute
588 1754 657 1792 tibi
688 1759 826 1805 tuopte
856 1753 1017 1805 ingenio
1047 1754 1190 1805 prodes
1220 1754 1459 1806 plurumum,

293 1833 382 1860 cum
413 1822 639 1861 servitutem
671 1825 722 1860 ita
754 1823 833 1861 fers
862 1828 906 1860 ut
935 1822 1028 1861 ferri
1060 1822 1186 1861 decet.

293 1901 471 1940 sequere.
532 1901 594 1928 em
625 1889 695 1928 tibi
726 1890 939 1928 hominem.
997 1890 1136 1929 TYND.
1188 1889 1359 1929 Gratiam
1387 1889 1513 1930 habeo
1544 1889 1626 1937 tibi,

293 1969 413 2007 quom
444 1957 596 2009 copiam
628 1957 740 1996 istam
772 1957 823 1995 mi
855 1962 892 1996 et
922 1962 1153 2009 potestatem
1186 1957 1290 2005 facis,

293 2030 336 2063 ut
366 2035 438 2073 ego
470 2023 517 2062 ad
548 2030 731 2075 parentes
761 2024 867 2063 hunc
898 2024 1092 2063 remittam
1123 2025 1321 2072 nuntium,
1765 2034 1820 2066 375

292 2091 358 2142 qui
391 2104 453 2131 me
485 2092 577 2143 quid
607 2104 740 2131 rerum
772 2092 834 2131 hic
865 2092 1007 2142 agitem
1039 2098 1078 2131 et
1108 2092 1199 2143 quid
1231 2093 1316 2131 fieri
1346 2092 1460 2132 velim

200 2192 264 2225 349
289 2190 450 2234 periculo
472 2190 508 2225 B
600 2190 707 2226 fidem
732 2203 769 2227 ς.·
792 2191 873 2226 uice
896 2190 1003 2226 fidem
1020 2191 1103 2233 BD,
1128 2192 1245 2226 uicem
1269 2191 1375 2226 fidem
1393 2190 1429 2225 E
1436 2190 1469 2225 V
1559 2194 1623 2226 350
1641 2201 1679 2225 se
1700 2190 1751 2225 B.-

87 2256 165 2281 sese
189 2245 301 2280 DVE
402 2247 610 2282 beniuolum
636 2247 671 2282 B
775 2249 836 2282 351
864 2248 973 2283 istum
1080 2250 1182 2294 aesty
1205 2250 1340 2283 matum
1364 2247 1400 2282 B
1497 2249 1562 2282 352
1586 2246 1753 2292 intelleqe

84 2298 193 2337 ‘eum’
220 2302 490 2342 (Lachmannus
506 2303 556 2337 ad
570 2303 676 2338 Lacr.
698 2304 758 2348 64)
852 2306 917 2339 355
935 2304 1065 2348 ferant,
1083 2315 1176 2339 corr.
1194 2303 1447 2339 Fleckeisenus
1539 2306 1602 2338 357
1626 2303 1751 2338 collari

86 2357 221 2393 Donati
251 2357 305 2400 (G.
331 2359 372 2393 L.
399 2360 440 2402 3,
472 2360 558 2401 393)
591 2359 798 2395 Leidensis:
828 2361 976 2396 collaria
1011 2361 1105 2401 (item
1138 2361 1276 2396 Donati
1307 2361 1567 2400 Santenianus,
1604 2360 1750 2395 collario

87 2412 289 2458 Parisinus)
389 2418 453 2450 358
479 2415 650 2461 Tyndaro
674 2417 923 2458 continuatur,
954 2428 1049 2452 corr.
1077 2417 1306 2452 Camerarius
1452 2417 1503 2462 cf.
1528 2415 1629 2451 Pers.
1658 2417 1680 2450 6
1686 2417 1729 2451 75
1736 2429 1751 2458 ;

88 2469 136 2504 ad
157 2470 284 2517 Amph.
310 2471 387 2506 442
503 2475 567 2506 359
591 2473 679 2508 illim
704 2473 755 2507 B¹
870 2473 967 2508 illom
992 2473 1027 2508 B
1139 2474 1356 2518 demonstra,
1380 2485 1476 2509 corr.
1503 2472 1730 2508 Camerarius
1737 2485 1752 2514 ;

88 2526 137 2571 cf.
160 2525 237 2562 Mil.
267 2528 345 2562 256
437 2530 497 2563 361
526 2539 640 2564 novae
669 2539 823 2564 scaenae
845 2529 1059 2575 inscriptum
1091 2530 1212 2565 HEGIO
1237 2541 1354 2565 smmx
1380 2539 1632 2565 PHILOORATES
1655 2539 1747 2564 Ano-

86 2593 241 2618 Lnscnus
271 2594 463 2619 TYNDARVS
488 2595 622 2620 SERVVS
649 2585 727 2620 BV
726 2584 771 2626 E,
800 2590 893 2630 spat.
920 2585 953 2620 D
1082 2586 1150 2620 HE.
1176 2586 1248 2621 B2:
1272 2587 1353 2621 Tm
1386 2585 1454 2620 VE
1586 2585 1676 2620 mihi
1698 2584 1751 2620 B²

87 2637 125 2672 in
140 2648 211 2672 ras.
220 2650 233 2672 :
255 2649 332 2675 meo
350 2639 465 2675 DVE
552 2643 617 2676 364
640 2641 726 2676 huic
750 2641 834 2676 dedi
850 2644 1089 2677 aestumatum
1114 2642 1280 2684 Botlzz‘us,
1305 2642 1354 2687 cs?
1373 2641 1422 2677 ad
1437 2640 1563 2687 Amph.
1586 2642 1661 2676 702

88 2695 152 2727 366
183 2693 359 2739 Heqionis
381 2700 468 2731 nota
492 2700 576 2732 ante
599 2697 750 2732 mutatio
776 2697 868 2732 B¹V
874 2697 922 2732 1Ε
1024 2700 1088 2733 368
1113 2701 1266 2742 utroque
1290 2709 1438 2733 uorsum
1470 2701 1625 2733 testatur
1648 2696 1749 2733 Pris-

87 2749 213 2783 cianus
235 2751 273 2791 2,
302 2752 346 2785 75
434 2754 499 2787 369
525 2755 564 2788 at
585 2755 622 2788 te
648 2752 742 2787 B¹V
830 2756 939 2798 atque
964 2754 1011 2789 ad
1044 2753 1127 2787 VE:
1156 2757 1263 2798 atque
1289 2753 1359 2788 BD
1451 2756 1515 2788 370
1543 2753 1748 2798 impeabitis

96 2804 165 2839 VE
261 2809 321 2841 371
351 2807 419 2842 tibi
441 2807 715 2844 Fleckez‘senas:
747 2810 814 2845 tibi
839 2820 883 2845 ea
986 2812 1052 2844 372
1085 2813 1126 2845 ut
1149 2810 1276 2855 <eam>
1299 2809 1501 2846 Schoellius
1604 2813 1668 2845 373
1697 2810 1747 2857 cf,

86 2859 163 2895 Mil.
187 2861 287 2896 1425
376 2865 439 2897 375
463 2867 632 2908 parentes
656 2875 754 2900 meos
778 2866 876 2900 hunc
903 2865 936 2899 Β
1407 2913 1476 2948 13*
