1998 3179
106 91 121 118 1
140 91 167 124 2,
179 91 282 119 51—67
789 86 1092 124 MENAECHMI
1688 83 1769 121 389

109 205 225 245 ΜΕΝ.
275 202 475 250 Quidum?
533 203 637 243 PEN.
687 202 744 242 Ne
774 209 812 241 te
841 214 941 241 uxor
970 207 1170 253 sequatur,
1201 205 1399 252 respectas
1429 199 1655 238 identidem.

107 272 225 312 ΜΕΝ.
247 270 323 310 Sed
340 271 432 322 quid
450 269 533 310 ais?
563 271 668 310 PEN.
690 268 856 320 Egone?
886 269 924 308 id
941 269 1046 308 enim
1063 269 1167 320 quod
1182 275 1224 308 tu
1240 268 1310 314 vis,
1327 268 1364 306 id
1382 267 1442 306 aio
1458 273 1574 318 atque
1595 267 1631 306 id
1655 278 1770 318 nego.

106 339 222 380 ΜΕΝ.
273 338 423 390 Ecquid
453 345 494 377 tu
526 338 574 377 de
605 338 725 377 odore
755 338 894 389 possis,
925 337 957 376 si
988 336 1080 388 quid
1111 337 1212 376 forte
1243 335 1433 382 olfeceris‚

106 408 234 446 facere
264 407 532 445 coniecturam
595 420 616 442 ,κ
677 403 696 444 Ῠ
1028 419 1049 442 a<

107 475 241 524 (PEN.)
402 488 424 511 κε
697 478 854 524 captum
886 471 936 511 sit
965 471 1189 523 collegium.
1783 472 1838 505 165

106 553 222 593 ΜΕΝ.
258 552 434 603 Agedum
460 551 624 590 odorare
645 551 746 590 hanc
763 562 878 601 quam
902 562 974 600 ego
992 549 1116 588 haheo
1134 549 1288 600 pallam.
1325 548 1418 599 quid
1440 546 1546 587 olet?
1568 545 1769 600 apstines?

104 621 210 662 PEN.
260 621 462 660 Summum
494 619 678 659 olfactare
709 624 866 669 oportet
895 617 1170 656 vestimentum
1200 616 1404 663 muliebre,

107 700 198 727 nam
228 699 273 727 ex
304 687 402 726 istoc
433 687 521 725 loco
552 692 762 737 spurcatur
791 697 930 724 nasum
962 685 1082 724 odore
1112 694 1137 726 -1-
1163 684 1348 723 inlucido.

107 756 223 795 ΜΕΝ.
275 755 423 794 Olfacta
453 754 572 805 igitur
601 754 708 801 hinc,
738 753 936 792 Penicule.
995 752 1123 803 lepide
1154 758 1198 791 ut
1228 752 1386 791 fastidis.
1444 751 1548 791 Pm.
1599 750 1731 789 Decet.

106 823 222 863 ΜΕΝ.
254 822 354 868 Quid
373 820 520 873 igitur?
542 822 632 873 quid
645 820 753 860 olet?
775 821 982 872 responde.
1024 821 1128 860 PEN.
1155 819 1530 866 Furtum,s‹:0rtum‚
1550 818 1768 869 prandium.
1783 820 1838 853 170

105 890 174 930 tihi
204 891 318 938 fuant

107 958 295 1005 elocutus,
328 970 416 996 naui

108 1038 215 1065 nunc
247 1026 294 1064 ad
325 1026 484 1065 amicam
518 1025 714 1064 deferetur
746 1025 847 1064 hanc
876 1024 1126 1064 meretricem
1157 1023 1347 1062 Erotium.

106 1093 215 1141 mihi,
246 1093 316 1132 tibi
346 1100 464 1144 atque
495 1093 547 1132 illi
578 1092 721 1132 iubebo
752 1093 827 1131 iam
858 1092 1034 1143 adparari
1065 1091 1286 1143 prandium.
1344 1090 1448 1130 PEN.
1499 1089 1571 1128 Eu.

106 1161 223 1201 ΜΕΝ.
275 1160 369 1200 Inde
402 1173 526 1212 usque
556 1161 602 1200 ad
633 1161 812 1200 diurnam
843 1160 991 1200 stellam
1014 1161 1223 1199 crastinam
1250 1158 1483 1211 potabimus.
1542 1158 1645 1196 PEN.
1697 1155 1838 1202 Eu‚175

109 1228 288 1280 expedite
318 1228 535 1268 fabulatu's.
594 1229 669 1267 iam
702 1230 805 1267 sores
836 1227 963 1267 serio?
1021 1228 1136 1267 ΜΕΝ.
1186 1227 1287 1266 Feri.

106 1296 166 1335 vel
197 1308 310 1335 mane
341 1296 468 1341 etiam.
526 1297 631 1336 PEN.
681 1296 783 1334 Mille
814 1308 969 1347 passum
1001 1281 1277 1334 commoratu’s
1307 1294 1550 1333 cantharum.

107 1363 223 1403 ΜΕΝ.
275 1362 428 1402 Placide
461 1363 580 1415 pulta.
639 1363 743 1403 PEN.
794 1363 946 1410 Metuis,
978 1364 1108 1407 credo,
1142 1375 1191 1401 ne
1222 1364 1325 1401 fores
1356 1362 1505 1401 Samiae
1536 1360 1651 1399 sient.

107 1430 224 1470 ΜΕΝ.
273 1430 399 1477 Mane,
421 1443 535 1470 mane
558 1431 722 1470 obsecro
744 1431 894 1470 hercle:
918 1443 1032 1483 eapse
1054 1443 1185 1469 eccam
1207 1430 1295 1469 exit.
1338 1430 1401 1477 oh,
1423 1429 1544 1468 solem
1566 1427 1670 1466 vides
1702 1427 1839 1464 179.180

112 1499 209 1538 satin
245 1504 285 1536 ut
316 1504 560 1538 occaecatust
593 1510 686 1549 prae
716 1498 832 1537 huius
862 1498 1039 1550 corporis
1070 1495 1334 1537 candoribus?

224 1668 285 1699 162
311 1665 365 1701 ais
388 1666 441 1700 A:
466 1665 542 1710 agis
567 1664 601 1699 P
713 1670 807 1712 spat.
834 1669 917 1700 ante
940 1676 1075 1710 egon—
1101 1676 1168 1700 om.
1195 1667 1224 1699 A
1341 1666 1401 1700 ato
1423 1663 1483 1705 B‘,
1510 1664 1595 1698 dato
1622 1661 1682 1697 CD

106 1733 199 1766 nega
223 1721 339 1757 B¹CD
457 1723 518 1756 163
543 1722 671 1766 ecquid
696 1725 744 1757 A:
771 1723 838 1757 hec
863 1723 965 1764 (haec
991 1721 1037 1759 B)
1062 1721 1148 1766 quid
1173 1720 1208 1754 P
1310 1724 1386 1756 164.
1414 1722 1476 1755 165
1501 1720 1554 1755 sic·
1578 1719 1628 1754 P:
1651 1718 1773 1754 facere

109 1778 353 1814 coniecturam
377 1781 524 1822 captum
548 1778 596 1813 sit
625 1779 831 1823 collegium,
861 1778 932 1813 duo
962 1788 1085 1813 versus
1116 1779 1153 1813 in
1177 1779 1230 1813 Α.·
1261 1777 1382 1813 facere
1411 1776 1630 1819 coiecturam
1656 1785 1737 1818 cum
1761 1774 1773 1817 i

107 1855 151 1859 —
172 1837 177 1878 Ι
199 1834 281 1880 cupi
298 1861 306 1869 .
325 1845 341 1869 s
360 1860 368 1868 .
388 1860 396 1868 .
414 1834 562 1879 asu.ius
581 1836 703 1878 coniec
721 1855 782 1878 —-‚
809 1838 848 1870 ut
872 1834 1117 1870 coniectorum
1143 1837 1288 1878 captum
1314 1845 1340 1869 s.
1361 1844 1390 1868 0.
1417 1833 1591 1868 clauserit
1607 1829 1775 1866 Penieuli

107 1901 322 1938 responsum
345 1891 471 1936 potius
486 1901 594 1936 quam
612 1894 758 1936 captum
784 1901 811 1926 s.
831 1901 861 1926 c.
880 1890 1066 1936 inceperit.
1109 1889 1247 1926 dixisse
1271 1901 1350 1925 eum
1376 1889 1528 1930 conicio,
1553 1891 1656 1923 cocta
1680 1897 1773 1930 quae

107 1948 179 1981 sint
203 1957 242 1981 se
265 1948 398 1982 certius
428 1957 537 1992 quam
567 1948 787 1982 coniectores
819 1956 1018 1993 aqnoscere
1108 1945 1161 1992 cf.
1186 1947 1285 1981 Asin.
1315 1947 1391 1981 878
1417 1945 1517 1981 Cure.
1540 1945 1618 1979 246
1629 1954 1681 1989 sq.

112 2006 172 2037 167
205 2005 348 2048 oportet
380 2002 554 2038 olfactare
580 2001 729 2038 Guietus
849 2005 908 2038 168
938 2013 1021 2038 nam
1052 2012 1099 2037 ex
1130 2003 1222 2038 istoc
1248 2002 1361 2038 ACD:
1393 2012 1475 2036 nam
1504 2001 1596 2036 istoc
1621 2000 1674 2041 B,
1703 2009 1772 2035 nec

107 2060 177 2095 isto
203 2059 344 2094 Nonius
369 2059 443 2093 394
533 2069 661 2095 nasum
687 2059 798 2095 odore
822 2059 874 2094 Β2
895 2059 1054 2095 Nonius:
1078 2069 1205 2094 nasum
1229 2059 1368 2094 modori
1396 2057 1509 2094 B¹CD
1600 2056 1771 2092 inlutibili

107 2115 268 2158 Nonius,
297 2115 431 2151 injutili
459 2115 700 2157 Βίίεοήεἰὶιιε,
731 2115 876 2152 mucido
910 2115 1050 2152 Colvz'us
1145 2118 1207 2151 169
1239 2116 1375 2151 olfacta
1398 2117 1450 2150 A:
1482 2114 1620 2149 difacta
1650 2112 1685 2147 P

107 2171 146 2206 P.
174 2182 242 2206 om.
339 2175 413 2207 171.
441 2174 504 2206 172
530 2175 669 2207 tantum
685 2173 722 2206 in
739 2173 771 2207 A
787 2176 931 2208 servata
948 2172 1053 2207 leaeo:
1077 2173 1144 2208 tibi
1161 2172 1249 2216 fuan
1266 2172 1352 2214 (sive
1367 2171 1458 2215 fuat,
1482 2171 1645 2205 ucetiam
1665 2174 1772 2204 cesla-

109 2232 169 2263 ται·
185 2227 363 2270 Loemz‘us)
386 2247 431 2254 —
457 2239 549 2274 aequ
574 2231 658 2274 (nqu
677 2233 700 2264 t.
719 2228 878 2272 Loewio)
894 2249 940 2255 —
967 2231 969 2272 l
998 2229 1164 2264 elocutus
1188 2240 1273 2273 nam
1288 2248 1334 2254 —
1350 2227 1491 2269 (deinde
1508 2238 1532 2262 u
1551 2231 1573 2262 t.
1592 2226 1773 2268 [Μηνίου

109 2294 265 2330 quorum
290 2285 501 2320 sententiam
526 2290 682 2332 apparet
705 2285 799 2320 hanc
821 2286 957 2330 fuisse:
980 2285 1047 2321 tibi
1071 2285 1151 2321 fuat
1173 2286 1330 2330 mihique
1357 2285 1451 2329 quod
1476 2283 1559 2327 olet,
1584 2293 1650 2327 age
1666 2291 1772 2327 pare-

109 2351 189 2376 mus
212 2340 416 2385 prandium.
466 2342 516 2377 M.
541 2342 726 2378 elocutu’s.
752 2353 906 2387 namque
931 2342 1036 2378 uxori
1060 2353 1124 2387 ego
1149 2344 1243 2378 hanc
1268 2341 1438 2386 surrupui
1468 2339 1688 2379 clanculum,
1719 2337 1771 2382 cf.

109 2395 311 2432 Schoellius
406 2401 444 2433 17
450 2400 468 2432 3
493 2398 566 2433 ME.
581 2409 719 2444 praem.
738 2398 774 2434 B
870 2401 933 2434 174
957 2409 1002 2434 eu
1017 2399 1095 2434 sine
1105 2409 1204 2444 pers.
1222 2409 1279 2444 sp.
1297 2400 1346 2433 A:
1372 2408 1439 2432 om.
1458 2395 1491 2430 P
1584 2398 1645 2430 175
1672 2393 1771 2428 diur-

109 2463 195 2488 num
220 2452 256 2487 P
344 2455 549 2499 potabimus
566 2454 618 2489 P:
642 2458 834 2502 potaumus
859 2466 904 2490 eu
928 2455 1030 2500 (fort.
1055 2465 1169 2501 snpra
1186 2456 1346 2501 primam
1367 2465 1392 2488 u
1409 2465 1432 2488 a
1449 2463 1543 2488 corr.
1570 2450 1653 2486 add.
1679 2450 1704 2492 i)
1729 2450 1771 2490 A,

110 2510 171 2545 ube·
194 2511 391 2556 poterimus
416 2521 462 2546 eu
487 2511 575 2557 leyit
599 2511 788 2553 Loewius;
817 2522 862 2547 eu
894 2512 932 2546 in
955 2523 1009 2557 sq.
1036 2522 1066 2546 v.
1089 2512 1214 2557 posuit
1240 2511 1397 2546 Bre‘aez'us
1515 2510 1576 2542 176
1600 2506 1691 2542 ferio
1716 2506 1771 2541 fo-

109 2576 167 2608 res
183 2567 216 2602 A
310 2570 486 2602 177—192
508 2579 630 2614 pauca
656 2573 792 2603 tautum
809 2568 846 2602 in
861 2567 1125 2614 posterioribus
1150 2578 1323 2603 versuum.
1331 2565 1502 2612 partibus
1519 2564 1548 2599 A
1644 2566 1704 2597 177
1731 2562 1771 2597 P.

111 2621 317 2657 Aeiclalius:
341 2633 408 2658 om.
529 2626 590 2659 178
615 2624 731 2659 scient
754 2622 790 2658 P
904 2627 979 2658 179.
1008 2626 1069 2658 180
1095 2634 1203 2668 eapse
1228 2622 1432 2658 Acidale‘ns:
1457 2621 1503 2656 ab
1527 2630 1566 2654 se
1673 2629 1771 2660 ecca,

112 2687 207 2712 corr.
233 2677 388 2714 Bothius
479 2681 525 2715 oh
554 2680 633 2716 CD:
666 2681 730 2715 PE.
755 2681 802 2715 oh
829 2680 863 2715 B
954 2680 1054 2716 vides
1078 2680 1121 2722 P,
1146 2681 1228 2716 item
1252 2681 1283 2714 A
1310 2683 1332 2713 t.
1357 2678 1502 2714 Loemae'o
1527 2676 1601 2722 (yid
1625 2695 1669 2701 —
1692 2674 1771 2719 SA),

110 2733 191 2768 vide
214 2733 412 2770 Acidalius.
459 2747 482 2770 a
505 2735 679 2771 similibus
704 2736 805 2778 loeis,
829 2739 869 2771 ut
895 2734 926 2769 T
923 2746 997 2771 rue.
1021 2737 1094 2771 353
1120 2736 1231 2771 Stich.
1249 2736 1339 2777 270,
1364 2746 1405 2770 eo
1430 2733 1553 2780 differt
1578 2732 1676 2779 quod
1697 2743 1772 2767 non

115 2788 282 2825 Erotium
312 2789 377 2825 sed
405 2791 521 2836 ipsum
552 2792 662 2826 solem
692 2792 861 2837 clesiqnat
975 2798 1059 2827 ante
1091 2791 1186 2827 lame
1215 2802 1355 2827 versum
1385 2791 1480 2826 alius
1510 2790 1655 2826 Loewio
1679 2789 1717 2824 in
1740 2790 1772 2824 A

112 2851 242 2881 extare
264 2846 362 2882 visus
385 2851 437 2883 est
460 2847 504 2882 ab
529 2847 595 2882 f-
620 2848 796 2894 incipiens
907 2851 965 2883 181
994 2848 1114 2884 santin
1139 2848 1173 2883 B
1266 2850 1471 2891 occecatus,
1495 2857 1589 2882 corr.
1617 2845 1773 2892 Pylades
